4014 6312
252 391 313 456 335
878 387 1053 451 ΗΟΝΟΒῙΙ
1075 387 1120 448 111
1142 387 1290 448 OPERA.
1843 393 1893 454 836

254 553 357 616 tatem
370 566 555 630 aggravare
568 565 667 629 super
682 551 724 613 iis
737 552 770 614 et
784 549 861 614 aliis
876 567 942 613 non
959 566 1051 629 prae-
1106 563 1192 618 mus,
1207 552 1306 628 atque
1323 548 1551 627 praecipimus,
1567 550 1731 627 quatenus
1744 549 1832 624 illos,
1846 553 1897 629 qui

256 651 407 722 sumant,
437 665 499 712 nec
527 649 700 728 imponant
731 651 861 727 aliquas
887 649 1051 712 indebitas
1106 648 1346 725 possessiones,
1366 647 1419 710 vel
1436 663 1502 719 res,
1520 663 1579 710 seu
1596 647 1709 710 domos
1723 649 1897 726 praedicto-

255 749 447 812 exaotioues
474 747 614 820 eisdem,
645 749 807 810 moneatis
836 749 993 810 attentius
1019 749 1051 810 et
1106 761 1179 806 rum
1194 743 1347 818 fratrum,
1363 745 1416 807 vel
1431 744 1602 806 hominum
1622 761 1759 807 suorum
1777 745 1900 808 irrere-

254 847 434 909 efficaciter
456 846 634 918 inducatis,
658 847 749 923 ipsos
773 845 813 907 ad
835 846 910 918 hoc,
934 845 963 906 si
986 861 1050 906 ne·
1106 843 1423 915 renterinvaserint,
1434 845 1492 905 aut
1503 844 1674 922 eaanuste
1687 843 1897 918 detinuerint,

254 959 347 1006 cesse
368 943 482 1016 fuerit,
500 943 707 1005 districtione
722 959 795 1021 qnae
814 943 980 1015 convenit,
996 959 1053 1020 ap·
1104 957 1178 1019 quae
1193 942 1361 1019 praedictis
1376 941 1534 1004 fratribus
1550 959 1593 1006 ex
1612 943 1813 1005 testamento
1836 943 1893 1004 de-

255 1041 435 1120 pellatione
449 1042 643 1120 postposita,
658 1042 892 1118 compellentes
910 1041 1053 1118 praedio-
1107 1040 1292 1102 oedentium
1314 1041 1559 1118 relinquuntur,
1580 1057 1640 1104 seu
1659 1041 1695 1102 in
1714 1041 1808 1119 ipsos
1830 1040 1898 1103 fra-

254 1141 324 1202 tum
337 1139 535 1204 Noviomen.
550 1141 742 1218 episcopum
756 1140 797 1201 ad
812 1139 1051 1201 restituendam
1105 1139 1175 1201 tres
1197 1141 1313 1202 contra
1333 1139 1532 1217 Apostolicae
1557 1139 1652 1200 Sedis
1673 1139 1804 1201 indulta
1828 1155 1900 1200 sen-

255 1238 402 1315 praedam
418 1238 578 1312 eamdem,
600 1239 633 1300 et
652 1237 886 1300 satisfaciendo
906 1252 1051 1314 congrue
1105 1237 1244 1300 tentiam
1264 1237 1634 1311 excommunicationis,
1657 1238 1715 1300 aut
1736 1237 1899 1300 interdicti

255 1336 296 1398 de
318 1337 449 1397 damnis
471 1339 504 1398 et
523 1337 657 1414 injuriis
679 1335 895 1414 conquerenti
920 1335 1053 1397 distric-
1106 1336 1380 1414 praesumpserint
1392 1335 1613 1413 promulgare,
1629 1335 1682 1398 rel
1699 1335 1847 1398 decimas
1859 1335 1900 1396 la-

205 1479 209 1490 .
254 1434 347 1496 tione
358 1432 460 1496 simili
471 1433 1051 1510 veritatecognitacoercendo.Quod
1105 1432 1223 1494 borum
1238 1434 1279 1495 de
1298 1433 1397 1495 terris
1417 1432 1542 1496 habitis
1556 1433 1634 1496 ante
1648 1433 1835 1494 Concilium
1851 1449 1899 1508 ge

256 1531 286 1593 si
302 1548 369 1592 non
384 1547 509 1606 omnes
526 1533 602 1606 eto,
619 1533 685 1594 duo
699 1534 857 1604 vestrum,
874 1534 937 1594 etc.
1107 1531 1232 1604 nerale,
1252 1547 1311 1592 seu
1326 1532 1604 1594 nutrimentorum
1618 1532 1769 1608 ipsorum
1784 1530 1897 1608 spretis

296 1630 414 1690 Datum
436 1630 604 1703 Laterani,
627 1633 718 1692 XVll
736 1629 898 1692 kalendas
922 1628 1050 1708 aprilis,
1106 1631 1306 1709 Apostolicee
1315 1630 1409 1692 Sedis
1417 1629 1603 1708 privilegiis
1614 1631 1825 1708 extorquere,
1838 1645 1898 1690 mo

256 1728 468 1806 pontificatus
484 1729 590 1792 nostri
604 1745 692 1790 anno
711 1730 831 1808 primo.
1107 1728 1234 1790 nitione
1255 1729 1439 1808 praemissa,
1461 1729 1490 1790 si
1513 1727 1592 1790 laici
1613 1727 1749 1801 fuerint,
1770 1727 1896 1804 publice

1108 1825 1255 1888 candelis
1275 1827 1439 1900 accensis,
1456 1826 1810 1889 excommunicationis
1826 1843 1898 1886 sen·

536 1944 761 2033 GCLXXHI
1000 1985 1008 1998 ‚
1106 1925 1212 1988 tentia
1231 1925 1432 2003 percellatis.
1450 1925 1485 1986 si
1504 1941 1583 1987 vero
1598 1924 1712 1987 clerici
1730 1924 1784 1986 vel
1802 1939 1898 1985 cano-

1107 2023 1175 2085 nici
1200 2024 1389 2099 regulares,
1415 2039 1474 2086 seu
1500 2023 1655 2086 monachi
1678 2021 1820 2094 fuerint,
1844 2038 1896 2083 eos

256 2107 309 2168 Ad
334 2107 527 2182 &littidum
554 2109 797 2184 moliminum
825 2111 1054 2186 ανθῖὶῑθῖὶίῖθθ-
1107 2122 1329 2198 appellatione
1350 2124 1477 2184 remota
1496 2121 1537 2183 ab
1557 2121 1665 2184 cilicio
1687 2121 1720 2184 et
1740 2120 1897 2182 beneficio

385 2219 489 2278 ptam,
514 2205 548 2266 θί
570 2205 812 2282 maffragancos
832 2209 918 2279 illl-f·
1108 2220 1336 2298 suspendatis;
1367 2223 1519 2281 neutram
1545 2219 1729 2280 relaxaturi
1764 2220 1897 2279 senten·
1988 2288 1989 2292 Ἰ

541 2356 575 2413 43
589 2363 672 2414 mm
690 2357 768 2416 1217.
1107 2319 1203 2390 tiam,
1233 2317 1337 2380 donec
1363 2317 1532 2396 praedictis
1562 2315 1720 2379 fratribus
1753 2316 1897 2393 plenaria

1108 2415 1325 2488 satisfaciant,
1338 2416 1371 2477 et
1380 2417 1447 2477 tam
1460 2415 1539 2478 laici
1552 2431 1650 2493 quam
1665 2413 1779 2476 clerici
1795 2429 1899 2474 saecu-

1108 2513 1207 2587 lares,
1231 2514 1287 2592 qui
1306 2529 1366 2592 pro
1380 2514 1527 2576 violenta
1548 2528 1706 2574 manuum
1723 2511 1899 2590 injectione

1107 2613 1328 2676 anathematis
1348 2611 1481 2674 vinculo
1504 2611 1628 2672 fuerint
1649 2609 1810 2682 innodati,
1827 2626 1900 2670 cum

257 2459 375 2524 [Bouzeis.
384 2460 467 2512 Codex
478 2461 657 2526 diplomaticus
667 2463 794 2523 lloraviae,
806 2471 826 2514 t.
835 2464 866 2524 11,
875 2481 900 2531 p.
911 2465 952 2525 9l,
963 2481 989 2516 n.
1000 2465 1052 2532 re]

258 2577 401 2637 Honorius
415 2578 493 2651 Papa
509 2581 549 2636 lll
565 2579 681 2636 mandat
698 2579 914 2656 archiepiscopo
928 2583 1051 2658 lingun-

292 2665 369 2736 tino,
391 2673 422 2723 ut
441 2668 646 2726 monasterium
667 2669 891 2729 Welehradense
915 2671 1052 2732 adversus

291 2753 502 2828 qufaeqatofe,
516 2763 639 2813 mem
1107 2710 1287 2772 dioecesani
1302 2709 1449 2787 episcopi
1464 2708 1586 2771 litteris
1605 2708 1647 2770 ad
1664 2707 1782 2770 sedem
1795 2711 1901 2784 Apos-

1105 2807 1239 2870 tolioam
1262 2808 1434 2870 venientes
1460 2807 1504 2868 ab
1529 2806 1645 2868 eodem
1671 2805 1809 2868 viuculo
1831 2821 1902 2866 me-

297 2889 466 2950 Honorius
497 2889 690 2968 episcopus,
725 2907 842 2956 Servus
879 2911 1051 2958 servorum
1106 2907 1243 2970 reantur
1252 2905 1391 2967 absolvi.
1403 2905 1627 2968 Villasautem
1638 2904 1673 2964 in
1683 2903 1804 2980 quibus
1814 2901 1900 2963 bona

258 2987 329 3059 Dei,
345 2986 590 3049 venerabilibus
609 2987 766 3052 fratribus
782 2993 975 3068 Moguntino
990 3011 1050 3056 ar·
1105 3003 1337 3080 praedictorum
1365 3001 1525 3074 fratrum,
1549 3000 1602 3063 vel
1624 2999 1796 3064 hominum
1822 3015 1901 3060 suo.

257 3084 469 3163 chiepiscopo
490 3086 523 3148 et
541 3085 763 3163 suffraganeis
782 3092 855 3167 ejus
874 3091 907 3152 ei
920 3091 1050 3156 dilectis
1105 3117 1179 3162 rum
1195 3116 1255 3178 per
1272 3100 1467 3162 violentiam
1486 3096 1619 3162 detenta
1641 3097 1775 3171 suerint,
1789 3113 1900 3175 quam-

256 3181 335 3248 onis
359 3182 542 3258 abhatibus,
564 3185 741 3262 prioribus,
765 3187 911 3261 decanis,
937 3191 1051 3252 arom-
1104 3198 1162 3260 nu
1184 3198 1231 3260 nn
1251 3199 1338 3272 sunl,
1357 3197 1527 3260 annunti
1544 3197 1716 3260 sentenaae
1732 3211 1901 3274 suppona-

256 3279 405 3341 diaconis
427 3281 460 3346 et
481 3281 557 3343 aliis
581 3282 798 3346 ecclesiarum
821 3286 969 3362 praelatis
991 3305 1050 3365 per
1103 3297 1157 3358 fis,
1192 3297 1311 3360 Datum
1344 3296 1520 3368 Laterani,
1561 3297 1621 3356 xv
1660 3295 1728 3356 kal,
1760 3293 1897 3372 aprilis,

255 3377 485 3454 Moguniinam
504 3379 711 3456 provinciam
733 3383 931 3458 constitutis
953 3385 1049 3447 salu·-
1103 3395 1314 3473 pontificatus
1328 3395 1434 3458 nostri
1448 3409 1536 3456 anno
1551 3393 1670 3471 primo.

255 3476 322 3538 tem
337 3476 370 3537 et
383 3477 606 3553 Apostolicam
620 3477 895 3542 benedictionem.

295 3573 370 3634 Non
383 3572 507 3651 absque
522 3573 636 3636 dolore
649 3577 758 3639 cordis
773 3579 807 3640 et
820 3578 963 3655 plurima
976 3583 1050 3644 tnr-

253 3656 387 3734 batio'ne
413 3670 606 3746 didicimus,
635 3675 721 3753 quod
747 3675 794 3738 ita
818 3677 855 3739 in
881 3677 1047 3757 plerisque
1376 3625 1596 3716 CCLXXW

253 3768 404 3846 partibus
425 3768 652 3834 ecclesiastica
671 3788 812 3835 censura
835 3774 1044 3850 dissolvitur,

253 3867 470 3928 et'cauonicae
486 3869 657 3932 sententie
674 3872 835 3934 severitas
856 3877 1044 3949 enervatur,

253 3963 290 4026 ut
300 3963 367 4025 viri
381 3965 541 4041 religiosi,
556 3967 589 4028 et
601 3966 626 4028 ii
640 3968 862 4047 maxime,qui
877 3988 937 4048 per
951 3973 1046 4034 Sedis
1384 4010 1418 4068 43
1433 4015 1515 4067 mm
1533 4008 1612 4067 lili.

251 4061 451 4170 apostolice
476 4062 652 4171 privilegia
683 4067 818 4176 majori·
831 4067 950 4180 donati·
970 4071 1047 4180 suut
1142 4119 1250 4183 [aegest.
1264 4115 1311 4168 lib.
1322 4117 1342 4178 Ι,
1357 4116 1431 4180 epist.
1442 4115 1499 4166 Μ
1512 4115 1571 4166 „a
1582 4115 1704 4166 mom
1716 4113 1751 4165 du
1765 4113 1856 4175 mu·

252 4157 416 4231 libertate,
437 4173 563 4236 paasrm
577 4176 599 4221 a
615 4160 883 4226 malefactoribus
901 4183 971 4227 suls
987 4183 1045 4229 ιιι-

248 4269 358 4364 ]Ψῶ
373 4257 569 4365 εηῗῂῃθᾶῃῐ’
584 4257 775 4368 ⁰t,¹'²fpi¹¹³⁸’
789 4260 866 4371 dum
879 4261 937 4323 m
951 4263 1047 4326 inve*
1100 4299 1284 4374 llecipiuntnr
1305 4299 1358 4358 sub
1379 4299 1555 4372 protectione
1573 4301 1605 4357 B.
1629 4297 1704 4356 Petri
1716 4313 1783 4356 cum
1802 4311 1894 4356 annuo

251 4351 353 4424 mtur,
370 4369 427 4430 qur
448 4368 595 4430 congrua
615 4354 683 4418 rll1s
702 4358 906 4433 protectione
924 4361 1047 4426 subve-
1254 4403 1343 4446 gem„
1359 4387 1479 4449 quarum
1495 4401 1656 4450 mascarum
1671 4386 1743 4444 auri,

251 4449 333 4522 niet,
352 4452 386 4514 et
398 4460 459 4530 pro
477 4450 618 4514 fovenda
638 4469 821 4532 pauperum
841 4458 1043 4535 innocentia,

252 4565 288 4610 se
307 4565 438 4610 murum
453 4549 657 4612 defensionis
677 4556 838 4632 opponat;
856 4559 1046 4634 specialiter
1139 4559 1319 4632 Honorius,
1345 4559 1423 4632 etc„
1447 4557 1577 4620 dilectis
1597 4557 1687 4630 filiis,
1704 4555 1893 4620 consulibus

250 4648 361 4709 autem
387 4647 498 4710 dilecti
531 4649 593 4710 filii
623 4649 725 4712 abbas
751 4654 785 4716 et
811 4653 931 4716 fratres
960 4659 1044 4719 We·
1099 4657 1264 4736 etpopulo
1280 4657 1401 4720 Montis
1415 4655 1587 4720 Pessulau.

250 4743 474 4819 lehradenses,
494 4745 724 4811 Cisterciensis
744 4751 883 4824 ordinis,
901 4756 1044 4816 Holmu-
1138 4755 1242 4819 Justis
1275 4754 1466 4832 petentium,
1493 4753 1568 4826 eto,
1593 4767 1701 4828 cuque
1742 4767 1889 4814 assensu.

251 4844 361 4903 censis
387 4842 551 4918 dioecesis,
572 4849 641 4907 tam
667 4847 707 4909 de
731 4847 957 4926 frequentibus
986 4852 1043 4914 in·
1098 4853 1146 4914 Ad
1173 4853 1344 4929 exemplar
1379 4852 1487 4912 felicis
1511 4852 1681 4914 memoriae
1711 4847 1892 4914 Innocentii

244 4939 346 5017 juriis
380 4956 478 5017 quam
512 4942 553 5003 de
586 4943 658 5019 ipso
688 4946 881 5022 quotidiano
914 4949 1044 5012 defectu
1098 4966 1192 5028 papae
1203 4950 1458 5027 praedecessoris
1470 4949 1588 5019 nostri,
1599 4949 1890 5027 personasrestras

243 5036 385 5114 justitiae
406 5040 667 5115 conquaerentes,
693 5043 943 5108 universitatem
966 5064 1044 5109 res-
1098 5048 1132 5110 et
1148 5049 1272 5112 terram
1291 5048 1399 5126 ipsam
1412 5063 1485 5110 cum
1500 5045 1653 5108 omnibus
1666 5063 1740 5125 quaa
1756 5048 1789 5108 in
1804 5060 1890 5123 prae-

245 5136 333 5196 tram
348 5133 467 5196 litteris
483 5136 649 5212 petierunt
666 5141 865 5215 Apostolicis
886 5145 1039 5220 excitari,
1098 5146 1280 5208 sentiarum
1301 5143 1546 5207 rationabiliter
1566 5145 1756 5222 possidetis,
1778 5145 1831 5204 aut
1856 5143 1889 5202 in

246 5232 283 5294 ut
304 5233 350 5294 ita
371 5232 527 5295 videlicet
548 5237 596 5294 eis
619 5234 653 5296 in
676 5236 948 5304 tribulationibus
972 5245 1041 5306 suis
1097 5243 1243 5306 futurum
1254 5243 1354 5320 justis
1369 5242 1475 5303 modis
1491 5244 1671 5319 praestante
1681 5243 1815 5304 Domino
1828 5256 1890 5316 po-

245 5330 360 5392 contra
376 5329 607 5392 malefactores
621 5348 734 5394 eorum
749 5337 900 5414 prompta
916 5340 1040 5402 debea-
1096 5342 1204 5404 teritis
1230 5341 1381 5418 adipisci,
1408 5338 1468 5400 sub
1494 5339 1582 5401 beati
1609 5341 1701 5401 Petri
1727 5343 1760 5401 et
1778 5339 1888 5400 nostra

243 5427 286 5490 iis
302 5429 574 5504 magnanimitate
589 5445 802 5507 consurgere,
816 5435 903 5512 quod
919 5437 960 5498 ab
973 5455 1039 5499 an·
1097 5440 1299 5517 protectione
1316 5439 1526 5515 suscipimus,
1543 5439 1575 5499 et
1588 5438 1761 5513 praesentis
1776 5435 1887 5509 scripti

244 5523 374 5600 gustiis,
393 5541 475 5601 quas
495 5525 670 5595 sustinent,
693 5529 725 5590 et
745 5534 911 5607 pressuris
928 5537 1040 5597 vestro
1097 5537 1280 5614 patrocinio
1292 5535 1544 5598 communimus.
1563 5535 1612 5595 Ad
1623 5535 1810 5612 perpetuum
1824 5547 1887 5591 au-

244 5621 373 5699 possint
384 5621 540 5699 prasidio
555 5626 733 5702 respirare.
749 5629 891 5706 Ideoque
904 5631 1041 5694 univer·
1095 5635 1162 5696 tem
1186 5633 1372 5695 devotionis
1386 5631 1546 5694 indicium
1562 5631 1645 5692 duas
1660 5629 1884 5698 mancusorum,

243 5719 334 5786 uitali
349 5722 470 5783 vestra
485 5725 747 5801 pernposmnoa
763 5727 886 5802 scripta
900 5729 1042 5792 manda·
1095 5731 1229 5793 centum
1272 5722 1520 5798 massamutinis
1562 5728 1784 5808 computandis
1821 5741 1885 5802 pro

1100 3836 1153 3896 Ad
1170 3839 1324 3896 cormettes
1338 3833 1372 3896 ct
1380 3836 1547 3908 poputum
1560 3831 1690 3893 Montis
1703 3833 1894 3893 Pessutont.
