4014 6312
80 387 138 454 505
701 378 933 462 EPISTOLAE.
953 380 1030 447 mn.
1056 381 1095 447 tt.
1668 393 1727 456 500

119 547 280 608 Effectum
291 543 383 623 justa
395 536 641 622 postulantibus
653 544 828 622 indulgere
842 543 877 607 et
930 543 1078 622 quolibet
1103 559 1346 622 successorum,
1366 547 1480 612 nullus
1507 549 1552 612 ibi
1581 551 1730 630 qualibet

80 633 175 722 vigor
187 642 364 721 aequitatis,
377 641 498 704 etordo
511 641 616 719 exigit
628 642 779 706 rationis.
794 657 876 720 prae·
931 641 1155 721 subreptionis
1195 643 1317 707 astutia
1347 663 1407 708 seu
1441 648 1601 711 violentia
1641 667 1730 728 prae-

82 742 196 804 sertim
224 740 356 818 quando
391 740 573 818 petentium
607 739 812 802 voluntatem
844 739 877 800 et
931 739 1083 816 ponatur,
1098 741 1165 801 nisi
1191 757 1288 819 quem
1313 742 1433 806 tratres
1458 747 1625 808 communi
1646 763 1733 814 con-.

82 837 189 917 pietas
205 837 340 918 adjuvat
355 839 387 900 et
400 839 526 900 veritas
537 852 603 898 non
622 837 790 916 relinquit.
807 840 875 898 Ea-
933 853 1047 924 sensu,¹
1057 837 1112 900 val
1122 838 1262 900 fratrum
1273 843 1380 918 major
1390 859 1468 919 pars
1480 844 1612 904 consilii
1621 845 1730 908 sanie

82 938 227 1014 propter,
245 935 358 998 dilecti
371 935 550 997 inhomino
565 935 637 1008 dlii,
652 935 773 998 vestris
777 935 876 1012 justis
930 934 978 997 ris
998 935 1179 996 secundum
1187 939 1290 999 Deum
1306 940 1512 1015 providerint
1527 941 1727 1018 eligendum.

82 1033 360 1111 postulationibus
376 1032 556 1094 clementer
570 1033 758 1104 annuimus,
776 1033 809 1094 et
823 1032 876 1094 fe-

82 1131 158 1192 licis
171 1129 411 1192 recordationis
424 1129 607 1191 Alexandri
624 1130 657 1191 et
677 1129 771 1190 Lucii
786 1145 876 1207 prae-

82 1227 294 1290 decessorum
310 1228 500 1289 nostrorum
522 1230 746 1291 Romanorum
761 1227 879 1289 Ponti-

81 1326 181 1388 tlcum
230 1325 381 1402 vestigiis
430 1324 655 1398 inhaerentes,
706 1324 877 1402 praefatam

81 1424 257 1486 ecclesiam
284 1423 390 1485 sancti
412 1423 544 1502 Agnelli
571 1423 612 1485 de
640 1423 818 1496 (toarciae,
842 1423 877 1484 in

79 1538 147 1600 qua
166 1521 279 1584 divino
303 1521 484 1598 mancipati
513 1521 594 1584 estis
620 1521 789 1599 obsequio,
817 1519 877 1582 sub

78 1619 170 1681 beati
179 1619 280 1695 Petri,
288 1620 321 1682 et
330 1621 443 1682 nostra
452 1618 655 1696 protectione
665 1619 875 1697 suscipimus,

81 1719 115 1780 et
131 1717 306 1794 praesentis
315 1715 430 1795 scripti
440 1717 615 1794 privilegio
625 1716 876 1779 communimus.

81 1815 284 1887 statuentes
315 1817 351 1877 ut
383 1831 608 1895 quascumque
635 1815 875 1893 possessiones,

79 1927 296 1990 quacumque
315 1912 402 1974 bona
430 1913 546 1974 eadem
570 1912 713 1976 ecclesia
737 1914 771 1973 in
791 1928 880 1990 prae-

79 2010 265 2072 sentiarum
279 2011 312 2072 et
322 2012 412 2088 juste
425 1999 458 2072 et
469 2011 630 2073 canonice
644 2010 800 2087 possidet,
821 2010 879 2072 aut

78 2107 279 2170 infuturum
299 2109 513 2172 concessione
540 2108 748 2181 Pontificum,
768 2107 877 2184 largi-

78 2206 174 2268 tione
189 2221 304 2284 regum
320 2205 373 2268 vel
388 2206 586 2284 principum,
607 2205 774 2268 oblatione
795 2205 879 2266 tide-

78 2303 182 2376 lium,
215 2319 277 2365 seu
306 2304 383 2365 aliis
415 2304 516 2383 justis
549 2303 671 2376 modis,
700 2305 879 2380 praestante

79 2402 233 2475 Domino,
247 2401 368 2479 poterit
395 2401 546 2478 adipisci,
569 2400 665 2464 tirma
680 2401 785 2474 vobis,
799 2417 879 2463 ves·

79 2497 876 2577 trisquesuccessoribusetillibatapermaneant.

83 2600 119 2658 In
151 2596 272 2674 quibus
299 2596 371 2659 haec
404 2597 549 2674 propriis
577 2597 732 2658 duximus
761 2597 878 2673 expri-

81 2695 203 2756 menda
212 2693 394 2756 vocabulis.
409 2697 531 2756 Locum
545 2695 664 2772 ipsum,
676 2695 783 2773 inquo
796 2681 881 2771 praess

81 2793 148 2855 lata
165 2793 307 2854 ecclesia
327 2792 391 2854 sita
409 2793 471 2865 est,
495 2808 571 2854 curn
595 2791 747 2856 omnibus
771 2791 878 2870 perti-

82 2890 209 2954 nentiis
222 2890 302 2962 suis,
320 2889 406 2952 sicut
421 2891 454 2950 in
477 2889 609 2967 publico
627 2890 845 2951 instrumento
859 2905 880 2951 a

81 2988 179 3050 vobis
213 2987 298 3050 lacto
336 2987 535 3050 continetur.
574 2987 762 3048 oratorium
791 2986 879 3048 beati

82 3089 183 3148 Lucae
198 3086 234 3149 iu
249 3086 331 3164 pede
356 3086 478 3148 montis
500 3086 600 3148 situm
615 3101 689 3147 cum
708 3086 881 3162 pertiuen-

81 3185 137 3248 tiis
164 3184 246 3245 suis.
267 3183 384 3245 Casale
404 3185 445 3245 de
467 3183 579 3260 Sylva,
600 3181 826 3245 molendinum
843 3183 879 3244 in

81 3282 222 3344 tlumine
242 3281 327 3360 quod
352 3281 473 3344 dicitur
499 3283 593 3354 Cosa,
617 3296 692 3350 cum
713 3281 876 3354 domibus,

82 3380 219 3453 hortis,
255 3380 288 3442 et
321 3379 440 3441 horum
475 3379 622 3440 omnium
654 3379 876 3457 pertinentiis.

80 3483 187 3542 Terra
207 3478 242 3538 in
264 3477 420 3542 Niviano.
434 3479 536 3540 Terra
553 3477 589 3539 in
608 3479 753 3540 Vareno.
776 3479 879 3540 Terra

81 3578 114 3638 in
154 3578 294 3654 Paiano.
327 3577 429 3638 Terra
456 3576 490 3637 in
522 3575 676 3638 cortinis.
712 3577 816 3637 Terra
845 3576 880 3637 in

81 3673 297 3752 Pratolongo.
329 3675 432 3735 Terra
463 3673 497 3734 in
530 3673 679 3735 Cultivis
709 3673 881 3750 hospitate

81 3773 170 3852 quod
194 3773 244 3834 est
266 3771 326 3832 sub
343 3771 452 3833 castro
468 3771 615 3840 Varciui,
633 3787 708 3832 cum
728 3769 880 3833 omuibus

81 3886 156 3948 quae
179 3868 227 3930 ibi
247 3866 434 3946 possidetis,
449 3868 575 3940 vineas,
596 3868 789 3946 canapiuas,
813 3869 882 3930 ter-

80 3985 149 4042 rae,
168 3966 295 4039 domos,
314 3966 438 4038 hortos,
457 3966 490 4028 et
502 3965 624 4028 caetera
644 3981 717 4042 quae
737 3966 779 4026 ad
794 3963 881 4026 idem

81 4065 252 4144 hospitale
275 4062 519 4125 rationabiliter
544 4063 711 4140 pertinere
732 4079 880 4124 noscun-

81 4165 146 4226 tur.
174 4161 288 4225 Liceat
311 4177 441 4240 quoque
462 4160 556 4222 vobis
578 4161 729 4235 clericos,
747 4161 803 4224 vel
817 4160 883 4222 lai-

82 4279 139 4325 cos
171 4277 189 4323 e
217 4259 343 4322 saeculo
371 4259 552 4336 fugientes,
579 4258 702 4322 liberos
724 4261 758 4322 et
784 4259 884 4322 abso-

81 4360 173 4423 lutos
197 4359 238 4420 ad
254 4358 506 4420 conversionem
527 4358 689 4435 recipere,
715 4359 747 4421 et
771 4373 827 4420 eos
847 4358 883 4420 iu

81 4459 196 4520 vestro
210 4456 350 4533 collegio
361 4455 485 4534 absque
494 4454 759 4517 contradictione
770 4454 883 4532 aliqua

83 4557 244 4620 retinere.
253 4555 502 4627 ChrismaverO,
513 4553 623 4616 oleum
637 4553 798 4626 sanctum,
808 4569 885 4615 con·

83 4653 291 4716 sacrationes
304 4651 472 4724 altarium,
484 4666 543 4715 seu
557 4650 784 4725 basilicarum,
797 4650 885 4714 ordi·

84 4751 240 4814 nationes
255 4750 463 4822 clericorum,
478 4749 536 4828 qui
558 4748 600 4810 ad
619 4765 733 4812 sacros
748 4748 883 4811 ordines

84 4849 211 4912 luerint
222 4846 450 4926 promovendi,
463 4863 483 4909 a
498 4847 685 4909 dioecesano
695 4846 884 4924 suscipietis

85 4948 254 5026 episcopo,
280 4945 309 5007 si
334 4945 465 5024 quidem
500 4944 684 5007 catholicus
713 4944 824 5017 tuerit,
852 4947 885 5007 et

84 5045 230 5122 gratiam
258 5045 357 5122 atque
382 5042 653 5119 ,communionem
684 5042 883 5120 apostolicae

86 5143 183 5204 Sedis
193 5141 359 5214 habuerit,
376 5141 458 5204 etea
473 5139 567 5203 vobis
579 5139 695 5216 gratis,
713 5140 745 5202 et
759 5139 884 5218 absque

86 5241 254 5318 pravitate
266 5240 378 5318 aliqua
392 5238 537 5302 voluerit
547 5238 721 5314 exhibere,
735 5238 884 5315 alioquin

86 5338 190 5401 liceat
213 5337 308 5401 vobis
327 5352 566 5416 quemcumque
586 5335 772 5398 malueritis
791 5335 885 5396 adire

86 5436 284 5508 antistitem,
295 5436 351 5513 qui
369 5435 528 5496 nimirum
543 5434 658 5496 nostra
680 5432 781 5494 fultus
804 5449 886 5494 auc-

87 5533 233 5608 toritate,
246 5533 331 5612 quod
346 5533 533 5611 postulatur
544 5531 726 5608 indulgeat.
736 5527 884 5593 Obeunte

86 5649 170 5697 vero
180 5633 223 5705 te,
232 5648 320 5694 nunc
332 5629 480 5710 eJusdem
489 5629 554 5693 loci
560 5628 683 5708 priore,
691 5629 743 5693 vel
752 5631 885 5693 tuorum

932 1034 1148 1095 Decernimus
1161 1049 1251 1111 ergo,
1261 1034 1297 1097 ut
1311 1034 1396 1098 nulli
1412 1040 1546 1101 omnino
1557 1040 1728 1104 hominum

931 1129 975 1192 sit
1000 1130 1050 1192 ias
1074 1131 1245 1209 praelatam
1258 1133 1433 1196 ecclesiam
1451 1135 1576 1198 temere
1592 1140 1727 1215 portura

930 1227 1022 1301 bare,
1054 1230 1112 1292 aut
1140 1233 1212 1308 ejus
1234 1232 1462 1308 possessiones
1494 1235 1638 1304 auterre,
1674 1238 1729 1298 vel

932 1325 1061 1388 ablatas
1075 1328 1232 1399 renuere,
1257 1329 1418 1404 minuere,
1445 1346 1505 1392 seu
1529 1332 1731 1408 quibuslibet

931 1425 1165 1487 vexationibus
1191 1425 1344 1504 fatigare,
1373 1428 1430 1490 sed
1458 1429 1569 1490 omnia
1599 1430 1730 1507 integra

933 1525 1173 1612 conserventur
1187 1539 1314 1598 eorum,
1327 1542 1387 1602 pro
1405 1543 1544 1604 quorum
1562 1527 1731 1604 guberna-

931 1619 1034 1692 tione,
1045 1637 1085 1682 ac
1095 1621 1334 1685 sustentatione
1350 1639 1507 1686 concessa
1518 1626 1605 1699 sunt,
1615 1625 1730 1688 usibus

933 1718 1728 1800 omnimodisprotutura,salvaSedisApostolicae

932 1815 1140 1878 auctoritate.
1159 1817 1194 1878 Si
1214 1833 1279 1894 qua
1290 1819 1393 1894 igitur
1401 1819 1436 1879 in
1447 1818 1595 1880 futurum
1616 1821 1729 1882 eccle-

933 1913 1068 1975 siastica
1096 1914 1470 1993 saecularisvepersona
1497 1916 1583 1979 hanc
1605 1919 1728 1981 nostrae

933 2011 1178 2074 constitutionis
1193 2013 1348 2090 paginam
1364 2015 1509 2076 scienter
1523 2016 1639 2078 contra
1655 2032 1729 2078 eam

933 2109 1056 2170 temere
1070 2111 1186 2171 venire
1200 2112 1389 2184 tentaverit,
1407 2111 1552 2174 secundo
1566 2113 1730 2190 tertioque

933 2208 1145 2280 commonita,
1171 2207 1237 2269 nisi
1262 2210 1391 2272 reatum
1407 2210 1616 2287 suumdigna
1636 2212 1732 2273 satis·

934 2304 1077 2368 factione
1099 2307 1294 2380 correxerit,
1316 2308 1503 2384 potestatis,
1527 2308 1730 2386 honorisque

934 2402 987 2462 sui
999 2401 1161 2478 dignitate
1177 2404 1300 2472 careat,
1319 2405 1352 2465 et
1369 2421 1389 2466 a
1413 2406 1641 2468 sacratissimo
1656 2421 1728 2468 cor·

934 2514 1015 2576 pore
1029 2501 1061 2561 et
1075 2501 1239 2577 sanguiue
1250 2501 1310 2562 Dei
1320 2501 1353 2562 et
1367 2501 1599 2579 Redemptoris
1620 2503 1729 2586 nostri

933 2599 1013 2660 lesu
1028 2596 1151 2660 Christi
1176 2598 1287 2660 aliena
1311 2598 1380 2672 flat,
1404 2600 1502 2677 atque
1523 2601 1558 2662 in
1580 2602 1729 2664 exhemo

934 2695 1088 2756 examine
1101 2695 1261 2758 districtae
1272 2695 1391 2758 ultioni
1404 2697 1583 2774 subjaceat.
1597 2699 1731 2761 Cunctis
1761 2759 1775 2772 ,

934 2793 1045 2854 autem
1058 2793 1166 2854 eidem
1187 2793 1260 2856 loco
1284 2811 1345 2856 sua
1364 2797 1441 2872 jnra
1461 2796 1672 2858 servantibus
1688 2796 1731 2859 sit

935 2906 1000 2968 pax
1011 2891 1144 2953 Domini
1159 2891 1265 2953 nostri
1280 2895 1362 2955 iesu
1374 2893 1509 2967 Christi,
1525 2893 1733 2972 quatenuset

934 2988 990 3050 hic
1016 2987 1158 3050 fructum
1187 2988 1282 3052 bouae
1304 2990 1447 3052 actionis
1472 2992 1673 3069 percipiant,
1700 2994 1734 3055 et

928 3085 1021 3162 'apud
1048 3086 1234 3148 districtum
1261 3087 1409 3164 judicem
1432 3090 1570 3165 praemia
1599 3091 1750 3152 eterne

934 3183 1026 3259 pacis
1040 3183 1222 3246 inveniant.
1240 3187 1355 3246 Amen.
1372 3188 1488 3248 Arnen.

974 3283 1042 3358 Ego
1061 3281 1240 3356 Honorius,
1257 3282 1436 3344 Catholicae
1461 3283 1618 3346 Ecclesiae
1642 3283 1733 3362 epis-

935 3394 1048 3456 copus.

974 3479 1043 3554 Ego
1066 3476 1241 3550 liebertus
1265 3479 1415 3541 ecclesiae
1437 3477 1545 3541 sancti
1571 3479 1732 3557 Stephani

934 3574 971 3636 in
986 3574 1089 3636 Coelio
1105 3577 1216 3637 monte
1229 3576 1403 3654 presbyter
1417 3576 1611 3638 cardinalis.

975 3673 1043 3749 Ego
1058 3673 1257 3750 Stephanus,
1267 3674 1421 3734 Basilicas
1434 3675 1497 3735 Xll
1507 3673 1733 3750 apostolorum

936 3768 1109 3848 presbyter
1125 3769 1317 3831 cardinalis.

976 3869 1044 3944 Ego
1059 3867 1250 3944 Gregorius,
1267 3867 1355 3931 tituli
1371 3868 1405 3930 S.
1427 3866 1614 3929 anastasiae
1637 3883 1734 3946 pres-

936 3963 1031 4042 byter
1041 3964 1233 4026 cardinalis.

977 4065 1045 4140 Ego
1060 4062 1179 4136 omno,
1194 4062 1421 4124 Praenestinus
1436 4063 1623 4141 episcopus.

976 4161 1044 4238 Ego
1060 4159 1227 4237 Pelagius,
1243 4159 1442 4222 Albaneusis
1463 4154 1650 4238 episcopus.

977 4261 1045 4336 Ego
1059 4260 1188 4331 Petrus,
1204 4258 1337 4320 Sabinae
1351 4259 1538 4337 episcopus.

977 4357 1045 4432 Ego
1056 4355 1173 4428 (tuido,
1189 4359 1222 4418 S.
1237 4356 1369 4417 Nicolai
1383 4356 1564 4418 incarcere
1579 4355 1733 4418 Tulliano

937 4454 1098 4516 diaconus
1113 4453 1305 4515 cardinalis.

978 4553 1046 4628 Ego
1062 4551 1254 4628 Gregorius,
1265 4553 1298 4612 S.
1310 4550 1478 4611 Theodori
1490 4550 1650 4612 diaconus
1666 4566 1737 4612 car-

938 4649 1071 4712 dinalis.

978 4749 1045 4826 Ego
1061 4746 1259 4824 Stephanus,
1272 4746 1303 4806 S.
1318 4743 1482 4806 Hadriani
1492 4744 1653 4806 diaconus
1667 4762 1738 4808 car·

939 4845 1072 4906 dinalis.
1720 4848 1724 4856 ·

978 4945 1047 5020 Ego
1061 4939 1319 5012 ildebrandinus,
1334 4942 1367 5001 S.
1382 4939 1553 5003 Eustachii
1576 4940 1736 5005 diaconus

939 5039 1131 5104 cardinalis.

979 5139 1098 5201 Datum
1112 5137 1281 5200 Ferentini
1302 5153 1362 5214 per
1376 5152 1510 5198 manum
1526 5137 1678 5200 Rainerii
1700 5141 1732 5200 S.

940 5241 979 5300 R.
1010 5239 1046 5298 E.
1072 5234 1433 5308 vicecancellarii,le
1454 5234 1616 5298 kalendas
1640 5237 1736 5298 octo-

939 5336 1021 5408 bris,
1049 5333 1165 5396 indict.
1199 5335 1254 5406 Vl,
1281 5333 1526 5396 incarnationis
1554 5333 1735 5396 Dominicae

940 5449 1027 5512 auno
1042 5434 1130 5505 1217,
1145 5430 1356 5510 pontificatus
1380 5445 1460 5492 vero
1481 5430 1605 5492 domini
1622 5432 1743 5508 Hono-2

939 5532 983 5593 rii
996 5547 1089 5609 papae
1102 5532 1148 5592 111
1162 5545 1250 5592 anno
1262 5527 1418 5591 secundo.
1441 5585 1442 5590 ,
