4014 6312
77 367 133 428 lit
702 363 931 424 epistotae.
956 363 1031 423 LIB.
1057 364 1095 422 ll.

75 529 145 602 Dei,
163 529 323 606 magistro
335 529 368 590 et
385 527 543 590 iratribus
563 523 736 602 hospitalis
750 524 873 584 Hieru-

76 627 194 702 ralem,
220 627 360 689 salutem
385 628 417 688 et
436 623 651 704 apostolicam
668 622 873 686 benedictio-

74 743 162 788 nem.

115 827 220 898 Quum
230 820 401 885 beneflciis
418 821 605 900 principum
616 819 771 896 religiosa
785 818 869 888 loca,

74 923 170 1000 grata
198 922 233 983 in
261 921 499 1000 temporalibus
529 917 735 996 susceperint
762 917 873 978 incre-

71 1021 185 1082 menta
198 1043 206 1095 3
224 1035 318 1098 aequa
332 1019 381 1081 eis
393 1017 624 1080 vicissitudine
641 1014 870 1094 respondetur,

74 1119 104 1180 si
131 1119 284 1195 religiosi
310 1117 375 1179 riri
404 1116 528 1180 eisdem
560 1114 718 1177 assistant
741 1113 814 1174 loco
840 1112 873 1173 et

73 1219 224 1296 tempore
236 1216 440 1294 opportun03
456 1214 490 1276 in
506 1214 557 1276 bis
571 1213 726 1285 maxime,
743 1212 777 1272 in
798 1211 874 1288 qui-

73 1317 134 1377 bus
153 1317 187 1377 et
201 1317 354 1376 servatur
361 1313 505 1391 justitia,
522 1316 555 1374 et
567 1313 672 1390 pietas
685 1311 871 1371 exercetur.

73 1415 182 1486 Quum
197 1413 301 1490 igitur
318 1412 457 1474 dilectus
478 1411 567 1473 lilius
587 1409 708 1472 nobilis
720 1409 772 1470 vir
787 1405 871 1469 Rai-

73 1511 219 1573 mundus
243 1509 377 1589 Rupini,
406 1509 560 1587 princeps
584 1505 811 1570 antiochenus
832 1504 872 1565 de

72 1611 189 1672 restra
211 1607 276 1670 fide
297 1624 336 1670 ac
355 1607 518 1685 religione
537 1604 716 1676 conlidens,
738 1619 757 1665 a
777 1601 873 1665 nobis

71 1707 247 1769 humiliter
271 1705 461 1784 postulavit,
477 1704 571 1767 vobis
594 1702 792 1782 apostolicis
811 1701 871 1763 lit·

70 1806 156 1868 teris
180 1804 425 1880 commendari;
450 1802 702 1866 universitatem
728 1802 872 1862 vestram

72 1919 244 1980 rogamus,
269 1917 451 1973 monemus,
476 1903 509 1962 et
528 1899 701 1962 hortamur
728 1898 870 1973 attente;

72 2017 134 2079 per
163 1999 353 2078 Apostollca
379 1997 474 2062 vobis
506 1997 630 2076 scripta
663 1995 871 2069 mandantes,

73 2099 163 2176 quod
186 2097 228 2160 ob
251 2098 473 2159 reuerentiam
493 2094 817 2173 apostolicaesedis,
840 2095 874 2155 et

70 2197 239 2269 nostram
261 2195 369 2270 ipsum
394 2193 553 2255 habentes
572 2193 607 2254 iu
622 2196 699 2270 jure
713 2205 778 2252 vsuo
801 2206 874 2268 pro·

70 2287 871 2370 pensiuscommendatum,uonpermittatiseum,

70 2390 233 2469 quantum
248 2389 283 2450 in
298 2389 392 2452 vobis
408 2389 517 2461 luerit,
532 2385 573 2450 ab
589 2386 756 2466 aliquibus
777 2387 874 2448 indc-

69 2487 139 2551 bite
166 2487 349 2560 molestari,
378 2487 484 2548 eidem
506 2487 621 2548 contra
643 2485 873 2546 molestatores

69 2589 145 2666 ejus
161 2584 326 2647 indebitos
339 2585 483 2646 viriliter
497 2583 695 2656 assistendo
712 2599 828 2660 preces
841 2583 874 2644 et

70 2684 230 2744 mandata
263 2685 376 2744 nostra
413 2681 526 2744 taliter
562 2681 752 2753 admissuri,
787 2679 871 2756 quod

22 2773 29 2788 ’
70 2781 161 2844 idem
173 2797 213 2842 ea
227 2779 290 2841 sibi
302 2781 424 2841 sentiat
434 2780 620 2853 fructuosa;
633 2780 665 2840 et
675 2795 761 2856 spes,
775 2795 873 2856 quarn

70 2881 109 2940 de
125 2879 224 2940 vobis
247 2879 454 2954 conceperat,
475 2877 539 2955 ipsi
554 2876 680 2938 clareat
692 2891 752 2954 per
769 2875 872 2937 ellec-

69 2980 154 3048 tum,
178 2979 212 3038 et
231 2993 290 3037 uos
313 2976 520 3062 deuotionem
541 2975 686 3038 vestram
709 2975 873 3051 possimus

71 3092 114 3137 ex
137 3075 202 3136 boc
221 3073 338 3136 merito
357 3073 598 3135 commendare.
617 3073 735 3134 Datum
749 3073 875 3132 Feren-

71 3171 149 3245 tini,
175 3173 291 3234 0ctavo
315 3170 476 3232 kalendas
496 3169 647 3246 Augusti,
664 3167 874 3247 pontificatus

71 3268 181 3332 nostri
194 3285 282 3331 anno
294 3268 450 3330 secundo.

457 3455 493 3542 V

222 3622 273 3682 Ad
288 3622 470 3694 Huporwm
484 3631 603 3694 repom
619 3619 733 3691 Cupra.

377 3749 413 3808 2⁷
428 3747 480 3822 jul.
499 3748 578 3806 1217.

223 3874 288 3939 [llas
297 3873 391 3934 Latris,
402 3872 468 3922 llist.
478 3871 509 3922 de
521 3871 629 3938 bepre,
638 3871 669 3930 ll,
684 3869 736 3936 dd]

72 4003 232 4075 lingonum
248 4013 348 4073 regem
367 3998 460 4072 Cypri,
486 3997 607 4054 illiorum
623 4011 657 4054 ac
678 3993 801 4054 tiliarum
816 3995 877 4069 ejus

109 4103 253 4164 personas
267 4102 332 4145 cum
349 4102 440 4160 regno
454 4087 538 4160 Cypri
553 4093 581 4143 et
600 4084 733 4143 omnibus
747 4085 810 4142 aliis
824 4084 874 4142 bo-

108 4179 158 4236 uis
171 4177 224 4236 sub
236 4175 265 4234 b.
279 4175 353 4234 Petri
369 4183 397 4233 et
411 4191 461 4236 sua
478 4175 654 4248 protectione
668 4175 795 4247 suscipit.

1667 371 1726 428 478

927 523 1031 584 sentis
1043 523 1157 600 scripti
1170 495 1355 601 pa'troclulo
1365 527 1616 589 communimus.
1632 529 1725 592 Nulli

927 636 1018 698 ergo,
1036 620 1111 694 etc,
1129 621 1215 684 banc
1230 624 1386 701 paginam
1402 626 1525 688 nostrae
1540 629 1724 706 protectio-

926 720 978 781 nis
1008 719 1041 782 et
1077 719 1338 784 confirmationis
1367 722 1561 800 infringere,
1588 725 1650 788 etc.
1689 728 1724 788 si

927 817 1000 894 quis
1025 817 1147 890 autem,
1172 821 1232 881 etc.
1251 821 1370 881 Datum
1395 823 1575 894 Ferentini,
1599 825 1642 884 vl
1658 823 1724 885 ka-

927 914 1042 975 lendas
1065 916 1217 991 augusti,
1255 917 1466 994 pontificatus
1496 921 1600 981 nostri
1636 937 1724 983 anno

927 1013 1084 1075 secundo.

1301 1140 1358 1227 vl

931 1291 1142 1352 dctabbatem
1168 1295 1210 1354 de
1232 1295 1407 1368 Jocabor,
1433 1296 1467 1356 et
1498 1300 1667 1359 decurram
1691 1299 1725 1360 et

1065 1394 1309 1453 cancellarium
1325 1393 1583 1454 carnotensem.

1229 1523 1263 1581 rr
1273 1522 1325 1596 jn.
1340 1523 1419 1583 1217.

1130 1647 1251 1712 [Regest.,
1264 1648 1308 1698 lib.
1323 1647 1354 1708 ll,
1368 1605 1441 1714 epist.
1454 1649 1521 1712 533]

928 1766 985 1822 lios
997 1763 1109 1837 iudices
1122 1765 1270 1823 coustituit
1286 1767 1361 1822 inter
1374 1767 1505 1840 reginam
1519 1770 1723 1843 berengarium

963 1859 992 1911 et
1012 1853 1137 1912 uobilcrn
1163 1853 1200 1911 de
1226 1856 1271 1912 W.
1298 1869 1384 1928 super
1410 1855 1554 1926 dotalitiis,
1578 1857 1632 1916 nisi
1652 1859 1725 1916 intra

963 1943 1115 2000 terminum
1130 1943 1157 2002 ei
1172 1943 1367 2018 prescriptum
1383 1943 1552 2018 archiepisc.
1572 1949 1675 2006 Turon.
1690 1949 1724 2005 li·

963 2038 1020 2090 tem
1035 2031 1139 2090 dnierit
1151 2031 1203 2106 (l).

967 2160 1146 2232 Honorius,
1163 2163 1239 2232 etc,
1257 2159 1387 2223 dilectis
1402 2161 1481 2224 filiis
1497 2162 1607 2226 abbati
1621 2164 1661 2226 de
1673 2166 1727 2227 Jo-

929 2257 1058 2333 saphat,
1072 2259 1105 2319 et
1119 2257 1245 2319 decano
1258 2260 1290 2320 et
1303 2259 1504 2322 cancellario
1515 2262 1722 2324 carnotensi.

969 2349 1726 2427 QuerelamcarissimaeiuChristoliliaeBeren·

928 2451 1728 2529 gariaequondamanglornmreginaeillustrisre-

929 2550 1075 2626 cepimus
1086 2551 1319 2623 continentem,
1333 2551 1419 2629 quod
1435 2568 1509 2613 cum
1525 2552 1650 2616 abonae
1661 2571 1728 2616 me·

928 2648 1043 2709 moriae
1054 2648 1247 2710 Innocentio
1260 2665 1345 2726 papa
1356 2650 1601 2726 praedecessore
1611 2655 1725 2715 nostro

929 2747 1043 2806 contra
1063 2745 1208 2807 nobilem
1226 2747 1337 2807 virum
1356 2749 1408 2807 W.
1426 2748 1466 2808 de
1487 2749 1645 2810 Wercbia
1668 2749 1728 2812 de-

928 2843 1090 2904 tentorem
1119 2842 1219 2904 castri
1249 2843 1363 2920 Segrei
1389 2843 1430 2905 ad
1460 2845 1565 2922 ipsam
1596 2847 1727 2910 ratione

929 2940 1071 3002 dotalitii
1092 2940 1300 3017 pertinentis,
1318 2957 1382 3018 quo
1402 2958 1462 3019 per
1478 2959 1554 3004 euru
1579 2945 1632 3006 vel
1654 2947 1736 3022 ejus-

929 3038 1106 3115 complices
1122 3038 1230 3100 luerat
1253 3040 1368 3101 contra
1388 3040 1553 3117 justitiam
1571 3043 1724 3118 spoliata,

929 3152 988 3213 pro
1008 3136 1218 3198 restitutione
1233 3137 1335 3198 castri
1354 3138 1503 3214 eiusdem
1525 3139 1566 3200 ad
1586 3156 1729 3202 venera-

929 3232 1029 3295 bilem
1044 3233 1180 3295 fratrem
1202 3236 1352 3297 nostrum
1372 3235 1671 3316 archiepiscopum,
1695 3240 1728 3300 et

930 3332 1066 3394 dilectos
1091 3331 1177 3394 illios
1204 3332 1365 3394 decanum
1395 3335 1427 3396 et
1455 3335 1727 3399 archidiaconum

929 3433 1095 3491 Toronen.
1114 3430 1243 3492 litteras
1266 3431 1466 3509 impetravit,
1492 3434 1525 3496 et
1547 3433 1635 3495 idem
1661 3451 1727 3498 uo-

929 3529 1018 3600 bilis,
1035 3528 1173 3606 objectis
1186 3529 1382 3606 quibusdam
1397 3531 1647 3608 exceptionibus
1663 3533 1728 3595 tii·

930 3627 1026 3698 volis,
1041 3626 1278 3702 subterfugerit
1288 3627 1516 3704 malignando;
1535 3645 1659 3706 nosque
1671 3630 1727 3707 ip-

931 3723 977 3784 sis
988 3723 1089 3784 semel
1100 3725 1132 3784 et
1145 3723 1265 3785 iterum
1277 3725 1399 3784 nostris
1410 3724 1598 3788 dederimus
1608 3726 1727 3788 litteris

930 3823 964 3882 in
980 3821 1166 3898 praeceptis,
1183 3819 1229 3894 ut,
1247 3821 1314 3881 illis
1330 3821 1581 3904 exceptionibus
1597 3823 1728 3887 frivolis

931 3917 1230 3991 nonobstantibus,
1254 3919 1302 3980 sic
1323 3919 1453 3981 ratione
1468 3921 1593 3997 praevia
1608 3921 1643 3984 in
1663 3939 1727 3984 ne-

931 4018 1021 4094 gotio
1055 4016 1170 4077 eodem
1205 4017 1424 4094 procederent
1450 4020 1548 4094 juxta
1580 4019 1729 4096 priorum

932 4113 1168 4179 continentiam
1190 4113 1375 4176 litterarum
1396 4116 1481 4192 quod
1504 4116 1591 4178 dicta
1611 4117 1730 4194 regina

933 4229 992 4291 pro
1006 4212 1136 4276 delectu
1156 4227 1270 4274 eorum
1283 4227 1349 4274 non
1365 4215 1540 4290 cogeretur
1555 4215 1729 4278 iterumad

114 4312 289 4376 Honorius
330 4310 518 4388 episcopus,
556 4325 672 4371 servus
706 4325 877 4371 servorum
933 4311 1050 4372 Sedem
1065 4311 1287 4388 Apostolicam
1307 4310 1480 4387 laborare3
1497 4311 1561 4389 ipsi
1578 4313 1731 4376 deseren-

74 4413 151 4486 Dei,
177 4410 350 4473 carissimo
374 4408 408 4470 in
438 4407 571 4470 Christo
595 4407 666 4468 tilio
689 4410 729 4471 H.
754 4408 878 4471 illustri
932 4411 982 4471 tes
997 4407 1124 4469 bomini
1137 4409 1212 4486 plus
1227 4425 1326 4486 quarn
1346 4410 1424 4481 lieo,
1441 4411 1519 4487 quia
1542 4410 1647 4473 dictus
1663 4427 1728 4472 no-

72 4511 151 4587 regi
168 4510 277 4588 Cypri,
296 4507 483 4570 salutemet
497 4505 714 4584 apostolicam
729 4505 880 4568 benedic·
932 4505 1020 4580 bilis,
1038 4523 1095 4568 eos
1118 4507 1310 4584 posmodum
1331 4507 1527 4580 recusando,
1545 4510 1726 4587 proposuit,

73 4611 214 4674 tionem.
934 4604 1112 4682 quod-duo
1134 4605 1269 4665 illorum
1296 4603 1396 4665 clarae
1422 4603 1590 4666 memorias
1617 4621 1728 4682 regem

116 4705 339 4768 sacrosancta
355 4705 504 4764 Romana
519 4701 680 4774 Ecclesia,
696 4701 771 4773 etc,
787 4703 879 4763 tuam
935 4701 1148 4771 Ricliardum
1165 4702 1272 4763 virum
1288 4701 1393 4779 ipsius
1406 4701 1543 4778 reginae,
1561 4702 1594 4764 in
1611 4704 1728 4781 quarto

75 4809 110 4868 et
142 4804 287 4866 filiorum
313 4817 352 4863 ac
378 4801 524 4861 tiliarum
552 4801 686 4862 tuarum
719 4815 879 4876 personas
935 4799 1233 4876 consanguinitatis
1256 4797 1363 4874 gradu
1377 4799 1599 4876 contigerant,
1622 4801 1655 4862 et
1682 4801 1730 4863 sic

75 4919 154 4966 cum
179 4915 283 4978 regno
305 4899 404 4977 Cypri
430 4899 464 4960 et
486 4897 639 4958 omnibus
666 4897 743 4959 aliis
771 4897 878 4970 bonis,
935 4899 1031 4960 erant
1045 4897 1193 4975 ejusdem
1208 4897 1334 4972 reginae
1356 4896 1483 4969 affines,
1502 4892 1587 4960 ‘ardeo
1608 4897 1729 4976 inipso

76 5017 155 5080 quaa
176 5000 212 5060 iu
230 4997 484 5077 presentiarum
499 4995 745 5057 rationabiliter
756 4995 880 5074 possi·
935 4995 1067 5072 negotio
1083 4994 1193 5073 tepide
1207 4997 1452 5072 processerunt,
1471 4995 1556 5073 quod
1571 4995 1649 5059 licet
1659 5000 1730 5075 jam

75 5101 151 5172 des,
168 5097 275 5162 autin
292 5095 439 5158 futurum
458 5094 558 5172 justis
577 5094 683 5156 modis
701 5095 881 5172 praestante
935 5093 1397 5171 annusetdimidiusaprimae
1407 5094 1574 5156 citationis
1582 5095 1730 5174 tempore

76 5199 221 5261 Domino
244 5193 396 5274 poteritis
415 5192 570 5271 adipisci,
597 5191 658 5253 sub
680 5191 768 5254 teeti
790 5193 880 5254 Petri
936 5194 979 5254 sit
993 5191 1137 5270 elapsus,
1155 5191 1300 5252 nondum
1313 5191 1423 5253 amen
1444 5192 1547 5254 estad
1563 5192 1631 5256 litis
1645 5207 1730 5254 con·

77 5299 114 5359 et
127 5295 241 5358 nostra
256 5292 462 5371 protectione
483 5290 693 5367 suscipimus.
719 5291 882 5367 Speciali-
935 5291 1144 5354 testationem
1160 5303 1367 5368 processum,
1385 5291 1419 5351 in
1439 5290 1586 5367 ejusdem
1605 5291 1730 5366 reginae

77 5397 132 5458 ter
150 5395 263 5455 autem
287 5390 481 5468 praedictum
501 5403 641 5464 regnum
658 5389 690 5450 et
713 5387 780 5449 alia
794 5388 881 5449 bona
936 5403 1038 5467 mate
1051 5387 1280 5466 praejudicium
1291 5389 1323 5449 et
1337 5403 1529 5464 gravamen,
1542 5401 1616 5448 cum
1631 5403 1733 5464 prop-

77 5495 151 5559 tua.
170 5491 257 5552 sicut
270 5503 311 5550 ea
327 5487 437 5550 omnia
448 5488 540 5564 juste
553 5486 703 5563 possides
714 5488 747 5548 et
758 5487 879 5564 quiete,
936 5489 987 5550 ter
1022 5485 1212 5565 hujusmodi
1246 5501 1361 5548 eorum
1401 5485 1564 5546 desectum
1600 5484 1732 5547 labores

79 5589 283 5652 auctoritate
296 5585 485 5665 Apostolica
496 5583 743 5658 confirmamus,
755 5587 788 5646 et
802 5601 883 5662 prae·
938 5585 1099 5662 plurimos
1119 5583 1259 5646 subierit
1275 5585 1307 5646 et
1321 5598 1495 5659 expensas.
1512 5583 1617 5654 Quum
1633 5583 1739 5659 igitur

120 5721 161 5798 (l)
178 5720 219 5780 cl.
234 5719 330 5787 Quint
344 5717 475 5790 Cornpil,
488 5723 566 5774 tome
580 5717 603 5788 l,
620 5715 668 5773 lib.
685 5717 722 5788 ll,
736 5716 778 5774 tit.
795 5716 823 5788 ²,
834 5715 889 5774 ool.
899 5715 958 5774 lili.
