3986 6304
86 265 128 328 ist
478 227 479 230 ‘
684 253 1064 316 seleuciensi.

84 413 315 503 parapostolioa
331 413 453 492 scripta
471 413 678 486 mandamus,
695 411 857 492 quatenus

5 553 6 560 κ
84 523 111 582 in
122 514 299 594 adoptionis
313 513 416 574 filiam
431 511 642 589 recipientes,
658 527 738 586 erga
752 511 858 588 ipsam

5 671 6 674 ,
81 617 161 698 juxta
189 611 292 675 vestri
329 609 456 672 ordinis
487 608 639 674 instituta
676 609 858 672 maximum

84 715 231 783 affectum,
251 712 285 772 et
307 708 460 770 effectum
484 707 524 768 de
540 708 649 768 cetero
664 721 781 782 gerere
794 705 860 766 stu·

84 810 181 882 deatis,
205 809 243 869 ut
263 807 348 884 ipsa,
378 805 517 867 Domino
541 803 732 882 adjuvante,
758 803 860 880 spiri-

82 907 207 972 tualibus
246 903 399 982 proiiciat
432 902 662 976 incrementis
699 902 732 963 et
763 901 858 962 bonis

84 1003 301 1082 temporalibus
323 1001 485 1078 augeatur
510 1018 517 1057 :
542 1015 666 1078 vosque
685 999 772 1077 apud
793 1002 861 1060 Do-

84 1106 190 1166 minum
205 1101 371 1172 meritum,
397 1099 576 1162 etlaudem
600 1099 686 1177 apud
709 1097 860 1159 homines

5 1235 7 1248 ι
83 1199 273 1278 comparetis.
285 1199 404 1260 Datum
415 1197 581 1270 Laterani,
595 1197 691 1258 nonis
698 1196 858 1274 januarii,

5 1349 6 1356 ,
83 1297 274 1378 pontificatus
289 1296 394 1358 nostri
407 1311 494 1358 anno
509 1295 626 1372 primo.
719 1285 737 1308 ⁰

395 1464 530 1551 CXXV

5 1643 7 1698 ἶ
82 1638 125 1696 Ad
155 1639 338 1709 episcopor,
373 1633 520 1701 abbates,
541 1635 683 1708 priores
711 1633 744 1693 et
776 1634 861 1693 altos

5 1765 6 1806 3
33 1802 36 1806 ,
110 1734 267 1808 potatos
285 1734 509 1793 ecclesiarum
532 1745 598 1806 per
620 1732 862 1792 Loptbcrdionc

113 1833 309 1892 reitiocrscm
328 1829 541 1890 constitutos.

367 1941 456 2013 ijan.
476 1942 554 1999 lili.

209 2065 332 2132 [Ugllelli
343 2065 418 2116 ltalia
428 2079 508 2123 sacra,
519 2069 540 2114 t.
556 2065 597 2123 lV,
608 2079 635 2129 p.
646 2063 712 2128 len.

6 2175 7 2178 ’
82 2182 189 2252 llaodat,
212 2190 248 2240 ut
264 2184 412 2240 invasores
436 2187 464 2238 et
489 2181 688 2239 molestatores
705 2185 862 2238 corruentus

109 2272 139 2330 da
156 2270 351 2341 llorimundo,
377 2271 492 2330 cisterc.
516 2269 589 2340 ord,
614 2269 746 2328 llediols.
765 2269 861 2338 diseo,

109 2363 230 2420 censuris
247 2361 648 2433 ecclesiasticiscompescant.

112 2489 275 2550 Honorius
285 2488 471 2565 episcopus,
481 2501 597 2548 servus
608 2500 779 2547 servorum
790 2485 861 2558 Dei,

81 2585 314 2646 venerabilibus
326 2584 485 2646 fratribus
498 2581 675 2660 episcopis,
688 2583 720 2643 et
734 2581 863 2643 dilectis

83 2681 145 2742 iliis
159 2681 349 2752 abbatibus,
369 2681 536 2758 prioribus
555 2681 589 2742 et
608 2680 684 2741 aliis
696 2680 865 2741 ecclesia-

5 2785 6 2854 }
82 2795 142 2840 mm
159 2780 310 2858 praelatis
336 2795 396 2856 per
421 2778 652 2839 lombardiam
673 2778 863 2838 universam

34 2889 36 2892 ’
83 2877 268 2948 constitutis,
300 2876 440 2937 salutem
464 2877 498 2937 et
522 2874 739 2951 apostolicam
762 2872 866 2934 bene-

83 2971 259 3037 dictionem.

6 3123 7 3126 ,
113 3073 179 3133 Non
206 3073 336 3150 absque
360 3072 473 3134 dolore
506 3071 634 3139 cordis,
664 3070 696 3132 et
721 3069 864 3147 plurima

81 3168 260 3232 turbatione
279 3170 466 3242 didicimus,
485 3169 572 3246 quod
587 3168 633 3230 ita
648 3168 683 3228 in
698 3167 866 3245 plerisque

5 3267 7 3340 ἲ
82 3268 212 3342 partibus
234 3267 466 3330 ecclesiastica
495 3282 636 3328 censura
660 3264 863 3337 dissolvitur,

5 3379 7 3444 ξ
81 3366 107 3425 et
117 3368 288 3428 canonicae
308 3365 481 3426 sententiae
496 3365 656 3426 severitas
675 3363 863 3434 enervatur,

6 3461 7 3500 ἲ
81 3462 110 3522 ot
121 3463 179 3523 viri
193 3462 361 3539 religiosi,
377 3465 410 3524 et
424 3463 449 3526 ii
463 3461 619 3531 maxime,
636 3463 691 3538 qui
707 3461 866 3539 persedis

5 3567 7 3608 l
81 3561 270 3636 apostolicae
292 3560 477 3638 privilegia,
508 3559 628 3636 majori
650 3558 762 3620 donati
791 3557 867 3619 sunt

6 3663 7 3730 j
81 3655 230 3732 libertate,
248 3659 377 3736 passim
396 3675 416 3719 a
437 3655 705 3718 malefactoribus
729 3657 797 3717 suis
812 3657 867 3716 in-

5 3817 6 3828 ,
78 3755 171 3828 jnrias
186 3757 390 3828 sustineant,
411 3755 444 3817 et
465 3756 613 3832 rapinae,
637 3755 714 3814 dum
735 3753 793 3814 vin
814 3753 868 3813 in-

81 3851 209 3925 venitur,
232 3853 293 3930 qui
311 3866 458 3928 congrua
477 3850 545 3910 illis
567 3848 771 3927 protectione
789 3848 869 3908 sub-

78 3949 188 4022 veniat,
224 3952 261 4012 et
299 3964 358 4026 pro
384 3947 525 4010 fovenda
560 3963 742 4024 pauperum
774 3947 869 4007 inno·

81 4047 191 4120 centia,
218 4063 257 4108 se
288 4061 420 4106 murum
453 4044 655 4106 defensionis
687 4045 831 4120 opponat
858 4065 866 4103 ε

80 4144 262 4216 specialiter
278 4145 390 4205 autem
405 4143 517 4204 dilecti
530 4142 602 4214 filii,
620 4141 732 4214 abbae,
749 4142 781 4203 et
794 4157 869 4203 con-

80 4241 185 4302 ventus
197 4241 474 4313 deMorimundo,
487 4239 714 4302 cisterciensis
728 4239 866 4310 ordinis,

78 4337 502 4411 MediolanensisdioecesiS,
513 4339 632 4399 tamde
643 4337 868 4415 frequentibus

79 4431 210 4512 injuriis,
237 4453 341 4516 quam
363 4437 403 4498 de
423 4437 494 4513 ipso
524 4435 716 4513 quotidiano
740 4435 869 4497 defectu

75 4533 201 4604 justitie
230 4535 493 4614 conquerentes,
520 4533 771 4596 universitatem
793 4549 871 4597 ves-

79 4627 150 4693 tram
165 4633 293 4696 litteris
313 4632 480 4710 petierunt
501 4632 691 4708 apostolicis
715 4631 867 4704 excitari,

79 4728 107 4787 ut
126 4731 171 4793 ita
190 4732 355 4794 videlicet
375 4731 424 4793 eis
449 4730 484 4790 in
506 4729 776 4793 tribulationibus
799 4730 869 4791 suis

79 4828 179 4890 contra
209 4827 448 4890 malefactores
482 4843 596 4889 eorum
631 4831 782 4905 prompta
812 4827 872 4888 de-

78 4919 170 4987 beatis
186 4926 470 5002 magnanimitate
492 4941 704 5000 consurgere,
728 4925 813 5002 quod
829 4925 870 4986 ab

78 5025 249 5098 angustiis,
291 5040 374 5102 quas
408 5025 587 5096 sustinent,
622 5024 655 5084 et
689 5024 868 5099 pressuris,

78 5123 175 5182 vestro
191 5122 328 5199 possint
346 5121 502 5198 praesidio
523 5121 706 5197 respirare3
730 5121 870 5197 ideoque

79 5217 287 5282 universitati
311 5219 432 5280 vestrae
454 5235 515 5296 per
539 5217 720 5295 apostolica
747 5219 870 5295 scripta

79 5317 281 5388 mandamus
318 5318 416 5393 atque
445 5316 668 5393 praecipimus,
709 5316 870 5392 quatenus

79 5409 154 5485 illos,
178 5416 239 5493 qui
264 5415 507 5492 possessiones,
521 5413 574 5475 vel
591 5429 656 5486 res,
673 5430 733 5474 seu
756 5415 870 5476 domos

80 5513 313 5580 praedictorum
334 5512 484 5584 fratrum,
515 5511 569 5573 vel
595 5511 767 5573 hominum
793 5527 872 5574 suo-

81 5621 141 5670 mm
154 5611 387 5674 irreverenter
400 5609 597 5682 invaserint,
615 5610 672 5671 aut
694 5625 733 5670 ea
748 5611 871 5686 injuste

1651 255 1709 318 158

912 410 1124 484 detinuerint,
1141 425 1214 489 quae
1229 408 1396 490 praedictis
1412 410 1570 475 fratribus
1585 427 1627 476 ex
1639 414 1710 476 tes-

912 511 1058 574 tamento
1081 511 1309 573 decedentium
1330 511 1579 588 relinquuntur,
1598 516 1659 573 s'au
1673 512 1709 574 in

913 611 1002 687 ipsos
1011 609 1130 671 fratres
1141 611 1256 670 contra
1266 601 1463 686 Apostolicae
1475 610 1570 671 Sedis
1581 609 1710 671 indulta

913 707 1110 770 sententiam
1134 708 1497 780 excommunicationis,
1522 723 1581 769 seu
1599 707 1709 770 inter-

914 805 993 868 dicti
1013 805 1286 882 praesumpserint
1303 805 1525 882 promulgare,
1540 805 1594 867 vol
1613 805 1710 866 deci-

913 920 984 964 mas
999 903 1150 965 laborum
1165 903 1205 964 de
1214 903 1481 980 possessionibus
1497 903 1618 965 habitis
1632 903 1709 964 ante

914 1001 1098 1064 Concilium
1119 1000 1287 1077 generale,
1307 1016 1367 1062 seu
1382 1002 1592 1062 nutrimentis
1617 1001 1710 1077 ipso-

915 1116 999 1172 rum,
1028 1100 1147 1177 spretis
1173 1098 1371 1176 apostolice
1399 1099 1494 1160 Sedis
1525 1099 1711 1175 privilegiis

915 1198 1126 1274 extorquere,
1160 1196 1342 1259 monitione
1364 1196 1547 1273 praemissa,
1575 1196 1605 1255 si
1630 1194 1710 1256 laici

914 1294 1049 1367 fuerint,
1077 1295 1207 1372 publice
1227 1294 1375 1355 candelis
1398 1293 1548 1354 accensis
1574 1309 1712 1354 excom-

915 1390 1149 1451 municationis
1182 1389 1379 1452 sententiam
1409 1387 1648 1466 promulgetis,
1682 1387 1712 1447 si

915 1504 994 1550 vero
1020 1487 1144 1560 clerici,
1174 1487 1228 1549 vel
1255 1487 1408 1550 canonici
1439 1486 1623 1562 regulares,
1652 1500 1712 1546 seu

916 1585 1073 1647 monachi
1088 1586 1222 1658 fuerint,
1246 1601 1315 1658 eos,
1334 1584 1559 1662 appellatione
1584 1582 1712 1644 remota

916 1683 957 1745 ab
970 1683 1080 1745 ofilcio
1097 1684 1130 1745 et
1145 1683 1305 1744 beneficio
1320 1682 1542 1760 suspendatis,
1559 1681 1713 1762 neutram

916 1782 1103 1844 relaxaturi
1116 1781 1324 1854 sententiam,
1337 1780 1441 1842 donec
1461 1773 1629 1857 praedictis
1644 1778 1715 1840 fra-

916 1880 1021 1956 tribus
1045 1880 1196 1956 plenarie
1224 1879 1433 1940 satisfaciant
1465 1878 1498 1940 et
1524 1878 1593 1940 tam
1621 1878 1712 1952 laici,

917 1994 1016 2056 quam
1031 1978 1110 2040 dicti
1125 1978 1314 2050 saeculares,
1335 1977 1392 2055 qui
1405 1993 1465 2053 pro
1477 1977 1625 2038 violenta
1641 1993 1715 2038 ma-

917 2094 1020 2138 nuum
1035 2077 1223 2154 injectione,
1246 2074 1469 2137 anathematis
1489 2074 1624 2136 vinculo
1639 2074 1714 2136 fue-

917 2176 985 2236 rint
999 2174 1165 2248 innodati,
1188 2191 1262 2235 cum
1284 2173 1465 2234 diaecesani
1486 2173 1633 2249 episcopi
1653 2172 1714 2234 lit-

917 2273 998 2334 teris
1017 2273 1058 2333 ad
1082 2273 1199 2334 sedem
1222 2271 1446 2348 Apostolicam
1466 2270 1650 2342 venientes,
1672 2268 1714 2329 ab

917 2371 1032 2432 eodem
1053 2371 1187 2432 vinculo
1210 2369 1400 2430 mereantur
1421 2366 1569 2428 absolvi:
1587 2367 1627 2427 ds
1642 2381 1716 2428 mo-

918 2468 1035 2530 nachis
1060 2483 1151 2538 uero,
1184 2467 1217 2530 et
1246 2464 1415 2527 canonicis
1440 2463 1649 2540 regularibus
1679 2463 1714 2524 id

919 2569 1081 2638 servetur,
1096 2566 1132 2626 ut
1146 2566 1174 2626 si
1189 2564 1337 2642 eJusdem
1353 2561 1490 2624 claustri
1505 2562 1625 2623 fratres
1637 2577 1715 2622 ma-

919 2681 980 2726 nus
993 2665 1028 2724 in
1042 2680 1078 2724 se
1099 2662 1276 2740 injecerint
1290 2661 1464 2732 violentas,
1487 2676 1547 2737 per
1561 2659 1714 2720 abbatem

918 2762 1098 2840 proprium,
1118 2761 1240 2822 sivero
1267 2759 1366 2820 unius
1388 2757 1526 2820 claustri
1553 2756 1657 2818 frater
1678 2757 1715 2817 in

918 2862 1056 2922 fratrem
1083 2858 1219 2921 alterius
1246 2857 1383 2919 claustri
1419 2855 1610 2933 huJusmodi
1633 2870 1716 2931 prae·

920 2957 1097 3035 sumpserit
1105 2956 1298 3019 violentiam
1308 2969 1467 3016 exercere
1481 2969 1541 3030 per
1554 2952 1715 3030 injuriam

919 3057 1020 3134 passi,
1051 3056 1084 3117 ct
1109 3054 1300 3125 inferentis,
1326 3051 1461 3113 abbates
1496 3049 1715 3112 absolutionis

920 3153 1116 3214 beneficium
1148 3151 1368 3228 assequantur
1401 3169 1408 3209 :
1439 3148 1570 3210 etiamsi
1598 3163 1714 3210 eorum

920 3250 1024 3328 aliqui
1037 3251 1230 3327 priusquam
1243 3247 1391 3309 habitum
1412 3244 1600 3322 receperint
1616 3260 1718 3320 regu-

921 3349 1025 3410 larem
1050 3347 1117 3410 tale
1147 3346 1273 3424 aliquid
1305 3343 1555 3415 commiserunt,
1583 3342 1718 3420 propter

921 3446 1007 3525 quod
1022 3447 1094 3522 ipso
1117 3446 1193 3506 actu
1213 3441 1567 3506 excommunicationis
1582 3441 1719 3513 senten-

921 3546 1001 3607 tiam
1031 3541 1264 3613 incurrissent,
1294 3542 1361 3602 nisi
1382 3555 1540 3602 excessus
1567 3539 1716 3616 ipsorum

921 3642 1009 3704 esset
1020 3641 1177 3712 difficilis
1192 3641 1224 3701 et
1236 3639 1393 3708 enormis,
1404 3639 1516 3713 utpote
1531 3637 1560 3697 si
1571 3636 1660 3696 esset
1674 3634 1716 3696 ad

921 3740 1162 3802 mutilationem
1186 3736 1336 3807 membri,
1364 3733 1417 3796 vel
1439 3733 1612 3809 sanguinis
1637 3731 1718 3792 etiu-

922 3839 1049 3898 sionem
1070 3851 1262 3913 processum
1284 3834 1342 3893 aut
1364 3831 1511 3892 violenta
1536 3845 1655 3890 manus
1679 3828 1716 3889 in

923 3935 1112 4012 episcopum
1125 3933 1176 3994 vel
1192 3931 1343 3994 abbatem
1359 3929 1494 4008 injecta,
1509 3941 1584 3989 cum
1605 3941 1720 3988 exces-

922 4050 979 4094 sus
991 4032 1086 4103 tales,
1101 4033 1134 4093 et
1148 4030 1273 4092 similes
1291 4029 1364 4089 sine
1381 4025 1538 4088 scandalo
1552 4023 1719 4102 nequeant

923 4131 1097 4208 praeteriri.
1112 4129 1218 4190 Villas
1235 4129 1344 4189 autern
1358 4126 1393 4186 in
1405 4124 1523 4202 quibus
1533 4123 1620 4184 bona
1631 4137 1720 4199 prae-

923 4230 1086 4290 dictorum
1114 4226 1265 4298 fratrum,
1298 4224 1351 4286 vel
1384 4222 1555 4284 bominum
1582 4235 1718 4281 suorum

923 4343 1018 4404 per...
1034 4325 1166 4387 detenta
1186 4323 1320 4394 fuerint,
1335 4320 1482 4399 quandiu
1503 4319 1550 4381 ibi
1570 4318 1646 4379 sunt
1664 4318 1719 4378 in-

922 4425 1053 4488 terdicti
1067 4423 1239 4484 sententiae
1261 4419 1464 4497 supponatis.
1485 4416 1604 4478 Datum
1625 4414 1719 4475 Late

923 4523 1009 4594 rani,
1037 4523 1097 4584 Vll
1122 4521 1168 4580 id.
1191 4519 1353 4598 januarii,
1379 4514 1590 4594 pontificatus
1612 4511 1717 4573 nostri

924 4637 1012 4682 anno
1027 4619 1145 4698 primo.

1243 4739 1397 4826 CXXVI

944 4899 996 4957 Ad
1010 4897 1205 4969 episcopam
1218 4893 1253 4954 et
1264 4891 1451 4965 capitutum
1472 4888 1696 4949 Lodovcascs.

1230 4998 1245 5054 7
1267 4996 1322 5052 'an
1345 4995 1423 5052 lili.

957 5097 1076 5162 [liegest.,
1089 5094 1134 5145 lib.
1147 5095 1166 5154 I,
1179 5093 1251 5159 epist.
1262 5010 1319 5142 Jll8.
1330 5092 1388 5144 llss.
1403 5092 1440 5142 La
1458 5091 1534 5140 Porta
1547 5087 1581 5138 du
1594 5086 1688 5152 Theil].

926 5213 1066 5286 Episcopo
1086 5217 1114 5268 et
1128 5209 1251 5282 capitulo
1261 5205 1476 5266 Lodovensibus
1490 5202 1616 5270 mandat,
1630 5208 1662 5258 ut
1674 5215 1720 5258 ar·

960 5300 1190 5360 chidiaoonatum
1210 5299 1239 5356 S.
1261 5296 1337 5354 Petri
1353 5293 1542 5362 lodovensis,
1561 5287 1721 5349 Raimundc

960 5389 1092 5463 scriptori
1104 5397 1131 5446 et
1146 5387 1277 5446 familiari
1290 5401 1343 5444 suo
1355 5381 1524 5442 concedant.

966 5507 1143 5578 Honorius
1161 5508 1236 5579 etc,
1253 5501 1436 5567 venerabili
1458 5498 1553 5560 fratri
1566 5497 1723 5576 episcopo

927 5607 959 5668 et
970 5605 1100 5668 dilectis
1114 5605 1191 5665 filiis
1204 5603 1348 5681 capitulo
1364 5599 1529 5662 Lodoven.
