3936 6318
73 405 116 467 169
509 405 634 466 XV.-
654 403 698 468 IN
721 403 850 466 rnsTo
874 395 1023 468 snitum
1043 407 1196 472 JACOBI.
1623 413 1681 474 170

67 567 146 627 ledet
174 562 321 626 odoram
349 563 383 626 et
411 563 533 640 petens
560 567 689 640 aliquid
715 567 756 628 ab
788 581 827 630 eo
920 565 1265 646 «circumiissent
1280 566 1440 630 dicamde
1454 568 1679 648 totquornodo

68 661 168 742 (nath.
181 677 233 732 xx,
256 658 323 740 20).
880 662 1021 726 laudabo
1044 665 1096 726 tel
1120 665 1156 727 Si
1177 681 1327 743 saperem
1346 667 1394 738 ῖθ,
1412 667 1618 744 appretiarer
1632 669 1678 730 te.

94 762 179 821 llater
203 759 345 820 tiliorum
382 759 530 822 Zebedaei
553 764 694 825 vocatur
719 762 826 824 Maria
882 763 917 824 Si
943 763 1062 824 scirem
1085 765 1242 840 quantum
1265 764 1368 837 vales,
1390 765 1533 841 pretium
1548 781 1678 842 appen-

68 858 176 920 Salome.
198 859 291 918 llnna
315 859 349 920 et
368 859 499 920 Emeria
514 859 587 921 duae
603 876 736 922 sorores
754 859 827 920 luo-
880 861 992 922 darem
1014 876 1073 938 pro
1090 862 1132 922 te.
1155 861 1218 923 Sed
1240 861 1324 923 forte
1351 862 1484 924 excedis
1508 863 1679 939 angustias

66 958 129 1018 runi
143 959 182 1016 lle
195 956 324 1017 Emeria
339 958 416 1019 nata
429 959 480 1019 est
497 957 683 1032 Elisabeth3
701 957 741 1019 de
756 959 827 1020 Eli·
880 974 982 1030 meas,
997 975 1058 1020 neo
1070 959 1212 1036 pretium
1225 959 1376 1020 invenire
1387 961 1501 1037 potero
1514 961 1599 1038 apud
1615 977 1677 1022 me.

65 1054 153 1116 obeth
171 1053 283 1115 beatus
302 1057 447 1116 Joannes
466 1055 626 1133 Baptista.
650 1060 746 1118 Anna
763 1072 825 1118 ac·
880 1055 970 1118 Dabo
983 1057 1093 1118 tamen
1109 1057 1194 1134 quod
1208 1056 1326 1129 habeo,
1343 1058 1376 1119 et
1392 1059 1495 1120 totum
1515 1057 1600 1135 quod
1616 1059 1681 1120 ha·

64 1151 460 1228 cepitloachiminvirum,
479 1153 654 1231 dequibus
679 1155 757 1216 nata
776 1156 827 1217 est
879 1152 952 1225 beo,
981 1154 1076 1216 dabo.
1103 1154 1220 1217 Totum
1242 1155 1328 1233 quod
1351 1155 1401 1218 θεῖ
1426 1155 1461 1217 in
1489 1154 1679 1218 habitaculo

63 1250 139 1311 Beata
157 1249 260 1311 Maria
275 1251 380 1312 mater
394 1251 536 1313 Domini.
561 1253 694 1333 Mortuo
715 1253 825 1316 autem
880 1253 1029 1328 corporis
1053 1253 1130 1322 mei,
1146 1269 1205 1331 pro
1220 1253 1252 1315 te
1264 1253 1359 1326 daho,
1377 1253 1463 1330 quod
1481 1253 1679 1316 tamencum

62 1349 180 1410 loachim
193 1347 332 1426 cleopas
347 1348 442 1411 duxit
453 1351 595 1422 Annam,
610 1351 643 1412 et
656 1351 771 1428 genuit
784 1367 826 1412 ex
880 1349 984 1412 totum
996 1351 1129 1424 dedero,
1150 1351 1246 1429 quasi
1259 1350 1401 1412 nihilum
1415 1349 1585 1429 reputabo.
1602 1354 1681 1414 Om-

62 1461 90 1506 en
116 1446 241 1506 alteram
278 1447 430 1519 Mariam,
460 1463 534 1525 quae
569 1447 692 1511 dicitur
718 1449 825 1510 Maria
879 1463 938 1509 nes
965 1449 1075 1510 carnis
1102 1449 1299 1527 voluptates,
1325 1465 1440 1510 omnes
1460 1449 1581 1511 animae
1596 1465 1677 1512 meaa

61 1543 171 1620 Cleopa,
185 1559 282 1620 quam
298 1544 436 1621 Cleopas
451 1545 663 1622 desponsavit
675 1545 824 1624 Alphaeo,
875 1546 1102 1622 jucunditates
1117 1546 1222 1623 prote
1237 1547 1456 1618 commutabo
1474 1548 1510 1611 ut
1527 1547 1560 1609 te
1575 1547 1680 1610 solam

60 1639 90 1700 de
101 1656 153 1717 qua
174 1642 271 1704 natus
289 1643 340 1703 est
352 1641 496 1704 lacobus
510 1643 620 1705 minor
638 1644 670 1707 et
688 1645 823 1722 Joseph.
880 1641 1013 1715 hahere,
1030 1643 1062 1704 te
1077 1643 1182 1704 solam
1195 1642 1325 1705 valeam
1339 1643 1522 1721 possidere.
1541 1646 1591 1706 Tu
1606 1647 1679 1708 sola

59 1737 131 1800 b'nde
140 1738 254 1801 dicitur
265 1739 408 1802 lacobus
419 1741 559 1818 Alphaei.
571 1743 701 1804 Mortuo
717 1742 826 1804 autem
880 1739 962 1800 mihi
991 1739 1134 1809 charior,
1168 1740 1206 1803 tu
1231 1741 1303 1803 sola
1327 1741 1522 1819 jucundior,
1548 1744 1584 1805 tu
1608 1743 1681 1806 sola

58 1834 162 1912 Cleopa,
185 1839 280 1898 Anna
299 1837 397 1900 tertio
415 1839 533 1901 marito
556 1839 687 1902 Salome
701 1840 823 1918 nupsit,
881 1837 1025 1900 suavior.
1060 1838 1236 1901 Plenitudo
1260 1839 1423 1917 siquidem
1445 1839 1530 1917 legis
1553 1843 1604 1902 θεῖ
1625 1841 1681 1902 di-

58 1934 99 2008 qui
115 1935 217 2008 genuit
235 1950 281 1996 ex
301 1951 341 1997 ea
362 1937 502 1999 alteram
517 1938 673 2012 Mariam,
692 1938 733 2000 de
748 1955 823 2016 qua,
880 1934 989 2008 lectio,
1006 1950 1046 1997 eo
1065 1935 1152 2013 quod
1171 1937 1228 1998 lex
1250 1937 1286 1998 in
1300 1937 1403 1999 rerbo
1429 1937 1604 2001 charitatis
1622 1940 1680 2000 ln-

57 2029 225 2107 desponsata
242 2032 412 2106 Zebedaeo,
428 2036 499 2097 nati
515 2036 592 2097 sunt
605 2035 749 2100 Jacobns
762 2037 827 2098 mi·
881 2033 1059 2106 stauretur,
1075 2034 1249 2096 ettotalex
1261 2051 1321 2113 per
1333 2051 1406 2098 eam
1417 2036 1583 2114 impletur.
1596 2036 1681 2109 Quid

57 2143 102 2188 nor
119 2131 147 2190 et
157 2132 302 2192 loannes
326 2133 547 2208 Evangelista.
576 2135 625 2196 lta
644 2136 695 2197 est
718 2135 825 2196 Maria
880 2146 960 2207 ergo
983 2131 1117 2209 expedit
1142 2132 1274 2194 diversa
1301 2149 1462 2211 quaerere,
1488 2133 1545 2195 ubi
1569 2134 1677 2197 omnis

56 2223 278 2289 salomemater
290 2228 594 2292 illiorumZehedaei
609 2231 649 2291 de
662 2247 727 2308 qua
742 2230 827 2292 dioi-
880 2231 1176 2295 consummationis
1196 2231 1288 2294 uidet
1308 2232 1382 2309 quis
1404 2232 1503 2296 tinem
1531 2233 1564 2295 θῖ
1587 2248 1679 2294 com-

55 2323 97 2381 tur
104 2323 132 2383 in
144 2325 314 2402 exangelio
327 2327 414 2404 quod
429 2328 526 2390 modo
536 2328 826 2390 audistis:Acces·
880 2327 1057 2405 pletionem
1072 2345 1091 2389 ›
1106 2330 1118 2390 i

52 2420 225 2484 rit...llaria
238 2423 481 2500 interpretatur
490 2424 679 2489 illuminata
689 2426 743 2488 vel
753 2426 835 2488 illu··
921 2425 985 2488 Sed
1013 2425 1117 2488 latum
1145 2425 1335 2489 mandatum
1364 2426 1538 2489 charitatis
1566 2426 1676 2489 nimis.

53 2517 184 2580 ninatrix
201 2521 255 2582 vel
277 2521 374 2584 stella
394 2523 509 2596 maris,
534 2523 568 2586 θῖ
585 2523 648 2586 hoc
668 2523 825 2587 hebraico
881 2523 1050 2600 siquidem
1078 2524 1108 2585 si
1131 2524 1234 2587 totam
1259 2522 1367 2600 legem
1387 2525 1460 2601 quis
1479 2525 1676 2599 servaverit,

53 2629 186 2690 sermone,
203 2635 285 2697 syro
302 2621 413 2682 antem
429 2621 581 2685 Domina.
595 2623 697 2686 Beata
717 2623 825 2685 Maria
880 2620 1025 2684 offendat
1040 2621 1151 2683 autem
1173 2621 1207 2683 iu
1230 2637 1295 2682 uno
1318 2620 1474 2683 mandato
1488 2621 1674 2697 eharitatis,

55 2715 92 2773 est
102 2714 278 2780 ihuminata
290 2733 351 2796 per
359 2719 566 2797 spiritualem
579 2721 733 2797 gratiam,
744 2721 825 2782 illu·
880 2717 986 2780 lactus
1012 2719 1064 2781 est
1084 2718 1231 2780 omnium
1249 2734 1338 2780 reus.
1357 2721 1437 2780 Cum
1453 2736 1517 2797 qua
1530 2735 1597 2781 non
1614 2737 1678 2798 po-

54 2810 186 2876 ninatrix
203 2831 265 2892 por
290 2816 508 2895 principalem
527 2818 702 2895 justitiam,
729 2820 825 2882 stella
879 2816 944 2878 test
966 2817 1088 2894 aliquis
1112 2818 1180 2878 Deo
1211 2816 1408 2894 displicere,
1432 2817 1511 2895 quia
1533 2818 1680 2880 charitas

53 2910 132 2970 naris
152 2929 210 2989 per
224 2913 435 2991 spiritualem
459 2915 736 2989 misericordiam,
755 2919 824 2980 Do·
880 2914 988 2991 operit
1013 2913 1259 2978 multitudinem
1287 2915 1516 2991 peccatorum,
1546 2918 1581 2977 et
1607 2916 1680 2978 sine

52 3006 121 3068 nina
130 3027 185 3086 per
194 3013 357 3074 aeternam
369 3014 561 3090 potentiam.
575 3013 706 3076 salome
716 3014 824 3078 inter·
880 3027 945 3087 qua
959 3027 1026 3072 non
1038 3011 1145 3089 potest
1158 3011 1280 3089 aliquis
1296 3011 1327 3072 ei
1340 3012 1557 3088 complacere.
1572 3015 1679 3092 Opera

53 3106 174 3176 pretatur
183 3110 337 3184 pacifica,
348 3111 426 3188 quia
438 3111 554 3188 genuit
568 3112 650 3174 duos
661 3111 747 3174 illios
762 3129 826 3190 pa·
879 3108 1065 3186 iniquitatis
1080 3110 1157 3172 sunt
1183 3109 1387 3171 solummodo
1405 3109 1578 3183 malorum,
1599 3113 1678 3188 qnia

53 3201 397 3272 cissctlieetsaeobum
408 3210 827 3288 etloaunemetsignitlcat
880 3207 967 3268 sicut
980 3208 1126 3269 charitas
1141 3223 1207 3270 non
1218 3207 1328 3285 potest
1346 3208 1498 3270 exerceri
1512 3207 1677 3271 nisiinter

52 3297 823 3382 charitatemcharitasautemduosillioshabet,
879 3304 983 3366 bonos
1009 3307 1043 3367 et
1063 3306 1183 3384 justos,
1216 3305 1263 3368 ita
1288 3306 1449 3383 iniquitas
1474 3321 1541 3368 non
1574 3308 1681 3384 potest

50 3393 124 3470 idest,
139 3401 232 3464 tidem
248 3403 373 3465 bonam
386 3405 419 3467 θῖ
430 3404 551 3468 bonam
566 3407 803 3483 operationem.
880 3404 1012 3479 operari
1038 3403 1104 3464 nisi
1124 3404 1212 3466 inter
1234 3403 1366 3481 iniquos
1379 3405 1413 3466 et
1426 3419 1613 3482 perversos.
1634 3407 1680 3468 De

77 3495 250 3561 Notandum
271 3502 327 3562 est
349 3501 435 3579 quod
450 3503 572 3580 triplex
595 3504 645 3566 est
662 3506 824 3582 operatio.
880 3500 999 3578 quibus
1030 3501 1112 3564 dicii
1138 3502 1400 3577 lsaias=0126⁷⁴a
1425 3517 1548 3564 mm
1574 3517 1680 3578 Opera

48 3591 277 3676 Estenimopus
291 3598 476 3672 charitatis,
496 3617 578 3678 opus
591 3601 777 3679 iniquitatis
793 3605 826 3666 θῖ
880 3600 1028 3671 tractitia,
1063 3599 1096 3660 et
1128 3614 1213 3674 opus
1241 3599 1435 3674 irrequieto
1462 3602 1500 3660 tn
1522 3603 1681 3660 matribus

49 3697 288 3764 opusxanitatis.
306 3699 394 3773 Opus
410 3697 584 3760 charitatis
603 3702 654 3762 est
667 3715 746 3762 rere
762 3699 824 3763 bo·
879 3710 1012 3758 eorem.
1034 3699 1145 3758 Pedes
1159 3711 1281 3758 eorum
1298 3699 1343 3757 ad
1365 3701 1496 3758 molum
1518 3697 1678 3768 eumeni,

47 3801 119 3864 num;
141 3809 222 3870 opus
246 3795 436 3872 iniquitatis
458 3799 509 3859 est
533 3813 612 3859 rere
634 3799 768 3872 malum,
792 3799 825 3862 et
879 3793 914 3854 et
924 3793 1091 3868 festinant
1103 3793 1141 3854 ot
1161 3793 1341 3869 effundant
1353 3796 1561 3868 sanquinem
1574 3796 1679 3854 inno-

48 3893 281 3960 opust-antiatis
305 3892 593 3956 ostentatorum.
611 3897 826 3973 opuseuart-
878 3891 1030 3964 centem
1056 3891 1279 3967 apparationes
1307 3890 1680 3966 antecedentium

46 3979 102 4042 htis
123 3988 170 4049 est
195 3989 408 4052 solummodo
432 3989 606 4063 bonorum,
629 3993 707 4069 quia
737 4008 825 4054 non·
879 3988 1194 4061 latretunvastims
1210 3989 1243 4050 et
1256 3987 1420 4051 contritio
1430 3991 1468 4049 in
1479 3991 1547 4050 viis
1557 4002 1679 4049 eornm

46 4077 186 4146 nisiinter
200 4086 311 4149 bonos
331 4087 483 4166 etiustos
503 4088 651 4152 charitas
675 4091 824 4154 exerceri
881 4085 945 4165 (Is.
974 4086 1061 4160 nix).
1096 4084 1190 4147 Unde
1223 4084 1407 4147 Malachias
1444 4084 1605 4162 propheta
1634 4085 1682 4148 ait

45 4179 137 4251 Potest,
151 4185 229 4260 quia
243 4185 306 4246 ubi
317 4184 464 4248 charitas
477 4185 734 4260 ibiDeus,sieut
745 4189 826 4250 dicit
879 4183 1014 4246 sanctis.
1031 4183 1072 4246 de
1104 4181 1172 4244 illis
1201 4183 1258 4260 qui
1290 4180 1417 4246 faciunt
1441 4183 1530 4244 mala
1562 4198 1680 4260 opera:

44 4272 162 4340 loannes
186 4281 223 4344 in
238 4282 391 4360 Epistola
408 4305 415 4343 ε
431 4288 526 4348 Deus
543 4286 697 4348 charites
712 4287 775 4359 est,
791 4288 825 4350 et
880 4284 1096 4358 Epredimtm'
1110 4281 1144 4342 et
1158 4282 1331 4344 comeditis
1352 4284 1487 4356 impios,
1508 4297 1586 4342 eolo
1605 4284 1684 4356 stre-

44 4376 204 4442 luiuurnet
227 4385 270 4442 ln
284 4381 467 4454 charitate,
488 4385 525 4445 tn
543 4386 614 4444 Deo
635 4385 765 4456 meet,
792 4385 825 4448 et
879 4381 953 4440 rint
982 4381 1069 4440 cinis
1095 4381 1158 4440 sub
1185 4378 1306 4454 plorata
1327 4383 1456 4456 pedem
1482 4379 1681 4440 vestrorum

44 4469 114 4536 llere
138 4479 172 4540 in
195 4493 238 4540 eo
269 4476 300 4557 (I
325 4480 435 4551 Joan„
458 4493 501 4552 tv,
520 4477 583 4559 16).
603 4481 697 4546 Unde
711 4481 825 4544 tldeles
880 4475 1039 4556 (Malach.
1058 4472 1165 4554 1v,3).

45 4565 170 4635 alnensi
196 4575 383 4651 Apostolus
403 4575 517 4638 dicens
534 4597 541 4636 :
558 4579 682 4640 omorio
706 4579 826 4644 vestre
921 4573 1034 4636 Sancti
1050 4572 1274 4650 egredientur,
1290 4572 1387 4645 idest,
1404 4573 1680 4652 contemplabun-

45 4673 124 4734 hero
149 4674 183 4733 in
208 4674 388 4736 charitate
402 4674 490 4746 pent
508 4672 537 4752 (Ι
565 4677 638 4736 Gor.
664 4692 732 4749 xvr,
759 4677 822 4757 14).
878 4671 933 4734 tur
963 4670 1127 4732 tormenta
1156 4669 1389 4731 damnatorum
1422 4671 1557 4746 propter
1590 4671 1679 4732 mala

45 4759 105 4826 Quia
120 4767 203 4830 sicut
217 4785 343 4830 aurum
359 4770 410 4831 θεῖ
428 4770 539 4832 carius
554 4772 587 4834 et
600 4773 778 4849 pretiosius
793 4774 826 4836 et
879 4783 981 4846 opera
995 4783 1067 4844 quae
1081 4766 1231 4828 lecerunt
1246 4766 1280 4826 in
1293 4766 1356 4827 hoc
1368 4766 1500 4827 munde.
1515 4768 1554 4827 nt
1568 4767 1681 4829 calca-

46 4857 222 4932 splendidius
254 4866 417 4930 omnibus
431 4869 586 4942 metallis,
609 4869 657 4932 ita
679 4870 824 4933 charitas
879 4865 961 4926 bunt
975 4864 1105 4940 impios,
1126 4862 1221 4935 idest,
1243 4861 1509 4925 condemnabunt
1523 4863 1624 4941 ipsos.
1642 4865 1681 4926 nt

46 4959 79 5016 est
89 4965 186 5040 major
200 4967 236 5027 et
247 4964 533 5028 melioremnibus
543 4967 732 5040 virtutibus,
748 4971 824 5047 quia
880 4963 974 5040 impii
1000 4962 1097 5022 erunt
1129 4960 1216 5023 sicut
1243 4959 1340 5030 cinis,
1376 4961 1463 5023 idest
1497 4960 1681 5024 combustio

46 5053 225 5124 nullarirtus
239 5063 320 5123 sine
332 5078 372 5124 ea
387 5065 438 5126 est
452 5065 570 5138 virtus,
587 5065 664 5142 quia
678 5066 825 5129 charitas
880 5061 967 5138 ignis
980 5059 1109 5121 aeterni.
1125 5060 1165 5120 Et
1175 5059 1273 5120 erunt
1285 5057 1346 5118 sub
1357 5059 1496 5138 pedibus
1500 5060 1679 5138 justorum,

46 5157 151 5220 excellit
164 5161 197 5221 et
221 5160 392 5238 praecellit
406 5161 545 5224 oaetoras
563 5163 714 5226 virtutes.
732 5165 826 5227 Unde
880 5159 955 5236 (luia
967 5157 1050 5234 justi
1071 5156 1216 5218 &lumin
1229 5156 1323 5230 coelo,
1345 5157 1410 5235 ipsi
1425 5159 1534 5219 autem
1550 5159 1683 5219 Olmii·

45 5250 219 5327 tugustinus
237 5281 246 5319 ε
262 5275 284 5319 ‹
310 5257 373 5320 Ubi
396 5258 545 5322 charitas
572 5262 638 5334 est,
670 5263 748 5339 quid
774 5267 827 5328 est
880 5256 1003 5318 buntur
1024 5255 1059 5316 in
1083 5255 1226 5316 interno.
1253 5254 1347 5317 Unde
1361 5257 1683 5318 Jeremias:0mnes

47 5349 108 5416 qnod
130 5355 233 5427 possit
261 5353 400 5415 deesset
423 5355 745 5433 Subintelligendum
761 5363 823 5434 est,
877 5354 1119 5430 persecutores
1156 5356 1232 5426 ejus
1267 5353 1569 5428 apprehenderunt
1607 5369 1686 5416 eom

48 5441 108 5506 nihil
121 5447 205 5512 boni.
220 5452 264 5514 nt
280 5450 498 5514 ubicharitas
512 5457 650 5527 nonest,
668 5457 822 5534 quidest,
881 5453 975 5514 inter
994 5450 1323 5530 appositosffbren.
1346 5467 1369 5523 1,
1386 5449 1431 5529 3).
1449 5453 1685 5514 Persecutores

50 5544 111 5612 quod
126 5549 225 5622 possit
239 5547 403 5626 prodesse
416 5552 559 5623 »lQuasi
577 5552 825 5618 diceret:nihil.
881 5550 1002 5612 animae
1031 5550 1108 5611 sunt
1136 5548 1315 5612 deamones.
1346 5549 1412 5627 Ipsi
1440 5552 1686 5630 persequuntur

51 5635 124 5705 Elait
135 5647 257 5708 etiam:
276 5663 298 5707 ‹
316 5647 467 5710 Charitas
489 5665 562 5727 quae
578 5651 687 5715 deseri
706 5655 825 5731 potest,
881 5647 1027 5709 animam
1049 5647 1083 5708 in
1099 5647 1243 5720 interno,
1259 5646 1411 5710 vexando
1426 5663 1501 5710 eam
1515 5648 1551 5710 in
1567 5648 1682 5710 diver-

52 5747 301 5820 llfflhuamvera
318 5743 379 5808 luit
392 5762 422 5810 s.
882 5745 930 5810 sis
942 5747 975 5810 et
989 5746 1092 5811 variis
1106 5745 1291 5810 tormentis.
1306 5745 1346 5808 Εῖ
1366 5744 1432 5825 ipsi
1449 5746 1683 5825 apprehende-
