4142 6312
294 323 353 378 713
420 375 446 390 ,
901 317 1076 380 HONORII
1100 319 1144 380 111
1166 318 1315 380 OPERA.
1874 325 1922 384 111

334 479 452 540 Datum
488 479 600 540 Romae
628 475 714 554 apud
746 477 902 540 Sanctum
937 478 1087 550 Petrum,

292 575 403 638 idibus
430 575 521 643 maii,
545 574 755 653 pontificatus
781 575 887 638 nostri
915 590 1004 638 anno
1031 591 1088 636 se·

294 674 411 736 mmm.

584 780 807 869 ccxxxix

457 928 725 1000 coepiscopum
748 925 917 985 Prasstoe.

582 1047 616 1103 ltt
631 1045 698 1102 mali
720 1045 798 1102 1218.

312 1160 406 1224 [Vcigt
418 1160 502 1211 Codex
510 1159 691 1224 diplomaticus
701 1158 821 1216 Prusciae,
831 1163 849 1207 t.
857 1159 876 1218 1,
890 1173 916 1222 p.
930 1157 969 1216 11,
978 1171 1004 1207 3.
1015 1157 1068 1222 lc]

290 1270 333 1326 110
347 1269 499 1328 Christiani
509 1269 632 1342 paganis
647 1265 761 1335 terrum,
774 1281 852 1324 erma
866 1272 894 1323 et
905 1263 1088 1322 salvcndant.

332 1385 499 1447 Honorius
527 1386 648 1455 111.....,
677 1383 752 1456 ete,
781 1381 966 1445 venerabili
994 1380 1091 1444 tratri

290 1484 445 1560 episcopo
462 1481 621 1543 Prussiae.

332 1583 375 1642 Ut
401 1580 526 1656 Pagani
553 1580 670 1640 saltem
691 1579 727 1639 in
745 1578 959 1640 tribulatione
978 1575 1092 1638 Domi-

290 1695 370 1740 num
395 1678 646 1753 recognoscant,
671 1679 704 1738 et
727 1676 956 1754 multiplicatis
976 1690 1091 1737 eorum

292 1775 540 1838 infirmitatibus
564 1776 713 1837 converti
735 1775 922 1836 accelerent
940 1773 982 1834 ad
997 1789 1093 1834 eum-

292 1875 377 1944 dem,
387 1875 505 1935 merito
518 1873 595 1934 sunt
607 1873 656 1934 eis
667 1872 932 1934 Christianorum
943 1869 1091 1932 subsidia

291 1971 534 2044 subtrahenda,
560 1986 602 2032 ne
627 1971 807 2031 incrassati
834 1971 868 2031 et
892 1969 1021 2030 dilatati
1052 1966 1092 2028 de

291 2087 362 2132 suae
383 2069 615 2131 obstinationis
630 2068 814 2145 pertinacia
842 2065 1037 2143 glorientur,
1061 2065 1095 2127 et

292 2168 457 2230 exhausto
481 2168 516 2227 13
539 2168 588 2228 313
603 2166 835 2243 temporalium
850 2165 947 2242 adipe
964 2162 1094 2225 desinet

293 2267 328 2326 in
345 2266 394 2326 eis
410 2265 568 2342 iniquitas
584 2263 765 2324 abundare.
783 2265 863 2324 Cum
878 2261 991 2338 igitur,
1008 2261 1095 2323 siout

293 2363 492 2434 3311313333,
509 2363 631 2440 333331
652 2361 693 2422 13
718 2361 855 2422 Prussia
874 2375 935 2421 nec
956 2358 1092 2432 ferrum,

293 2477 355 2523 nec
366 2477 471 2532 arma,
488 2475 549 2522 nec
564 2459 613 2520 sal
630 2459 785 2532 habeant,
800 2459 868 2520 nisi
882 2474 957 2536 quae
971 2473 991 2518 a
1006 2457 1094 2518 vici-

295 2561 349 2620 nis
364 2558 558 2636 comparent
578 2558 788 2629 Christianis,
805 2557 956 2618 nolentes
976 2557 1013 2616 31
1035 2569 1095 2616 ar·

295 2659 358 2718 mis
374 2657 497 2719 nostris
510 2657 626 2717 contra
647 2671 708 2716 nos
722 2655 875 2726 militent,
892 2651 1095 2715 fraternitati

295 2757 361 2818 tuae
377 2770 436 2831 per
454 2752 644 2830 Apostolica
657 2752 780 2829 scripta
795 2750 1001 2822 mandamus,
1013 2765 1097 2827 qua-

296 2855 394 2916 tenus
411 2850 612 2912 christianos
633 2848 804 2924 regionem
827 2847 1096 2924 circumpositam

297 2948 501 3020 habitantes,
529 2962 571 3008 ne
596 2946 754 3024 praedicta
785 2945 924 3024 paganis
952 2944 1098 3008 vendant

298 3048 435 3120 eisdem,
464 3061 600 3107 moneas
628 3047 662 3107 et
687 3044 825 3106 inducas
851 3061 909 3106 eos
931 3043 974 3105 ad
997 3044 1043 3115 id,
1068 3042 1097 3103 si

297 3161 434 3208 necesse
448 3143 559 3215 buerit,
573 3159 632 3220 per
643 3158 819 3204 censuram
836 3141 1097 3205 ecclesiasticam

297 3243 520 3321 appellatione
532 3241 724 3317 postposita,
739 3239 977 3317 compellendo.

338 3341 458 3401 Datum
473 3340 587 3400 Romae
605 3337 691 3413 apud
707 3339 864 3398 Sanctum
880 3337 1014 3398 Petrum
1028 3334 1097 3396 idi-

297 3437 360 3500 bus
374 3437 467 3511 maii,
477 3451 566 3497 anno
581 3433 737 3496 secundo.

436 3745 489 3804 Ad
502 3745 684 3804 1131033303
697 3740 825 3803 01131311
837 3741 964 3813 fideles.

596 3874 630 3931 15
644 3873 712 3930 meli
726 3872 805 3931 itte.

351 3983 447 4048 [votgt
458 3980 542 4034 Codex
555 3979 737 4045 diplomaticus
751 3979 867 4039 Prusciae,
883 3982 901 4029 t.
913 3977 968 4038 10,
980 3992 1006 4028 3.
1016 3977 1053 4044 a]

304 4091 342 4148 tlt
358 4088 394 4146 ad
408 4087 523 4146 scholas
537 4089 725 4144 prutenorum
740 4084 929 4143 instituendas
948 4099 1101 4158 puerorum

374 4175 410 4234 de
427 4173 611 4232 facultatibus
629 4175 690 4230 suis
704 4173 856 4230 liberaliter
871 4174 1029 4248 porrigant.

343 4291 509 4354 Honorius
525 4292 582 4361 ΙΙΙ,
599 4291 675 4361 etc,
692 4289 859 4352 universis
869 4290 1103 4353 christifideli-

303 4391 378 4462 bus,
393 4388 435 4450 ad
446 4403 529 4465 quos
541 4386 661 4466 litterae
673 4385 746 4448 istae
762 4388 985 4464 pervenerint,
1006 4389 1102 4450 salu-

303 4493 371 4552 tem
389 4489 422 4548 et
437 4485 652 4562 apostolicam
666 4483 941 4546 benedictionem.

1144 493 1239 539 soror
1266 479 1382 540 nostra
1410 477 1565 551 ecclesia,
1587 493 1686 556 quam
1722 478 1759 538 in
1796 480 1928 556 partibus

2011 34 2013 164 1

2013 216 2014 308 t

1145 575 1289 638 Prussiae
1305 575 1368 636 sibi
1381 576 1540 638 Dominus
1561 575 1731 653 adoptavit
1745 577 1851 637 adbuc
1869 595 1930 655 par·
2015 583 2016 590 ’

1145 674 1224 734 3313
1239 675 1294 744 311,
1309 675 1341 735 31
1354 673 1457 734 ubera
1474 689 1539 734 303
1552 672 1684 746 habeat,
1700 690 1745 735 ne
1761 673 1813 736 lac
1827 675 1931 737 doctri·

1145 787 1197 832 33
1227 771 1313 832 desit
1338 771 1498 848 parvulis,
1529 787 1603 849 quae
1629 771 1776 832 nondum
1808 777 1931 848 possunt
2016 765 2017 772 ’

1144 867 1250 930 301110
1274 868 1349 930 cibo
1373 869 1433 941 uti,
1458 869 1660 930 venerabilis
1685 868 1791 930 irater
1821 873 1930 942 noster,

1144 965 1320 1043 episcopus
1335 967 1493 1039 prussiae,
1515 966 1696 1029 30131303
1719 970 1795 1046 ejus
1816 969 1932 1028 statue-

1144 1065 1232 1136 runt,
1250 1064 1336 1127 sicut
1358 1065 1523 1137 asserunt,
1540 1065 1639 1142 prout
1662 1065 1762 1126 valde
1789 1081 1934 1126 necessa-

1145 1160 1232 1222 rium
1244 1177 1317 1223 esse
1332 1162 1472 1234 0033131,
1489 1162 1621 1224 soboles
1637 1164 1857 1224 Prutenorum
1873 1163 1935 1222 ins-

1144 1259 1267 1322 tituere
1296 1275 1487 1337 puerorum,
1518 1260 1574 1337 qui
1607 1260 1649 1322 ad
1684 1261 1819 1336 gentem
1853 1277 1935 1320 suam

1145 1357 1285 1418 Domino
1298 1357 1554 1418 convertendam
1568 1357 1744 1420 addiscant
1762 1357 1931 1426 efficacius,

1145 1469 1244 1531 quam
1273 1453 1410 1516 advenae
1440 1454 1623 1530 praedicare
1648 1471 1688 1516 ac
1713 1455 1934 1531 evangelizare

1146 1552 1321 1612 Dominum
1336 1555 1448 1615 desum
1463 1551 1641 1615 Christum.
1656 1554 1821 1615 Caeterum
1843 1568 1932 1629 quum

1146 1649 1186 1710 ad
1198 1649 1333 1710 hocsibi
1344 1651 1478 1727 proprie
1489 1665 1555 1712 303
1566 1650 1743 1727 suppetant
1760 1650 1935 1721 facultates,

1147 1748 1398 1810 universitatem
1413 1749 1559 1810 vestram
1575 1747 1774 1810 monendam
1789 1748 1935 1809 duximus

1147 1847 1181 1908 et
1194 1846 1392 1908 hortandam
1407 1861 1466 1924 per
1486 1846 1676 1923 apostolica
1699 1847 1827 1924 scripta
1849 1861 1938 1906 man-

1148 1943 1275 2015 dantes,
1293 1959 1332 2006 ac
1347 1944 1382 2005 in
1405 1944 1635 2006 remissionem
1659 1943 1755 2006 vobis
1783 1943 1939 2021 peccami-

1147 2057 1227 2103 num
1248 2042 1470 2121 injungentes,
1486 2043 1652 2120 quatenus
1671 2040 1712 2103 de
1736 2040 1939 2103 facultatibus

1148 2139 1242 2204 vobis
1257 2140 1377 2202 datisa
1400 2141 1538 2203 Domino
1562 2140 1795 2202 subventionis
1816 2154 1938 2200 manum

1149 2239 1197 2300 eis
1226 2238 1267 2299 ad
1297 2237 1360 2300 hoc
1385 2239 1440 2316 pie
1469 2255 1509 2299 ac
1542 2238 1728 2300 liberaliter
1752 2236 1938 2316 porrigatis,

1149 2336 1340 2413 centuplum
1366 2336 1401 2396 in
1428 2335 1497 2408 via,
1521 2336 1555 2399 31
1581 2335 1684 2398 vitam
1718 2336 1878 2398 aeternam
1909 2333 1938 2393 in

1149 2435 1257 2510 patria
1278 2433 1456 2511 recepturi.

1190 2533 1309 2594 Datum
1335 2534 1459 2602 Rome,
1488 2530 1574 2609 apud
1614 2533 1775 2594 Sanctum
1805 2531 1940 2598 Petrum,

1150 2615 1261 2691 idibus
1271 2629 1363 2702 maii,
1380 2643 1469 2690 anno
1484 2628 1641 2691 secundo.

1477 2808 1625 2897 GGXLI

1284 2955 1336 3014 Ad
1350 2955 1532 3013 utctvcrsos
1547 2953 1676 3014 Gtrtstt
1688 2953 1818 3025 fideles.

1448 3073 1482 3131 11
1496 3075 1562 3131 maii
1575 3074 1654 3132 11111.

1216 3190 1311 3253 [10131.
1322 3189 1408 3240 Codex
1418 3187 1601 3254 diplomaticus
1612 3189 1731 3248 Pmsciae,
1742 3189 1789 3248 tl,
1803 3203 1830 3241 n.
1843 3188 1892 3252 to]

1153 3295 1269 3354 llandat
1289 3297 1487 3369 eleemosynas
1509 3297 1606 3370 colligi
1630 3295 1666 3354 ad
1694 3295 1891 3354 redimendum
1917 3293 1940 3348 in

1260 3386 1373 3442 Prussia
1389 3386 1497 3457 3331133
1517 3399 1589 3458 ques
1608 3385 1715 3459 333331
1730 3392 1846 3443 330331.

1193 3513 1361 3575 Honorius
1377 3514 1433 3584 111,
1457 3512 1531 3583 eto,
1548 3511 1712 3574 universis
1728 3511 1853 3574 Christi
1868 3509 1942 3571 113-

1155 3611 1242 3672 libus
1257 3610 1298 3672 ad
1312 3627 1393 3688 quos
1409 3609 1528 3672 litterae
1544 3610 1616 3672 istae
1627 3611 1854 3687 pervenerint.

1198 3709 1267 3771 Etsi
1283 3708 1401 3769 militia
1418 3707 1538 3769 3113113
1551 3707 1806 3784 hominissuper
1818 3711 1943 3773 terram,

1155 3807 1232 3869 dum
1247 3806 1279 3868 ei
1294 3821 1361 3868 non
1376 3805 1483 3866 solum
1498 3805 1641 3866 mundus
1652 3804 1820 3866 immunda
1834 3817 1947 3880 sugge-

1156 3921 1243 3976 rens,
1260 3905 1417 3980 tanquam
1433 3919 1553 3964 serena
1566 3901 1736 3964 blanditur
1750 3902 1784 3963 in
1801 3903 1945 3967 mortem,

1156 4003 1189 4065 et
1217 4017 1295 4064 caro
1325 4000 1487 4062 adversus
1525 3999 1679 4076 spiritum
1715 4001 1947 4078 concupiscens

1159 4099 1320 4175 exsurgit,
1335 4097 1426 4161 velut
1437 4097 1544 4158 Dalila
1560 4097 1595 4157 in
1616 4099 1822 4170 samsonem,
1840 4109 1947 4158 vemm

1160 4198 1260 4259 etiam
1273 4195 1425 4258 diabolus
1440 4195 1597 4272 tanquam
1612 4194 1665 4255 130
1680 4195 1816 4270 3331333
1839 4190 1949 4256 circuit

1157 4310 1309 4374 quaerens
1333 4308 1431 4372 quem
1457 4293 1566 4354 valeat
1594 4291 1766 4364 devorare,
1795 4292 1844 4353 ita
1869 4285 1947 4370 quod

1158 4409 1257 4472 quum
1272 4391 1503 4454 neclortitudo
1518 4394 1590 4468 ejus
1611 4389 1768 4454 fortitudo
1792 4389 1879 4468 lapis
1900 4386 1947 4455 sit,

1158 4508 1218 4554 330
1233 4506 1311 4552 0330
1327 4489 1432 4567 133133
1443 4505 1535 4550 aenea
1551 4489 1695 4566 nequeat
1709 4505 1752 4550 ex
1764 4483 1949 4550 suavirtute

344 4587 450 4658 Quum
470 4582 514 4644 sit
532 4581 670 4644 humani
689 4581 879 4645 colluctatio
900 4598 968 4644 non
996 4582 1103 4644 solum
1156 4591 1206 4652 tot
1217 4589 1373 4650 resistere
1389 4587 1548 4657 inimicis,
1559 4587 1639 4664 quin
1650 4583 1950 4648 interdumatribu·

305 4685 420 4746 0011t1‘8
433 4695 567 4742 carnem
587 4680 621 4741 θῒ
635 4680 843 4756 sanguinem,
868 4680 1103 4744 verumetiam
1158 4687 1283 4749 latione
1308 4686 1471 4747 malorum
1495 4688 1529 4747 et
1555 4684 1706 4746 dolorum
1739 4683 1861 4746 taedeat
1885 4684 1948 4760 ejus

306 4781 467 4844 adversus
478 4777 667 4855 spiritualia
681 4779 837 4856 nequitiae
854 4779 890 4840 in
902 4778 1102 4852 coelestibus,
1159 4784 1306 4848 aninam
1321 4799 1391 4844 suae
1406 4783 1484 4844 vitae
1496 4785 1632 4860 propter
1642 4781 1837 4858 quodetiam
1852 4785 1950 4857 Apos-

305 4876 558 4956 inexpugnabili
585 4891 621 4938 se
656 4875 752 4939 dehet
778 4880 950 4940 armatura
973 4878 1104 4939 munire
1158 4883 1245 4944 tolus
1260 4879 1489 4944 exclamabat:
1507 4882 1655 4946 0313130
1667 4880 1950 4942 lthcrobttctecor·

306 4977 363 5056 qui
375 4976 446 5040 vult
458 4973 562 5050 ignita
574 4973 720 5049 effugere
730 4973 844 5050 jacula
864 4975 1004 5048 inimici,
1020 4975 1106 5037 elee-
1156 4995 1242 5056 3033
1266 4980 1391 5042 mortts
1412 4980 1526 5051 113133,
1541 4976 1701 5038 habemus
1725 4979 1836 5038 tamen
1854 4972 1950 5038 medi-

306 5088 478 5153 mosyuam
492 5069 647 5132 videlicet
668 5071 906 5148 amplectendo,
920 5089 993 5149 que
1006 5075 1105 5151 Juxta
1160 5094 1234 5140 cum
1264 5077 1422 5139 scientem
1446 5073 1698 5136 infirmitatibus
1722 5075 1846 5136 nostris
1868 5087 1950 5136 com-

306 5171 466 5254 sapiontis
494 5168 638 5230 edictum
666 5171 922 5244 superacutum
948 5171 1102 5249 potentis,
1159 5167 1950 5251 pati,quiquumpeccatanostratulerit,etdolo

308 5279 341 5338 et
363 5287 463 5351 super
483 5269 633 5330 lanceam
657 5267 818 5330 adversus
848 5269 1022 5332 inimicum
1043 5288 1106 5348 pu·
1158 5286 1213 5332 res
1221 5272 1353 5348 nostros
1363 5269 1436 5347 ipse
1443 5266 1595 5344 30313311,
1604 5267 1720 5328 contra
1728 5265 1949 5329 tribulationes

308 5372 436 5450 gnabit,
458 5368 656 5443 extinguens
682 5365 871 5443 peccatum,
896 5367 998 5430 veluti
1018 5383 1105 5445 aque
1160 5366 1323 5446 quaslibet
1337 5364 1487 5428 31103013
1501 5363 1598 5425 nobis
1620 5364 1769 5426 remedia
1795 5378 1949 5443 procura-

307 5473 430 5547 ignem,
447 5465 504 5528 sed
519 5466 607 5528 iuter
619 5464 704 5526 alias
715 5463 958 5541 eleemosynas,
967 5464 1027 5526 illa
1037 5480 1107 5527 cre-
1159 5467 1218 5538 311,
1228 5466 1262 5527 31
1270 5463 1394 5526 morbis
1406 5461 1549 5538 singulis
1560 5460 1711 5538 singulas
1722 5462 1886 5525 salutares
1897 5473 1950 5522 nos

308 5569 398 5630 ditur
412 5564 579 5641 acceptior
589 5563 729 5626 Domino
744 5577 843 5638 quam
856 5561 931 5639 quis
944 5563 986 5626 ad
998 5563 1105 5626 lucri·
1160 5562 1272 5625 docuit
1286 5560 1482 5632 medicinas,
1500 5557 1577 5620 dum
1592 5558 1634 5620 ad
1649 5559 1856 5636 profliganda
1876 5571 1951 5622 mor

308 5664 495 5729 iaciendum
506 5662 678 5724 etanimas
692 5659 864 5736 elargitur.
882 5662 988 5733 Quum
1004 5661 1107 5737 igitur
1160 5660 1258 5723 111333
1273 5657 1358 5720 31113
1378 5656 1522 5720 31311013
1535 5655 1713 5720 virtutibus
1736 5673 1797 5720 303
1819 5653 1951 5718 munivit
