4072 6314
888 349 1062 412 leonculi
1086 350 1131 410 111
1153 351 1300 411 omnint.

268 353 327 412 715
1858 358 1912 414 lili

264 509 411 586 capitulo
427 509 638 570 Laudunensi
659 511 691 569 et
706 507 896 568 hominihus
918 508 988 568 suis
1008 508 1062 570 ni-
1117 509 1160 571 eit
1173 509 1543 586 inventa,praesontium
1557 511 1618 572 tibi
1630 512 1916 576 auctoritatecon·

266 608 447 668 hilominus
462 621 564 682 grave
587 606 742 668 damnum
757 607 791 668 et
809 605 953 682 injurias
978 605 1065 668 irro-
1118 606 1276 679 cedimus,
1294 611 1330 668 ut
1342 609 1567 682 siecclesiam,
1583 625 1642 672 sen
1653 610 1830 672 hominum
1846 612 1916 672 tuo-

268 705 387 781 gando
399 707 532 781 propter
545 704 630 781 quod
643 705 711 765 tam
722 705 794 780 ipse
808 719 908 781 quam
924 703 988 775 sui,
1003 717 1065 780 per
1117 721 1189 764 rum
1206 721 1419 781 oppressores
1431 707 1587 783 injustia
1602 709 1634 769 te
1650 709 1755 770 semel
1772 709 1915 768 secundo

267 819 348 881 quos
362 803 470 865 scelus
490 803 681 880 hujusmodi
696 803 912 879 perpetravit,
923 817 1063 863 excom-
1117 803 1257 864 tertiove
1268 805 1469 876 commoniti,
1483 803 1747 868 satisfactionem
1759 806 1916 868 exhihere

266 901 502 964 manicationis
523 900 657 962 vinculo
673 901 740 962 sint
753 900 903 962 adstricti
923 901 957 962 et
975 901 1063 962 terra
1117 901 1376 979 contempserint
1390 904 1639 979 competentem,
1656 904 1842 976 liceattihi,
1857 921 1918 964 non

267 1005 339 1076 ejus
355 1000 526 1077 supposita
541 999 735 1074 interdicto3
751 999 832 1076 qiria
845 999 957 1060 tamen
976 997 1063 1059 idem
1118 999 1269 1061 obstante
1292 998 1494 1062 frustatorie
1516 1001 1755 1078 appellationis
1775 1001 1914 1078 objecto,

269 1099 402 1172 nobilis,
426 1098 513 1160 sicut
530 1097 625 1160 nohis
651 1113 710 1174 per
727 1100 857 1160 vestrae
879 1097 912 1158 et
927 1094 1063 1174 capituli
1116 1095 1151 1157 in
1167 1113 1224 1160 eos
1239 1113 1415 1160 consuram
1428 1099 1624 1160 canonicam
1639 1114 1817 1160 exercere.
1830 1099 1918 1159 Nulli

173 1211 175 1214 ·
268 1196 500 1258 Laudunensis
515 1196 548 1257 et
561 1195 739 1272 plurimum
760 1195 902 1256 aliorum
919 1193 1063 1256 innotuit
1117 1211 1233 1271 ergo...
1251 1198 1373 1257 nostrae
1395 1196 1622 1258 concessionis
1647 1197 1851 1274 infringere,
1870 1197 1917 1259 vel

271 1296 410 1367 litteras,
423 1294 520 1371 plene
536 1308 635 1370 super
654 1293 706 1353 his
720 1292 867 1369 praefatis
890 1291 1015 1354 decano
1032 1293 1065 1352 et
1117 1293 1166 1365 ei,
1193 1293 1302 1363 etc...,
1333 1309 1437 1370 nsque
1466 1295 1643 1357 contraire.
1677 1295 1711 1356 Si
1744 1294 1825 1372 quis
1855 1311 1919 1354 an-

268 1393 415 1469 capitulo
437 1407 476 1453 ac
502 1407 617 1452 eorum
641 1391 791 1452 ecclesiae
816 1391 997 1466 satisfecit3
1026 1389 1062 1449 in
1117 1392 1308 1463 temeto...

266 1490 385 1569 quihus
409 1489 505 1550 nohis
521 1489 621 1550 etiam
633 1488 813 1551 intimastis
831 1504 929 1566 quam
943 1488 1063 1550 devota
1157 1491 1274 1552 Datum
1311 1491 1423 1551 Romae
1455 1489 1541 1566 apud
1576 1493 1735 1553 Sanctum
1786 1493 1921 1552 Petrum

266 1592 299 1651 et
316 1588 433 1650 humili
446 1586 672 1650 satisfactione
688 1587 788 1666 (idem
812 1584 948 1665 nobilis)
968 1586 1062 1648 vetus
1117 1589 1160 1648 IV
1185 1587 1253 1648 hal.
1275 1587 1367 1659 maii,
1389 1587 1599 1665 pontificatus
1621 1591 1740 1664 nostri,
1760 1605 1853 1650 anno
1872 1605 1922 1648 se-

267 1682 1064 1765 expurgassetfermentum(etessetnova)cons·
1117 1685 1237 1746 cundo.

266 1786 378 1864 persio
394 1800 505 1845 coram
522 1787 600 1855 Deo,
612 1785 772 1846 attentius
787 1782 1003 1861 supplicando
1014 1785 1061 1854 ut,

268 1899 342 1944 cum
358 1885 493 1961 propter
514 1881 713 1943 insidiarum
735 1897 893 1943 occursus
908 1882 976 1943 tarn
990 1881 1063 1958 ipse

267 1997 365 2058 quam
378 1981 430 2042 sui
446 1979 723 2057 adapostolicam
737 1979 853 2041 sedem
868 1979 984 2042 venire
996 1994 1063 2040 non

267 2080 413 2148 audeant
433 2094 493 2155 pro
515 2093 652 2139 munere
666 2077 886 2141 absolutionis
898 2076 1061 2149 hahendo,

267 2177 528 2240 misericorditer
542 2193 616 2237 cum
643 2176 767 2238 eisdem
789 2192 890 2252 agere
907 2175 1064 2260 dignare-

267 2292 361 2336 mur:
378 2291 438 2336 nos
454 2275 608 2350 gerentes
624 2274 786 2346 interris,
803 2275 881 2336 licet
891 2274 1062 2346 immeriti,

1441 1802 1598 1889 CCXIII

1221 1947 1274 2006 Ad
1292 1945 1563 2006 Arcttsstodoren.
1587 1947 1802 2019 episcopum.

1402 2059 1436 2116 28
1451 2058 1533 2130 april.
1551 2059 1630 2116 litt.

1129 2163 1247 2228 [Regost.,
1263 2163 1309 2214 lib.
1330 2163 1360 2226 Il,
1387 2164 1460 2230 epist.
1477 2165 1546 2217 loeti.
1568 2167 1624 2216 lise.
1637 2165 1671 2215 La
1684 2167 1765 2217 Porta
1777 2165 1814 2216 dn
1828 2163 1921 2227 Theti]

1117 2272 1292 2330 Auctoritate
1305 2272 1466 2345 Apostolica
1483 2273 1633 2330 confirmat
1645 2275 1823 2331 sententiam
1845 2272 1917 2328 arhi-

267 2375 357 2435 vices
384 2376 455 2450 ejus
475 2373 530 2450 qui
555 2374 747 2450 peccatores
770 2372 811 2433 ad
836 2371 1062 2450 poenitentiam
1152 2370 1259 2419 trorum
1274 2363 1348 2419 inici·
1367 2362 1518 2434 episcopos
1527 2363 1752 2421 Autissiodoren.
1766 2371 1797 2422 Θί
1812 2362 1920 2420 Ednen.

268 2473 446 2533 miseratus
456 2471 637 2548 exspectat,
650 2471 740 2549 ipsos
752 2472 871 2532 vestrae
879 2470 1063 2549 prudentiae
1152 2452 1189 2508 ‘¹0
1201 2452 1293 2524 bufg⁰
1311 2451 1468 2509 Βθῑὴῑθθῐῃ·

268 2568 1062 2646 duximuscommittendos‚perApostolicavohis
1157 2567 1335 2640 Honorius,
1366 2568 1440 2640 etc,
1470 2569 1655 2631 venerabili
1677 2569 1828 2632 fratri...
1850 2572 1919 2630 An-

270 2668 393 2744 scripta
416 2669 612 2728 mandantes
628 2669 789 2743 quatenus
809 2667 869 2734 eis,
881 2667 976 2742 juxta
989 2666 1062 2727 for·
1117 2666 1328 2728 tissiodoren.
1351 2668 1517 2744 episcopo.

270 2781 356 2826 mam
372 2764 535 2835 ecclesiae,
551 2765 625 2824 vice
646 2766 759 2825 nostra
775 2781 875 2841 super
889 2763 952 2825 hoc
965 2763 1065 2825 ahso-
1157 2765 1355 2826 Terminatae
1370 2765 1498 2842 judicio
1516 2765 1714 2844 quaestiones
1728 2765 1921 2844 apostolico

269 2863 406 2924 lotionis
420 2861 618 2924 heneficium
635 2862 845 2938 impendatis,
856 2863 888 2924 et
905 2861 1064 2924 relaxetis
1118 2861 1237 2924 debent
1250 2863 1431 2922 munimine
1448 2863 1611 2934 rohorari,
1628 2881 1670 2924 ne
1686 2864 1785 2941 lapsu
1800 2866 1923 2938 tempo·

269 2961 461 3038 praedictam
475 2961 672 3022 sententiam
689 2960 868 3030 interdicti,
885 2960 1069 3038 injungen-·
1118 2961 1164 3022 ris
1179 2961 1215 3024 in
1230 2959 1384 3038 abyssum
1401 2961 1579 3022 oblivionis
1602 2962 1735 3040 elapsae,
1753 2963 1791 3024 in
1808 2963 1919 3040 poste-

270 3063 319 3120 tcs
336 3058 460 3120 eisdem
474 3058 680 3136 postmodum
691 3059 776 3136 quod
787 3058 910 3120 talibus
923 3075 1066 3120 consue-
1118 3075 1191 3119 rum
1205 3059 1273 3134 pati
1288 3059 1417 3136 possint
1430 3059 1652 3120 contentionis
1672 3059 1919 3120 incommodum

269 3159 317 3219 vit
331 3159 473 3235 injungi.
497 3157 588 3228 Quod
613 3158 643 3218 si
661 3174 725 3218 non
750 3157 858 3226 amho,
879 3157 964 3219 alter
986 3173 1065 3218 ves-
1118 3157 1283 3218 recidive.
1300 3158 1502 3232 Eapropter,
1518 3157 1719 3218 venerahilis
1733 3158 1768 3217 in
1788 3156 1917 3218 Christo

270 3259 369 3325 trum,
382 3258 444 3316 etc.
458 3257 576 3317 Datum
586 3257 711 3326 Romae,
724 3256 810 3331 apud
823 3255 979 3316 Sanctum
995 3257 1063 3316 Pe·
1118 3255 1232 3326 frater,
1241 3254 1308 3315 tuis
1314 3254 1414 3331 justis
1427 3255 1704 3332 postulationihus
1718 3255 1917 3322 annuentes,

268 3357 367 3425 trum,
385 3355 427 3414 IV
439 3353 506 3414 kal.
521 3352 612 3425 maii,
627 3369 715 3413 anno
733 3352 889 3413 secundo.
1117 3353 1328 3412 diffinitivam
1344 3353 1542 3412 sententiam
1557 3367 1657 3428 qnam
1672 3369 1731 3430 pro
1753 3357 1788 3416 te
1806 3353 1919 3414 contra

1118 3447 1341 3511 venerabilem
1373 3449 1509 3509 fratrem
1541 3451 1689 3510 nostrum
1693 3494 1767 3510 ......
1792 3450 1918 3512 Ednen.

597 3532 735 3620 CCXII
1118 3549 1308 3624 episcopum
1342 3546 1544 3608 venerahilis
1575 3546 1678 3609 frater
1709 3549 1827 3609 noster
1849 3547 1918 3606 Ma·

381 3679 433 3737 Ad
458 3679 651 3738 flmmeum
666 3677 959 3751 arehiepiscowm
1120 3661 1233 3706 nasses
1255 3643 1469 3706 Aurelianen.
1498 3644 1675 3722 episcopus
1697 3647 1730 3708 et
1745 3645 1918 3707 liumbau-

543 3779 790 3836 wammam·
1118 3746 1178 3806 dns
1194 3744 1354 3819 magister
1374 3743 1562 3804 scholarum
1579 3745 1843 3806 Autissiodoren.
1858 3759 1917 3804 ar-

659 3906 665 3918 ,
1117 3842 1206 3913 hitri,
1224 3841 1303 3902 hinc
1328 3841 1406 3902 inde
1427 3841 1537 3912 electi,
1552 3841 1593 3902 de
1617 3843 1790 3920 utriusque
1815 3842 1916 3921 partis

555 3907 590 3964 28
605 3905 686 3980 april.
702 3905 780 3963 late,

362 4022 491 4087 [Theinen
503 4022 669 4072 llonnmenta
684 4021 807 4080 Poloniae,
822 4021 877 4084 1,t,
895 4036 921 4074 n.
934 4020 971 4086 ⁹.]

1118 3939 1337 4015 capitulorum
1373 3953 1513 3999 assensu
1552 3954 1653 4015 snper
1684 3939 1920 4018 jurisdictione

270 4132 306 4187 lit
325 4130 354 4186 in
378 4143 438 4186 suae
453 4129 607 4200 provincie
622 4129 709 4186 duces
724 4137 752 4186 et
772 4135 935 4202 magnates,
953 4128 1000 4200 qni
1021 4143 1065 4186 eo·

1118 4036 1233 4097 domus
1271 4035 1453 4112 religiosae,
1488 4037 1646 4114 capelle,
1680 4053 1719 4099 ac
1749 4039 1849 4116 burgi
1882 4036 1919 4097 de

1118 4133 1287 4195 Bethleem
1300 4133 1389 4210 apud
1402 4135 1640 4196 Clametiacum
1655 4137 1835 4213 protulisse
1848 4149 1919 4196 nos-

305 4219 410 4274 clesias
444 4230 600 4289 earumque
629 4216 762 4275 homines
794 4225 915 4287 vexant,
942 4230 1062 4274 censura

305 4306 443 4364 canonica
459 4305 676 4363 animadvertat.

1118 4233 1248 4303 citatur,
1272 4233 1357 4293 sicut
1383 4231 1417 4293 in
1445 4233 1565 4294 litteris
1591 4235 1794 4296 arbitrorum
1825 4237 1919 4312 ipso-

1118 4347 1190 4390 rum
1204 4328 1379 4392 didicimus
1400 4331 1574 4402 contineri,
1598 4333 1798 4396 auctoritate
1813 4338 1919 4410 Apos-

310 4431 477 4494 Honorius
489 4429 665 4508 episcopus
679 4445 796 4492 servus
809 4431 1061 4502 servorumDef,
1119 4430 1217 4490 tolioa
1249 4429 1503 4500 confirmamus,
1538 4433 1572 4491 et
1599 4433 1772 4507 praesentis
1802 4427 1918 4506 scripti

270 4530 454 4592 venerahili
492 4529 625 4592 fratri...
661 4529 913 4606 archiepiscopo
953 4532 1062 4589 Gnez-
1120 4527 1302 4604 patrocinio
1329 4528 1580 4588 communimus.
1603 4529 1651 4590 Ad
1675 4533 1836 4607 majorem
1860 4544 1919 4589 au-

271 4630 378 4700 nensi,
401 4629 599 4705 Apostolicae
625 4627 718 4689 Sedis
741 4628 861 4704 legato,
878 4627 1065 4688 salutemet
1119 4625 1184 4686 lem
1199 4625 1388 4686 firmitatem
1411 4625 1644 4701 praedictarum
1668 4625 1855 4689 litterarum
1870 4629 1918 4686 te-

270 4727 485 4804 apostolicam
502 4725 777 4788 benedictionem.
1119 4739 1234 4785 norem
1258 4722 1298 4784 de
1331 4722 1432 4784 verbo
1454 4723 1501 4783 ⁴ad
1533 4724 1670 4786 verbum
1698 4727 1917 4802 praesentibus

309 4817 380 4885 Tu'a
415 4823 510 4885 nohis
545 4824 737 4885 fraternitas
766 4822 949 4894 intimavit,
979 4822 1065 4899 quod
1120 4822 1275 4882 duximus
1287 4820 1511 4890 inserendum,
1524 4823 1581 4900 qui
1594 4824 1670 4884 talis
1685 4825 1754 4885 est:

272 4922 417 4982 duceset
441 4922 613 4996 magnates
640 4921 821 4997 provinciae
844 4921 922 4992 tuae,
948 4919 1008 4982 tihi
1034 4923 1067 4982 et
1160 4921 1331 4980 Manasses
1352 4918 1410 4980 Dei
1427 4921 1534 4994 gratia
1547 4921 1760 4982 Aurelianen.
1788 4924 1916 5000 episco-

271 5018 421 5080 ecclesiis
443 5018 508 5077 tuis
533 5019 724 5096 frequenter
752 5019 872 5080 damna
892 5018 1008 5094 gravia
1034 5019 1067 5078 et
1122 5035 1180 5094 pus
1196 5018 1229 5079 et
1250 5017 1293 5077 M.
1320 5017 1583 5080 Autissiodoren.
1601 5014 1795 5093 canonicus,
1813 5019 1916 5082 omni-

271 5116 413 5194 inJurias
428 5113 620 5187 inferentes
643 5117 685 5176 ad
711 5117 945 5194 appellationis
966 5115 1067 5178 diffu-
1121 5116 1181 5176 bus
1194 5117 1374 5193 praesentes
1385 5115 1511 5180 litteras
1524 5118 1724 5194 inspecturis
1736 5118 1770 5180 in
1782 5119 1916 5180 Domino

271 5216 361 5291 gium
373 5230 408 5276 se
424 5214 631 5282 convertunt,
648 5213 684 5273 ut
703 5213 752 5276 sic
771 5216 965 5276 canonicam
986 5230 1066 5291 pos·
1121 5215 1272 5274 salutem.
1287 5215 1449 5274 Noverint
1467 5215 1614 5274 uriiversi
1629 5219 1808 5290 praesentes
1826 5215 1914 5294 pari-

272 5314 338 5374 sint
352 5313 485 5374 eludere
510 5329 549 5375 ao
576 5327 737 5373 enervare
762 5328 949 5374 censuram.
974 5311 1067 5374 Unde
1121 5311 1430 5388 teretfuturi,qnod
1443 5327 1517 5372 curn
1531 5313 1619 5372 inter
1632 5313 1840 5375 venerabiles
1857 5315 1915 5374 fra·

272 5409 367 5470 nobis
395 5411 564 5472 humiliter
588 5410 782 5488 supplicasti
814 5413 850 5474 ut
878 5409 1068 5488 hujusmodi
1122 5410 1391 5470 tresfiualterum
1407 5409 1529 5470 Eduen.
1546 5411 1795 5472 etWillelmum
1811 5413 1914 5473 Autis-

272 5507 408 5568 obviare
430 5509 567 5569 malitiae
589 5509 814 5585 dignaremur.
838 5511 943 5580 Quum
967 5507 1071 5584 igitur
1123 5507 1287 5570 siodoren.
1307 5507 1479 5584 episcopos
1501 5523 1601 5584 super
1620 5509 1758 5584 capella,
1777 5513 1809 5572 et
1824 5511 1915 5571 domo

181 5591 187 5606 ¹
272 5604 452 5683 appellatio
475 5620 541 5664 non
558 5606 592 5664 in
608 5607 782 5683 diffugium
798 5606 1066 5683 opprimentium,
1124 5605 1163 5666 de
1191 5605 1362 5666 Bethleem
1389 5608 1421 5668 et
1448 5604 1553 5681 burgo
1575 5605 1615 5666 de
1640 5606 1809 5668 Bethleem
1835 5603 1914 5685 apud

273 5704 330 5764 serf
359 5705 391 5764 in
416 5717 529 5763 eornm
557 5702 612 5779 qui
638 5705 878 5779 opprimuntur,
904 5703 1068 5778 refugium
1125 5703 1371 5773 Clametiacum,
1388 5702 1441 5763 cui
1454 5703 1731 5779 juredioeoesano
1750 5703 1915 5766 subessent
