4014 6312
84 414 141 476 39³
564 427 571 436 ·
714 409 944 473 EPISTOLAE.
968 413 1046 477 ΜΒ.
1072 411 1096 474 l.

84 559 177 634 amor
200 571 260 636 Dei
284 583 345 632 nec
368 567 595 634 ecclesiastica
619 587 760 634 censura
786 589 879 635 com·
1230 597 1434 688 CCCXVII

85 671 197 750 pessit,
211 669 375 732 illustrem
385 685 497 746 regem
506 671 709 732 Francorum
716 671 877 734 moneatis

84 767 261 848 prudenter
273 768 306 831 et
317 767 499 830 eiticeciter
518 768 684 832 inducatis
700 771 746 841 ut,
770 769 878 831 tactus
932 772 985 832 Aa
994 770 1222 845 propositam
1241 773 1571 833 hermammonem
1591 769 1625 831 ct
1643 783 1730 830 cart-

83 868 292 944 injuriaJesu
305 867 439 939 Christi,
454 870 549 944 cujus
562 883 605 928 en
620 867 877 944 praesumptione
1132 868 1244 930 torem
1255 871 1529 930 suessionenses.

85 965 273 1044 hujusmodi
292 965 461 1042 negotium
477 965 666 1044 impeditur,
688 966 878 1027 eorumdem
1235 999 1335 1057 mii
1353 1000 1432 1057 lm

83 1063 200 1126 Erardi
227 1064 260 1124 et
288 1063 450 1141 Philippae
474 1079 514 1125 ac
538 1063 703 1126 lautorum
730 1064 877 1140 ipsorum
997 1122 1003 1133 ,
1111 1122 1117 1135 ,
1350 1124 1355 1134 ,
1526 1123 1532 1134 ,
1674 1123 1679 1133 ,

83 1161 322 1238 malignitatem
337 1161 549 1222 temerariam
561 1161 880 1240 traditasibipotffi·
934 1121 1162 1186 [Venmdrchrres
1181 1122 1400 1174 administratores
1419 1123 1450 1174 de
1471 1124 1496 1173 le
1508 1123 1569 1174 vrlle
1588 1123 1618 1174 de
1635 1125 1731 1182 aenens.

83 1260 148 1321 tate
174 1260 381 1336 conspescat,
410 1259 443 1320 in
464 1260 527 1321 hoc
552 1263 620 1322 Deo
645 1261 878 1338 potiusquam
1238 1203 1287 1264 Μ’
1302 1203 1444 1270 mm

81 1357 210 1420 homini
231 1357 418 1420 serviendo.
434 1358 559 1420 Taliter
574 1359 683 1420 autem
705 1357 778 1419 sine
792 1357 880 1419 dila-

80 1456 173 1518 tione
192 1455 384 1518 mandatum
399 1455 623 1534 apostolicum
637 1455 775 1534 exsequi
795 1471 877 1533 pro-

79 1553 216 1626 curetis,
228 1554 314 1633 quod
326 1554 418 1616 celus
433 1557 544 1617 Terrae
556 1555 686 1617 Sanctae
699 1570 758 1616 vos
773 1569 879 1616 come-

79 1651 161 1714 dere
175 1651 339 1725 videatur,
362 1653 396 1715 et
405 1653 604 1730 reprehendi
619 1653 659 1714 de
674 1651 877 1729 negligentia

80 1765 147 1811 non
178 1750 322 1827 possitis,
339 1751 396 1812 sed
409 1750 450 1813 de
469 1750 642 1828 diligentia
657 1750 765 1829 potius
782 1766 876 1813 com-

79 1848 243 1910 mendari.
256 1849 346 1921 Quod
358 1849 387 1911 si
399 1865 466 1912 non
477 1865 591 1912 omnes
601 1849 644 1910 iis
654 1849 877 1927 exsequendis

78 1945 256 2024 potueritis
264 1946 439 2020 interesse,
455 1947 492 2010 tu
505 1947 608 2009 irater
620 1946 785 2026 episcope,
803 1963 877 2008 cum

76 2060 198 2106 eorum
223 2045 328 2108 altero
352 2060 393 2108 ea
421 2045 638 2109 nihilominus
668 2045 876 2125 exsequaris.

76 2143 390 2206 Datumutinelia.

933 1320 1049 1378 Mandat
1063 1320 1105 1378 eis
1114 1327 1145 1378 ut
1160 1319 1276 1379 audiant
1290 1327 1406 1380 causam
1419 1321 1492 1379 inter
1502 1321 1655 1395 capitulum
1674 1323 1729 1379 lie·

968 1410 1076 1468 mensis
1092 1410 1226 1468 Ecclesiae
1237 1419 1265 1468 et
1278 1409 1411 1468 ebbenm
1425 1411 1453 1468 S.
1468 1411 1592 1484 Remigii
1607 1417 1635 1468 et
1654 1411 1731 1467 illem

968 1499 1131 1556 terminent

972 1617 1139 1681 Honorius
1149 1619 1335 1697 episcopus,
1348 1633 1464 1680 servus
1475 1633 1647 1680 servornm
1657 1617 1729 1691 Dei,

933 1713 1062 1777 dilectis
1087 1716 1166 1776 liliis
1187 1716 1377 1795 preposite,
1394 1719 1424 1780 J.
1443 1715 1680 1778 archidiacono
1698 1715 1731 1777 et

933 1813 1063 1874 cantori
1078 1814 1387 1887 suessionensibus,
1400 1815 1542 1877 salutem
1557 1815 1590 1876 et
1603 1815 1730 1891 aposto·

932 1909 1032 1972 licam
1046 1910 1322 1977 benedictionem.

972 2008 1092 2072 Dilecti
1104 2010 1165 2073 lilii
1178 2010 1323 2072 decanus
1338 2012 1371 2072 et
1383 2009 1565 2088 capitulum
1582 2013 1729 2072 Remen-

934 2102 980 2164 sis
998 2103 1149 2166 ecclesiae
1168 2104 1264 2168 nobis
1283 2106 1431 2182 graviter
1445 2104 1523 2167 sunt
1546 2105 1729 2181 conquesti,

933 2201 1018 2279 quod
1034 2217 1135 2278 quum
1150 2201 1252 2264 abbas
1270 2203 1303 2266 et
1322 2203 1504 2266 conventus
1520 2205 1553 2264 S.
1573 2201 1727 2278 Remigii,

932 2300 966 2360 et
977 2299 1070 2376 prior
1090 2303 1122 2361 S.
1137 2300 1292 2363 Mauricii
1314 2301 1498 2373 Remensis,
1523 2316 1583 2378 pro
1598 2299 1731 2377 injuriis

387 2349 571 2438 CCCXVI
932 2398 966 2459 et
980 2398 1250 2474 oppressionibus
1264 2398 1370 2460 eidem
1388 2398 1538 2460 ecclesiae
1561 2397 1729 2474 irrogatis,

933 2493 1111 2557 observare
1126 2511 1201 2557 cum
1216 2497 1265 2557 eis
1285 2496 1415 2560 soleant
1437 2495 1649 2558 interdictum
1671 2511 1732 2558 sua

933 2607 1059 2669 organa
1067 2592 1307 2671 suspendendo
1316 2595 1349 2655 id
1359 2593 1492 2656 eiicere
1501 2594 1733 2657 contradicunt

462 2767 479 2780 ..
932 2689 967 2750 in
982 2690 1088 2768 ipsius
1103 2691 1253 2754 ecclesiae
1268 2692 1498 2770 praejudicium
1511 2693 1544 2754 et
1554 2706 1620 2753 non
1631 2691 1734 2753 modi·

381 2766 481 2825 ⁵¹¹¹⁸¹¹
497 2766 576 2825 ¹²¹⁷·
933 2802 1007 2850 cam
1031 2788 1212 2850 lesionem.
1233 2787 1376 2867 ideoque
1397 2789 1592 2856 discretioni
1611 2791 1732 2851 vestrae

228 2899 320 2965 [rosa
334 2900 420 2950 honre
429 2899 543 2959 memo,
552 2903 571 2950 t.
582 2900 614 2961 ιι,
629 2915 654 2966 p.
665 2899 733 2966 tou.
933 2901 994 2964 per
1007 2887 1196 2963 apostolica
1209 2887 1333 2966 scripta
1351 2887 1556 2960 mandamus,
1567 2889 1732 2972 quatenus

70 3016 298 3080 amionem
312 3017 355 3074 eis
371 3015 522 3074 confirma,
538 3016 668 3076 ecclesie
685 3017 801 3076 sm„
814 3018 875 3078 m,
933 2982 1083 3060 partibus
1098 2985 1300 3058 convocatis,
1317 2984 1462 3046 audiatis
1480 2999 1652 3046 causam...
1672 2987 1733 3045 Da·

344 3104 610 3180 ,paep0p5,3ponp„
932 3080 1002 3144 tum
1037 3081 1204 3154 Laterani,
1232 3083 1263 3144 11
1288 3096 1366 3144 non.
1396 3082 1495 3158 maii,
1520 3081 1731 3160 pontificatus

602 3189 606 3194 ·
932 3178 1272 3259 nostriennoprimo.

75 2539 129 2600 aa
172 2537 383 2612 Stephanum
416 2539 571 2600 abbatem
605 2537 638 2600 ct
672 2539 878 2601 conventum

374 2638 589 2698 Cortonenses.

112 3231 289 3294 Honorius
304 3231 478 3310 episcopus
500 3247 617 3294 servus
632 3247 804 3296 servorum
819 3235 878 3296 Dei
1332 3284 1336 3295 .

69 3329 212 3392 dilectis
226 3328 304 3391 tiliis
322 3329 445 3404 abbati,
460 3330 493 3394 et
511 3330 688 3393 conventui
703 3331 878 3394 (lesinensi

68 3429 222 3491 salutem
238 3430 270 3490 et
284 3427 785 3506 apostolicambenedictionem.
1221 3366 1446 3456 CCCXVIII
1544 3515 1547 3522 Δ

108 3526 225 3591 Justis
249 3526 431 3604 petentium
463 3525 636 3588 desideriis
667 3526 804 3604 dignum
827 3528 891 3590 est.
933 3520 986 3581 Ad
997 3519 1181 3581 abbatetel
1195 3519 1734 3595 wltversosfratt'esProemoite'-

68 3640 138 3687 nos
171 3623 304 3685 facilem
331 3623 480 3701 praebere
502 3639 711 3696 consensum,
738 3624 771 3686 et
788 3627 876 3699 vota,
1243 3616 1427 3679 trote-ntes.

68 3739 152 3800 quae
169 3737 190 3784 a
205 3722 346 3784 rationis
366 3721 500 3784 tramite
523 3737 591 3783 non
612 3720 814 3796 discordant,
829 3723 879 3786 ei·
1235 3747 1337 3805 pmii
1350 3747 1429 3806 lili.

67 3819 169 3882 fectu
183 3821 404 3898 prosequente
420 3818 596 3896 complere.
613 3821 805 3898 Eapropter,
823 3820 878 3882 di·

66 3917 157 3981 lecti
170 3918 207 3978 in
223 3918 362 3979 Domino
374 3916 447 3990 lilii,
464 3917 585 3979 vestris
595 3917 697 3995 justis
710 3918 880 3994 petitioni-

66 4015 137 4078 bus
164 4015 262 4092 grato
274 4016 509 4077 concurrentes
528 4031 680 4088 assensu,
697 4015 879 4078 Ecclesiam

64 4117 214 4176 Sanctae
225 4114 341 4174 Mariae
356 4113 396 4175 de
408 4113 577 4189 Virgionis
592 4112 632 4174 de
644 4112 739 4192 bonae
754 4129 880 4175 memo·

65 4213 135 4276 riae
155 4211 334 4273 Portuensi
357 4211 616 4288 episcopatum
637 4211 733 4274 titulo
750 4213 879 4274 Sanctae
973 4193 1141 4255 H01¹⁰li¹1³
1150 4193 1336 4271 episcopus,
1344 4210 1460 4256 ⁸01‘V118
1476 4211 1650 4258 ⁸0¹‘V01'llm
1658 4197 1730 4269 Dei,

64 4313 246 4372 sagam
267 4309 470 4388 praesbytero
495 4308 657 4370 cardinali
680 4310 879 4386 Apostoqpcae
935 4290 1064 4353 dilectis
1079 4289 1158 4352 liliis
1166 4289 1340 4355 abbatibus
1352 4293 1385 4353 et
1393 4292 1558 4360 universis
1572 4291 1733 4355 fratribus

65 4409 177 4470 Sedis
194 4408 327 4484 Legem,
345 4406 401 4484 pia
415 4405 510 4468 vobis
524 4406 789 4469 consideratione
805 4408 879 4468 col·
934 4388 1265 4452 Plaeffl0ss⁸llit0sssifl
1282 4389 1419 4463 Ordinis,
1433 4391 1572 4456 salutem
1587 4394 1620 4453 θῖ
1632 4408 1733 4468 ³90³·

62 4507 195 4578 latam,
211 4505 296 4568 sicut
308 4521 381 4566 eam
389 4504 481 4582 juste
491 4519 530 4564 ac
541 4502 678 4581 pacifice
688 4504 878 4582 possidetis,
934 4485 1068 4549 t⁰¹i⁰³¹¹1
1082 4484 1358 4548 benedicimini·

62 4605 187 4677 vobis,
205 4604 239 4666 et
250 4620 310 4682 per
323 4619 382 4665 vos
397 4602 600 4665 monasterio
614 4603 726 4665 restro
739 4604 881 4667 auctori·
975 4585 1044 4646 Elii
1060 4600 1157 4646 nemo
1171 4584 1331 4655 militans,
1341 4586 1408 4646 1³00
1427 4583 1540 4646 lilibus
1559 4601 1596 4646 80
1618 4583 1735 4648 debeat

60 4705 146 4768 (εἴθ
169 4701 360 4779 Apospoppca
384 4700 629 4773 mummulus,
648 4701 682 4763 eq
707 4702 882 4779 praesentis
934 4683 1123 4745 immiscere
1138 4683 1171 4744 et
1186 4690 1323 4754 caetera„
1331 4683 1368 4745 ut
1386 4683 1423 4744 in
1434 4681 1613 4760 diplomate
1629 4686 1733 4746 Inno-

63 4801 200 4878 scripti
217 4798 401 4877 patrocinio
421 4799 673 4860 communimus.
692 4799 784 4860 Nulli
802 4815 880 4876 ergo
935 4781 1037 4850 centii
1052 4783 1113 4846 1112

62 4900 219 4964 omnino
234 4897 404 4962 hominum
420 4896 518 4958 liceat
532 4896 785 4974 hancpaginam
797 4913 879 4959 nos·
977 4878 1188 4940 Innocentius
1209 4877 1401 4955 episcopus,
1423 4893 1540 4940 serlus
1561 4895 1734 4944 servorum

61 5005 128 5064 tra
159 4993 441 5067 confirmationis,
465 4995 498 5056 et
523 4994 737 5071 protectionis
761 4995 883 5056 quirin.
936 4975 1152 5050 Del,dilectis
1163 4974 1241 5035 filiis
1252 4973 1424 5037 abbatibus
1436 4977 1469 5038 et
1482 4977 1648 5040 universis
1659 4979 1732 5042 ira-

58 5113 172 5177 gerg,
187 5094 241 5156 vop
265 5093 298 5154 01
321 5108 407 5153 ausu
427 5092 604 5154 temerario
622 5093 825 5154 contraire...
846 5093 882 5155 gp
935 5073 1041 5137 tribus
1066 5073 1194 5142 ordinis
1220 5074 1567 5150 praemonstratensis,
1594 5077 1735 5142 salutem

58 5196 156 5276 quis
172 5191 362 5254 autemhoc
377 5190 541 5252 attentare
553 5191 812 5267 presumpserit,
829 5191 883 5252 in·
937 5173 969 5235 θῑ
983 5170 1484 5250 ³P082011⁰³mb0110d10fi0110m

56 5290 309 5371 dignationem
324 5288 558 5365 omnipotentis
574 5288 644 5360 Dei,
662 5289 695 5350 et
708 5287 882 5350 beatorum
976 5271 1046 5332 Etsi
1067 5285 1164 5331 nemo
1184 5269 1334 5330 militans
1350 5273 1417 5332 Deo
1434 5269 1548 5332 litibus
1567 5287 1603 5332 se
1618 5271 1736 5335 debeat

60 5389 174 5456 Petri
188 5388 223 5449 et
242 5385 337 5447 Pauli
353 5385 585 5462 Apostolorum
601 5388 673 5463 ejus
693 5401 729 5448 se
753 5387 883 5449 noverit
937 5367 1135 5440 immiscere
1159 5381 1260 5444 quum
1289 5383 1422 5429 setium
1450 5367 1583 5429 D0fflissi
1603 5368 1736 5446 litigare

1027 3870 1074 3936 [Le
1085 3869 1170 3934 Paige,
1181 3869 1342 3921 bibliothece
1352 3871 1515 3932 incuteret„
1530 3887 1557 3938 p.
1570 3871 1638 3938 oieJ.

934 3985 1052 4050 Mandra
1064 3994 1095 4045 ut
1106 4001 1210 4050 causas
1227 3985 1263 4044 de
1277 3986 1363 4047 rebus
1377 3987 1571 4061 spiritualibus
1589 3987 1626 4047 ad
1643 3990 1731 4048 Sanc·

1164 4082 1223 4134 tam
1240 4074 1343 4140 Sedent
1357 4075 1498 4140 delerant.

57 5494 307 5554 incursurum.
329 5483 448 5544 Datum
467 5483 636 5556 Laterani,
650 5484 750 5546 tertio
774 5500 885 5548 nonas
937 5463 1610 5537 1¹⁰¹1=d000⁸b⁵0dad0¹11110⁸⁸⁰⁰¹1¹¹dl¹m
1629 5470 1738 5544 APOS·
1842 5508 1848 5514 ¹

56 5585 176 5664 Maii,
194 5581 410 5649 pontificatus
425 5580 530 5646 nostri
546 5597 633 5642 anno
648 5581 771 5657 primot
831 5601 833 5604 ·
937 5563 1045 5624 tolum
1064 5577 1137 5624 0880
1160 5562 1289 5638 mitem}
1318 5561 1396 5639 qula
1430 5561 1542 5624 tamen
1577 5563 1735 5627 inimicus

937 5661 1036 5723 homo
1049 5660 1114 5723 sibi
1128 5660 1228 5722 messi
1248 5660 1428 5721 Dominicae
1443 5659 1571 5722 zizania
1587 5660 1736 5724 dolosius

938 5759 1211 5837 superseminare
1219 5759 1367 5832 conatur,
1383 5757 1470 5820 unde
1484 5757 1575 5822 dolet
1590 5758 1736 5826 fertilio-
