<?xml version="1.0" encoding="UTF-8"?>
<!DOCTYPE html PUBLIC "-//W3C//DTD XHTML 1.0 Transitional//EN"
    "http://www.w3.org/TR/xhtml1/DTD/xhtml1-transitional.dtd">
<html xmlns="http://www.w3.org/1999/xhtml" xml:lang="en" lang="en">
 <head>
  <title>
</title>
<meta http-equiv="Content-Type" content="text/html;charset=utf-8" />
  <meta name='ocr-system' content='tesseract 3.04.00' />
  <meta name='ocr-capabilities' content='ocr_page ocr_carea ocr_par ocr_line ocrx_word'/>
</head>
<body>
  <div class='ocr_page' id='page_1' title='image "./mediiaevibiblio01unkngoog_0052.png"; bbox 0 0 3994 6326; ppageno 0'>
   <div class='ocr_carea' id='block_1_1' title="bbox 86 263 1723 384">
    <p class='ocr_par' dir='ltr' id='par_1_1' title="bbox 86 263 1723 384">
     <span class='ocr_line' id='line_1_1' title="bbox 86 263 1723 384; baseline 0.007 -38"><span class='ocrx_word' id='word_1_1' title='bbox 86 283 119 346; x_wconf 75' lang='lat' dir='ltr'><strong>a»</strong></span> <span class='ocrx_word' id='word_1_2' title='bbox 470 283 622 345; x_wconf 80' lang='lat' dir='ltr'><strong>v.-1rr</strong></span> <span class='ocrx_word' id='word_1_3' title='bbox 644 263 1115 352; x_wconf 76' lang='lat' dir='ltr'><strong>assnurrroaaauarm</strong></span> <span class='ocrx_word' id='word_1_4' title='bbox 1134 287 1298 384; x_wconf 76' lang='lat' dir='ltr'><strong>nanim.</strong></span> <span class='ocrx_word' id='word_1_5' title='bbox 1683 295 1723 358; x_wconf 90' lang='lat' dir='ltr'><strong>oo</strong></span> 
     </span>
    </p>
   </div>
   <div class='ocr_carea' id='block_1_2' title="bbox 34 439 1752 5716">
    <p class='ocr_par' dir='ltr' id='par_1_2' title="bbox 77 439 1729 2498">
     <span class='ocr_line' id='line_1_2' title="bbox 116 439 1728 528; baseline 0.007 -24"><span class='ocrx_word' id='word_1_6' title='bbox 116 442 179 504; x_wconf 84' lang='lat' dir='ltr'><strong>ilco</strong></span> <span class='ocrx_word' id='word_1_7' title='bbox 191 439 275 504; x_wconf 87' lang='lat' dir='ltr'><strong>bene</strong></span> <span class='ocrx_word' id='word_1_8' title='bbox 294 441 449 505; x_wconf 73' lang='lat' dir='ltr'><strong>convenit</strong></span> <span class='ocrx_word' id='word_1_9' title='bbox 469 441 579 506; x_wconf 76' lang='lat' dir='ltr'><strong>Beata</strong></span> <span class='ocrx_word' id='word_1_10' title='bbox 595 442 726 522; x_wconf 79' lang='lat' dir='ltr'><strong>Virgini</strong></span> <span class='ocrx_word' id='word_1_11' title='bbox 741 445 868 519; x_wconf 86' lang='lat' dir='ltr'><strong>Mariae,</strong></span> <span class='ocrx_word' id='word_1_12' title='bbox 925 445 1243 528; x_wconf 62' lang='lat' dir='ltr'><strong>gnatae-quodnam</strong></span> <span class='ocrx_word' id='word_1_13' title='bbox 1254 447 1375 522; x_wconf 80' lang='lat' dir='ltr'><strong>caetera</strong></span> <span class='ocrx_word' id='word_1_14' title='bbox 1388 463 1490 528; x_wconf 87' lang='lat' dir='ltr'><strong>opera</strong></span> <span class='ocrx_word' id='word_1_15' title='bbox 1504 449 1728 516; x_wconf 76' lang='lat' dir='ltr'><strong>exhibeantur</strong></span> 
     </span>
     <span class='ocr_line' id='line_1_3' title="bbox 85 527 1727 626; baseline 0.007 -24"><span class='ocrx_word' id='word_1_16' title='bbox 85 557 147 618; x_wconf 80' lang='lat' dir='ltr'><strong>qna</strong></span> <span class='ocrx_word' id='word_1_17' title='bbox 158 539 301 618; x_wconf 80' lang='lat' dir='ltr'><strong>quotidie</strong></span> <span class='ocrx_word' id='word_1_18' title='bbox 320 555 387 602; x_wconf 88' lang='lat' dir='ltr'><strong>non</strong></span> <span class='ocrx_word' id='word_1_19' title='bbox 408 527 518 604; x_wconf 85' lang='lat' dir='ltr'><strong>cessat</strong></span> <span class='ocrx_word' id='word_1_20' title='bbox 532 541 637 604; x_wconf 83' lang='lat' dir='ltr'><strong>filium</strong></span> <span class='ocrx_word' id='word_1_21' title='bbox 662 559 757 606; x_wconf 89' lang='lat' dir='ltr'><strong>suum</strong></span> <span class='ocrx_word' id='word_1_22' title='bbox 782 560 868 605; x_wconf 79' lang='lat' dir='ltr'><strong>exo·</strong></span> <span class='ocrx_word' id='word_1_23' title='bbox 925 543 1013 606; x_wconf 82' lang='lat' dir='ltr'><strong>rivis</strong></span> <span class='ocrx_word' id='word_1_24' title='bbox 1036 545 1205 626; x_wconf 87' lang='lat' dir='ltr'><strong>tamqnam</strong></span> <span class='ocrx_word' id='word_1_25' title='bbox 1240 544 1380 608; x_wconf 81' lang='lat' dir='ltr'><strong>sortibus</strong></span> <span class='ocrx_word' id='word_1_26' title='bbox 1409 547 1442 610; x_wconf 90' lang='lat' dir='ltr'><strong>et</strong></span> <span class='ocrx_word' id='word_1_27' title='bbox 1471 546 1635 622; x_wconf 83' lang='lat' dir='ltr'><strong>robustis,</strong></span> <span class='ocrx_word' id='word_1_28' title='bbox 1663 549 1727 614; x_wconf 92' lang='lat' dir='ltr'><strong>boc</strong></span> 
     </span>
     <span class='ocr_line' id='line_1_4' title="bbox 85 637 1725 722; baseline 0.007 -24"><span class='ocrx_word' id='word_1_29' title='bbox 85 654 160 708; x_wconf 90' lang='lat' dir='ltr'><strong>rare,</strong></span> <span class='ocrx_word' id='word_1_30' title='bbox 175 639 209 700; x_wconf 93' lang='lat' dir='ltr'><strong>ut</strong></span> <span class='ocrx_word' id='word_1_31' title='bbox 227 637 282 702; x_wconf 90' lang='lat' dir='ltr'><strong>dot</strong></span> <span class='ocrx_word' id='word_1_32' title='bbox 302 639 539 717; x_wconf 88' lang='lat' dir='ltr'><strong>poenitentibus</strong></span> <span class='ocrx_word' id='word_1_33' title='bbox 558 641 702 714; x_wconf 85' lang='lat' dir='ltr'><strong>veniam,</strong></span> <span class='ocrx_word' id='word_1_34' title='bbox 728 643 761 704; x_wconf 90' lang='lat' dir='ltr'><strong>et</strong></span> <span class='ocrx_word' id='word_1_35' title='bbox 785 642 869 704; x_wconf 90' lang='lat' dir='ltr'><strong>bene</strong></span> <span class='ocrx_word' id='word_1_36' title='bbox 924 642 1128 719; x_wconf 85' lang='lat' dir='ltr'><strong>impenditur</strong></span> <span class='ocrx_word' id='word_1_37' title='bbox 1145 643 1276 706; x_wconf 92' lang='lat' dir='ltr'><strong>mortuo</strong></span> <span class='ocrx_word' id='word_1_38' title='bbox 1292 644 1460 722; x_wconf 87' lang='lat' dir='ltr'><strong>tamquam</strong></span> <span class='ocrx_word' id='word_1_39' title='bbox 1472 645 1586 722; x_wconf 85' lang='lat' dir='ltr'><strong>tragili</strong></span> <span class='ocrx_word' id='word_1_40' title='bbox 1599 649 1632 709; x_wconf 93' lang='lat' dir='ltr'><strong>et</strong></span> <span class='ocrx_word' id='word_1_41' title='bbox 1646 664 1725 712; x_wconf 88' lang='lat' dir='ltr'><strong>cor-</strong></span> 
     </span>
     <span class='ocr_line' id='line_1_5' title="bbox 86 736 1033 818; baseline 0.004 -20"><span class='ocrx_word' id='word_1_42' title='bbox 86 736 272 800; x_wconf 83' lang='lat' dir='ltr'><strong>merentibus</strong></span> <span class='ocrx_word' id='word_1_43' title='bbox 292 736 435 813; x_wconf 81' lang='lat' dir='ltr'><strong>gloriam</strong></span> <span class='ocrx_word' id='word_1_44' title='bbox 463 739 709 816; x_wconf 88' lang='lat' dir='ltr'><strong>sempiternam.</strong></span> <span class='ocrx_word' id='word_1_45' title='bbox 739 741 869 802; x_wconf 82' lang='lat' dir='ltr'><strong>Securi·</strong></span> <span class='ocrx_word' id='word_1_46' title='bbox 925 740 1033 818; x_wconf 80' lang='lat' dir='ltr'><strong>rupto.</strong></span> 
     </span>
     <span class='ocr_line' id='line_1_6' title="bbox 85 834 1727 920; baseline 0.007 -25"><span class='ocrx_word' id='word_1_47' title='bbox 85 834 150 896; x_wconf 92' lang='lat' dir='ltr'><strong>dum</strong></span> <span class='ocrx_word' id='word_1_48' title='bbox 161 835 302 896; x_wconf 83' lang='lat' dir='ltr'><strong>officinm</strong></span> <span class='ocrx_word' id='word_1_49' title='bbox 320 834 398 898; x_wconf 79' lang='lat' dir='ltr'><strong>ritae</strong></span> <span class='ocrx_word' id='word_1_50' title='bbox 418 837 682 914; x_wconf 84' lang='lat' dir='ltr'><strong>contemplativae</strong></span> <span class='ocrx_word' id='word_1_51' title='bbox 706 838 870 900; x_wconf 89' lang='lat' dir='ltr'><strong>describi·</strong></span> <span class='ocrx_word' id='word_1_52' title='bbox 966 839 1056 900; x_wconf 89' lang='lat' dir='ltr'><strong>luter</strong></span> <span class='ocrx_word' id='word_1_53' title='bbox 1070 837 1169 916; x_wconf 71' lang='lat' dir='ltr'><strong>bidus</strong></span> <span class='ocrx_word' id='word_1_54' title='bbox 1180 838 1267 902; x_wconf 89' lang='lat' dir='ltr'><strong>tilios</strong></span> <span class='ocrx_word' id='word_1_55' title='bbox 1283 841 1419 920; x_wconf 87' lang='lat' dir='ltr'><strong>quartus</strong></span> <span class='ocrx_word' id='word_1_56' title='bbox 1434 841 1544 906; x_wconf 79' lang='lat' dir='ltr'><strong>extitit</strong></span> <span class='ocrx_word' id='word_1_57' title='bbox 1554 845 1573 906; x_wconf 84' lang='lat' dir='ltr'>J</span> <span class='ocrx_word' id='word_1_58' title='bbox 1576 843 1669 918; x_wconf 86' lang='lat' dir='ltr'><strong>udas,</strong></span> <span class='ocrx_word' id='word_1_59' title='bbox 1686 846 1727 907; x_wconf 91' lang='lat' dir='ltr'><strong>de</strong></span> 
     </span>
     <span class='ocr_line' id='line_1_7' title="bbox 84 932 1724 1016; baseline 0.006 -22"><span class='ocrx_word' id='word_1_60' title='bbox 84 935 140 1004; x_wconf 88' lang='lat' dir='ltr'><strong>tur,</strong></span> <span class='ocrx_word' id='word_1_61' title='bbox 165 949 238 994; x_wconf 92' lang='lat' dir='ltr'><strong>oum</strong></span> <span class='ocrx_word' id='word_1_62' title='bbox 260 932 383 995; x_wconf 90' lang='lat' dir='ltr'><strong>dicitur</strong></span> <span class='ocrx_word' id='word_1_63' title='bbox 399 954 406 994; x_wconf 91' lang='lat'><strong>:</strong></span> <span class='ocrx_word' id='word_1_64' title='bbox 423 933 580 996; x_wconf 82' lang='lat' dir='ltr'><strong>audiebat</strong></span> <span class='ocrx_word' id='word_1_65' title='bbox 606 934 744 996; x_wconf 82' lang='lat' dir='ltr'><strong>verbum</strong></span> <span class='ocrx_word' id='word_1_66' title='bbox 768 936 869 998; x_wconf 91' lang='lat' dir='ltr'><strong>illius.</strong></span> <span class='ocrx_word' id='word_1_67' title='bbox 926 952 990 1014; x_wconf 93' lang='lat' dir='ltr'><strong>quo</strong></span> <span class='ocrx_word' id='word_1_68' title='bbox 1017 936 1199 998; x_wconf 90' lang='lat' dir='ltr'><strong>secundnm</strong></span> <span class='ocrx_word' id='word_1_69' title='bbox 1219 953 1353 1000; x_wconf 90' lang='lat' dir='ltr'><strong>carnem</strong></span> <span class='ocrx_word' id='word_1_70' title='bbox 1373 939 1541 1003; x_wconf 90' lang='lat' dir='ltr'><strong>natusest</strong></span> <span class='ocrx_word' id='word_1_71' title='bbox 1563 942 1724 1016; x_wconf 85' lang='lat' dir='ltr'><strong>Christus,</strong></span> 
     </span>
     <span class='ocr_line' id='line_1_8' title="bbox 85 1029 1727 1118; baseline 0.007 -27"><span class='ocrx_word' id='word_1_72' title='bbox 85 1030 161 1102; x_wconf 87' lang='lat' dir='ltr'><strong>Quod</strong></span> <span class='ocrx_word' id='word_1_73' title='bbox 180 1029 265 1092; x_wconf 88' lang='lat' dir='ltr'><strong>bene</strong></span> <span class='ocrx_word' id='word_1_74' title='bbox 285 1033 397 1093; x_wconf 82' lang='lat' dir='ltr'><strong>Beatae</strong></span> <span class='ocrx_word' id='word_1_75' title='bbox 423 1031 540 1094; x_wconf 82' lang='lat' dir='ltr'><strong>blariae</strong></span> <span class='ocrx_word' id='word_1_76' title='bbox 560 1034 725 1106; x_wconf 87' lang='lat' dir='ltr'><strong>convenit,</strong></span> <span class='ocrx_word' id='word_1_77' title='bbox 751 1034 791 1096; x_wconf 90' lang='lat' dir='ltr'><strong>de</strong></span> <span class='ocrx_word' id='word_1_78' title='bbox 807 1051 871 1113; x_wconf 92' lang='lat' dir='ltr'><strong>qua</strong></span> <span class='ocrx_word' id='word_1_79' title='bbox 927 1033 960 1094; x_wconf 88' lang='lat' dir='ltr'><strong>el</strong></span> <span class='ocrx_word' id='word_1_80' title='bbox 984 1034 1071 1096; x_wconf 91' lang='lat' dir='ltr'><strong>iuter</strong></span> <span class='ocrx_word' id='word_1_81' title='bbox 1093 1035 1194 1112; x_wconf 88' lang='lat' dir='ltr'><strong>hujus</strong></span> <span class='ocrx_word' id='word_1_82' title='bbox 1220 1051 1321 1114; x_wconf 89' lang='lat' dir='ltr'><strong>opera</strong></span> <span class='ocrx_word' id='word_1_83' title='bbox 1343 1037 1495 1116; x_wconf 91' lang='lat' dir='ltr'><strong>quartum</strong></span> <span class='ocrx_word' id='word_1_84' title='bbox 1517 1039 1568 1102; x_wconf 88' lang='lat' dir='ltr'><strong>est</strong></span> <span class='ocrx_word' id='word_1_85' title='bbox 1593 1042 1727 1118; x_wconf 89' lang='lat' dir='ltr'><strong>operire</strong></span> 
     </span>
     <span class='ocr_line' id='line_1_9' title="bbox 85 1129 1726 1214; baseline 0.007 -25"><span class='ocrx_word' id='word_1_86' title='bbox 85 1129 873 1207; x_wconf 79' lang='lat' dir='ltr'><strong>diciturinltvangelio‚utsupradiximus:Ma-</strong></span> <span class='ocrx_word' id='word_1_87' title='bbox 926 1133 1051 1196; x_wconf 91' lang='lat' dir='ltr'><strong>nudum</strong></span> <span class='ocrx_word' id='word_1_88' title='bbox 1080 1133 1215 1212; x_wconf 91' lang='lat' dir='ltr'><strong>propter</strong></span> <span class='ocrx_word' id='word_1_89' title='bbox 1240 1135 1328 1214; x_wconf 84' lang='lat' dir='ltr'><strong>quod</strong></span> <span class='ocrx_word' id='word_1_90' title='bbox 1358 1135 1550 1213; x_wconf 82' lang='lat' dir='ltr'><strong>specialiter</strong></span> <span class='ocrx_word' id='word_1_91' title='bbox 1575 1139 1726 1202; x_wconf 85' lang='lat' dir='ltr'><strong>Christus</strong></span> 
     </span>
     <span class='ocr_line' id='line_1_10' title="bbox 86 1229 1727 1316; baseline 0.007 -28"><span class='ocrx_word' id='word_1_92' title='bbox 86 1231 132 1288; x_wconf 73' lang='lat' dir='ltr'><strong>ria</strong></span> <span class='ocrx_word' id='word_1_93' title='bbox 144 1229 367 1290; x_wconf 83' lang='lat' dir='ltr'><strong>conservabat</strong></span> <span class='ocrx_word' id='word_1_94' title='bbox 388 1232 505 1290; x_wconf 82' lang='lat' dir='ltr'><strong>amata</strong></span> <span class='ocrx_word' id='word_1_95' title='bbox 529 1233 636 1292; x_wconf 85' lang='lat' dir='ltr'><strong>cerba</strong></span> <span class='ocrx_word' id='word_1_96' title='bbox 653 1235 725 1293; x_wconf 78' lang='lat' dir='ltr'><strong>brec</strong></span> <span class='ocrx_word' id='word_1_97' title='bbox 750 1235 870 1308; x_wconf 81' lang='lat' dir='ltr'><strong>consc-</strong></span> <span class='ocrx_word' id='word_1_98' title='bbox 926 1231 1108 1292; x_wconf 88' lang='lat' dir='ltr'><strong>secundum</strong></span> <span class='ocrx_word' id='word_1_99' title='bbox 1124 1248 1259 1294; x_wconf 88' lang='lat' dir='ltr'><strong>carnem</strong></span> <span class='ocrx_word' id='word_1_100' title='bbox 1271 1233 1370 1296; x_wconf 88' lang='lat' dir='ltr'><strong>natus</strong></span> <span class='ocrx_word' id='word_1_101' title='bbox 1386 1235 1446 1298; x_wconf 90' lang='lat' dir='ltr'><strong>est.</strong></span> <span class='ocrx_word' id='word_1_102' title='bbox 1462 1237 1567 1299; x_wconf 90' lang='lat' dir='ltr'><strong>Homo</strong></span> <span class='ocrx_word' id='word_1_103' title='bbox 1584 1253 1727 1316; x_wconf 89' lang='lat' dir='ltr'><strong>namque</strong></span> 
     </span>
     <span class='ocr_line' id='line_1_11' title="bbox 83 1325 1726 1405; baseline 0.007 -20"><span class='ocrx_word' id='word_1_104' title='bbox 83 1340 153 1386; x_wconf 83' lang='lat' dir='ltr'><strong>roas</strong></span> <span class='ocrx_word' id='word_1_105' title='bbox 170 1329 206 1386; x_wconf 84' lang='lat' dir='ltr'><strong>in</strong></span> <span class='ocrx_word' id='word_1_106' title='bbox 225 1329 327 1388; x_wconf 86' lang='lat' dir='ltr'><strong>carde</strong></span> <span class='ocrx_word' id='word_1_107' title='bbox 350 1341 423 1388; x_wconf 87' lang='lat' dir='ltr'><strong>sao.</strong></span> <span class='ocrx_word' id='word_1_108' title='bbox 440 1326 501 1388; x_wconf 86' lang='lat' dir='ltr'><strong>Vel</strong></span> <span class='ocrx_word' id='word_1_109' title='bbox 526 1343 584 1404; x_wconf 92' lang='lat' dir='ltr'><strong>per</strong></span> <span class='ocrx_word' id='word_1_110' title='bbox 609 1325 709 1405; x_wconf 90' lang='lat' dir='ltr'><strong>pedes</strong></span> <span class='ocrx_word' id='word_1_111' title='bbox 737 1329 870 1390; x_wconf 91' lang='lat' dir='ltr'><strong>Domini</strong></span> <span class='ocrx_word' id='word_1_112' title='bbox 926 1328 1145 1392; x_wconf 90' lang='lat' dir='ltr'><strong>descenderat</strong></span> <span class='ocrx_word' id='word_1_113' title='bbox 1159 1346 1179 1391; x_wconf 93' lang='lat' dir='ltr'><strong>a</strong></span> <span class='ocrx_word' id='word_1_114' title='bbox 1194 1331 1379 1393; x_wconf 84' lang='lat' dir='ltr'><strong>Jerusalem</strong></span> <span class='ocrx_word' id='word_1_115' title='bbox 1401 1332 1436 1392; x_wconf 94' lang='lat' dir='ltr'><strong>in</strong></span> <span class='ocrx_word' id='word_1_116' title='bbox 1459 1333 1606 1404; x_wconf 79' lang='lat' dir='ltr'><strong>iericho,</strong></span> <span class='ocrx_word' id='word_1_117' title='bbox 1622 1335 1654 1396; x_wconf 90' lang='lat' dir='ltr'><strong>et</strong></span> <span class='ocrx_word' id='word_1_118' title='bbox 1669 1335 1726 1396; x_wconf 93' lang='lat' dir='ltr'><strong>in-</strong></span> 
     </span>
     <span class='ocr_line' id='line_1_12' title="bbox 83 1423 1728 1507; baseline 0.009 -25"><span class='ocrx_word' id='word_1_119' title='bbox 83 1423 138 1484; x_wconf 92' lang='lat' dir='ltr'><strong>dno</strong></span> <span class='ocrx_word' id='word_1_120' title='bbox 151 1423 269 1486; x_wconf 87' lang='lat' dir='ltr'><strong>mentis</strong></span> <span class='ocrx_word' id='word_1_121' title='bbox 289 1423 506 1502; x_wconf 82' lang='lat' dir='ltr'><strong>designantur</strong></span> <span class='ocrx_word' id='word_1_122' title='bbox 526 1425 678 1498; x_wconf 85' lang='lat' dir='ltr'><strong>affectus,</strong></span> <span class='ocrx_word' id='word_1_123' title='bbox 695 1426 794 1488; x_wconf 88' lang='lat' dir='ltr'><strong>timor</strong></span> <span class='ocrx_word' id='word_1_124' title='bbox 814 1427 870 1490; x_wconf 82' lang='lat' dir='ltr'><strong>vi·</strong></span> <span class='ocrx_word' id='word_1_125' title='bbox 926 1425 1006 1488; x_wconf 88' lang='lat' dir='ltr'><strong>cidit</strong></span> <span class='ocrx_word' id='word_1_126' title='bbox 1031 1426 1067 1486; x_wconf 91' lang='lat' dir='ltr'><strong>in</strong></span> <span class='ocrx_word' id='word_1_127' title='bbox 1093 1425 1252 1500; x_wconf 91' lang='lat' dir='ltr'><strong>latrones,</strong></span> <span class='ocrx_word' id='word_1_128' title='bbox 1270 1428 1326 1506; x_wconf 91' lang='lat' dir='ltr'><strong>qni</strong></span> <span class='ocrx_word' id='word_1_129' title='bbox 1351 1428 1579 1507; x_wconf 83' lang='lat' dir='ltr'><strong>spoliaverunt</strong></span> <span class='ocrx_word' id='word_1_130' title='bbox 1597 1447 1672 1492; x_wconf 92' lang='lat' dir='ltr'><strong>eum</strong></span> <span class='ocrx_word' id='word_1_131' title='bbox 1695 1435 1728 1496; x_wconf 89' lang='lat' dir='ltr'><strong>et</strong></span> 
     </span>
     <span class='ocr_line' id='line_1_13' title="bbox 81 1521 1724 1602; baseline 0.005 -21"><span class='ocrx_word' id='word_1_132' title='bbox 81 1521 187 1584; x_wconf 81' lang='lat' dir='ltr'><strong>delicet</strong></span> <span class='ocrx_word' id='word_1_133' title='bbox 213 1521 247 1583; x_wconf 89' lang='lat' dir='ltr'><strong>et</strong></span> <span class='ocrx_word' id='word_1_134' title='bbox 273 1535 383 1598; x_wconf 83' lang='lat' dir='ltr'><strong>amor;</strong></span> <span class='ocrx_word' id='word_1_135' title='bbox 409 1522 511 1586; x_wconf 89' lang='lat' dir='ltr'><strong>timor</strong></span> <span class='ocrx_word' id='word_1_136' title='bbox 542 1526 677 1587; x_wconf 82' lang='lat' dir='ltr'><strong>sanctus</strong></span> <span class='ocrx_word' id='word_1_137' title='bbox 710 1527 747 1588; x_wconf 91' lang='lat' dir='ltr'><strong>et·</strong></span> <span class='ocrx_word' id='word_1_138' title='bbox 777 1541 871 1588; x_wconf 89' lang='lat' dir='ltr'><strong>amor</strong></span> <span class='ocrx_word' id='word_1_139' title='bbox 925 1521 1033 1600; x_wconf 86' lang='lat' dir='ltr'><strong>plagis</strong></span> <span class='ocrx_word' id='word_1_140' title='bbox 1051 1523 1218 1602; x_wconf 90' lang='lat' dir='ltr'><strong>impositis</strong></span> <span class='ocrx_word' id='word_1_141' title='bbox 1237 1525 1393 1588; x_wconf 91' lang='lat' dir='ltr'><strong>abierunt</strong></span> <span class='ocrx_word' id='word_1_142' title='bbox 1413 1527 1574 1590; x_wconf 82' lang='lat' dir='ltr'><strong>semivivo</strong></span> <span class='ocrx_word' id='word_1_143' title='bbox 1595 1529 1724 1592; x_wconf 89' lang='lat' dir='ltr'><strong>relicto.</strong></span> 
     </span>
     <span class='ocr_line' id='line_1_14' title="bbox 81 1619 1728 1704; baseline 0.005 -24"><span class='ocrx_word' id='word_1_144' title='bbox 81 1620 188 1680; x_wconf 71' lang='lat' dir='ltr'><strong>maus.</strong></span> <span class='ocrx_word' id='word_1_145' title='bbox 202 1619 653 1698; x_wconf 80' lang='lat' dir='ltr'><strong>Timorpreparatinitiun,</strong></span> <span class='ocrx_word' id='word_1_146' title='bbox 666 1622 872 1702; x_wconf 71' lang='lat' dir='ltr'><strong>domscmp-</strong></span> <span class='ocrx_word' id='word_1_147' title='bbox 924 1621 973 1683; x_wconf 80' lang='lat' dir='ltr'><strong>bd</strong></span> <span class='ocrx_word' id='word_1_148' title='bbox 995 1623 1245 1687; x_wconf 86' lang='lat' dir='ltr'><strong>revestiendum</strong></span> <span class='ocrx_word' id='word_1_149' title='bbox 1269 1623 1358 1687; x_wconf 90' lang='lat' dir='ltr'><strong>hunc</strong></span> <span class='ocrx_word' id='word_1_150' title='bbox 1381 1626 1558 1704; x_wconf 88' lang='lat' dir='ltr'><strong>spoliatum</strong></span> <span class='ocrx_word' id='word_1_151' title='bbox 1577 1627 1728 1690; x_wconf 84' lang='lat' dir='ltr'><strong>Christus</strong></span> 
     </span>
     <span class='ocr_line' id='line_1_15' title="bbox 80 1718 1728 1798; baseline 0.006 -20"><span class='ocrx_word' id='word_1_152' title='bbox 80 1719 138 1778; x_wconf 89' lang='lat' dir='ltr'><strong>tum</strong></span> <span class='ocrx_word' id='word_1_153' title='bbox 157 1719 205 1780; x_wconf 90' lang='lat' dir='ltr'><strong>est</strong></span> <span class='ocrx_word' id='word_1_154' title='bbox 221 1739 230 1778; x_wconf 72' lang='grc' dir='ltr'>ι</span> <span class='ocrx_word' id='word_1_155' title='bbox 245 1718 392 1780; x_wconf 76' lang='lat' dir='ltr'><strong>initiam</strong></span> <span class='ocrx_word' id='word_1_156' title='bbox 410 1721 593 1796; x_wconf 69' lang='lat' dir='ltr'><strong>sapientire</strong></span> <span class='ocrx_word' id='word_1_157' title='bbox 607 1721 714 1786; x_wconf 78' lang='lat' dir='ltr'><strong>timor</strong></span> <span class='ocrx_word' id='word_1_158' title='bbox 731 1725 871 1784; x_wconf 76' lang='lat' dir='ltr'><strong>Dorntnt</strong></span> <span class='ocrx_word' id='word_1_159' title='bbox 925 1735 961 1780; x_wconf 90' lang='lat' dir='ltr'><strong>se</strong></span> <span class='ocrx_word' id='word_1_160' title='bbox 984 1720 1198 1784; x_wconf 80' lang='lat' dir='ltr'><strong>mortalitatis</strong></span> <span class='ocrx_word' id='word_1_161' title='bbox 1220 1721 1417 1786; x_wconf 90' lang='lat' dir='ltr'><strong>indumento</strong></span> <span class='ocrx_word' id='word_1_162' title='bbox 1441 1725 1585 1798; x_wconf 85' lang='lat' dir='ltr'><strong>vestivit,</strong></span> <span class='ocrx_word' id='word_1_163' title='bbox 1603 1727 1638 1788; x_wconf 91' lang='lat' dir='ltr'><strong>ut</strong></span> <span class='ocrx_word' id='word_1_164' title='bbox 1652 1742 1728 1788; x_wconf 90' lang='lat' dir='ltr'><strong>eum</strong></span> 
     </span>
     <span class='ocr_line' id='line_1_16' title="bbox 81 1813 1727 1898; baseline 0.006 -22"><span class='ocrx_word' id='word_1_165' title='bbox 81 1813 170 1892; x_wconf 79' lang='lat' dir='ltr'><strong>(hoel.</strong></span> <span class='ocrx_word' id='word_1_166' title='bbox 191 1831 215 1888; x_wconf 83' lang='lat'><strong>1,</strong></span> <span class='ocrx_word' id='word_1_167' title='bbox 244 1814 308 1896; x_wconf 82' lang='lat' dir='ltr'><strong>to).</strong></span> <span class='ocrx_word' id='word_1_168' title='bbox 327 1819 429 1880; x_wconf 78' lang='lat' dir='ltr'><strong>Amor</strong></span> <span class='ocrx_word' id='word_1_169' title='bbox 452 1819 620 1896; x_wconf 85' lang='lat' dir='ltr'><strong>praeperat</strong></span> <span class='ocrx_word' id='word_1_170' title='bbox 642 1819 752 1892; x_wconf 87' lang='lat' dir='ltr'><strong>tinem,</strong></span> <span class='ocrx_word' id='word_1_171' title='bbox 769 1819 867 1898; x_wconf 91' lang='lat' dir='ltr'><strong>quod,</strong></span> <span class='ocrx_word' id='word_1_172' title='bbox 925 1817 1187 1882; x_wconf 87' lang='lat' dir='ltr'><strong>immortalitatis</strong></span> <span class='ocrx_word' id='word_1_173' title='bbox 1208 1819 1323 1882; x_wconf 89' lang='lat' dir='ltr'><strong>tunica</strong></span> <span class='ocrx_word' id='word_1_174' title='bbox 1346 1822 1534 1884; x_wconf 83' lang='lat' dir='ltr'><strong>revestiret.</strong></span> <span class='ocrx_word' id='word_1_175' title='bbox 1558 1823 1668 1886; x_wconf 89' lang='lat' dir='ltr'><strong>Induit</strong></span> <span class='ocrx_word' id='word_1_176' title='bbox 1690 1839 1727 1886; x_wconf 86' lang='lat' dir='ltr'><strong>se</strong></span> 
     </span>
     <span class='ocr_line' id='line_1_17' title="bbox 79 1913 1729 1992; baseline 0.007 -19"><span class='ocrx_word' id='word_1_177' title='bbox 79 1917 109 1974; x_wconf 88' lang='lat' dir='ltr'><strong>ut</strong></span> <span class='ocrx_word' id='word_1_178' title='bbox 129 1913 251 1974; x_wconf 88' lang='lat' dir='ltr'><strong>Paulus</strong></span> <span class='ocrx_word' id='word_1_179' title='bbox 265 1913 336 1977; x_wconf 87' lang='lat' dir='ltr'><strong>ait:</strong></span> <span class='ocrx_word' id='word_1_180' title='bbox 351 1919 451 1978; x_wconf 71' lang='lat' dir='ltr'><strong>Fines</strong></span> <span class='ocrx_word' id='word_1_181' title='bbox 462 1918 629 1992; x_wconf 67' lang='lat' dir='ltr'><strong>macenti</strong></span> <span class='ocrx_word' id='word_1_182' title='bbox 645 1918 698 1980; x_wconf 84' lang='lat' dir='ltr'><strong>est</strong></span> <span class='ocrx_word' id='word_1_183' title='bbox 714 1919 870 1982; x_wconf 73' lang='lat' dir='ltr'><strong>charitas</strong></span> <span class='ocrx_word' id='word_1_184' title='bbox 923 1916 1016 1978; x_wconf 89' lang='lat' dir='ltr'><strong>illius</strong></span> <span class='ocrx_word' id='word_1_185' title='bbox 1031 1915 1177 1980; x_wconf 79' lang='lat' dir='ltr'><strong>miseriae</strong></span> <span class='ocrx_word' id='word_1_186' title='bbox 1196 1918 1405 1992; x_wconf 86' lang='lat' dir='ltr'><strong>vestimento,</strong></span> <span class='ocrx_word' id='word_1_187' title='bbox 1423 1919 1460 1982; x_wconf 90' lang='lat' dir='ltr'><strong>ut</strong></span> <span class='ocrx_word' id='word_1_188' title='bbox 1479 1920 1670 1984; x_wconf 90' lang='lat' dir='ltr'><strong>reindueret</strong></span> <span class='ocrx_word' id='word_1_189' title='bbox 1683 1923 1729 1984; x_wconf 91' lang='lat' dir='ltr'><strong>it-</strong></span> 
     </span>
     <span class='ocr_line' id='line_1_18' title="bbox 80 2009 1726 2100; baseline 0.008 -28"><span class='ocrx_word' id='word_1_190' title='bbox 80 2009 104 2089; x_wconf 89' lang='lat'><strong>(1</strong></span> <span class='ocrx_word' id='word_1_191' title='bbox 116 2013 192 2072; x_wconf 84' lang='lat' dir='ltr'><strong>tim.</strong></span> <span class='ocrx_word' id='word_1_192' title='bbox 205 2028 230 2084; x_wconf 90' lang='lat'><strong>1,</strong></span> <span class='ocrx_word' id='word_1_193' title='bbox 245 2011 292 2092; x_wconf 84' lang='grc'><strong>5).</strong></span> <span class='ocrx_word' id='word_1_194' title='bbox 308 2013 372 2086; x_wconf 89' lang='lat' dir='ltr'><strong>Qui</strong></span> <span class='ocrx_word' id='word_1_195' title='bbox 391 2013 435 2076; x_wconf 87' lang='lat' dir='ltr'><strong>iis</strong></span> <span class='ocrx_word' id='word_1_196' title='bbox 454 2014 581 2076; x_wconf 85' lang='lat' dir='ltr'><strong>dnobus</strong></span> <span class='ocrx_word' id='word_1_197' title='bbox 601 2015 740 2093; x_wconf 87' lang='lat' dir='ltr'><strong>pedibus</strong></span> <span class='ocrx_word' id='word_1_198' title='bbox 753 2015 870 2092; x_wconf 89' lang='lat' dir='ltr'><strong>gradi·</strong></span> <span class='ocrx_word' id='word_1_199' title='bbox 924 2011 993 2100; x_wconf 83' lang='lat' dir='ltr'><strong>lum</strong></span> <span class='ocrx_word' id='word_1_200' title='bbox 1017 2014 1257 2079; x_wconf 74' lang='lat' dir='ltr'><strong>misericordie</strong></span> <span class='ocrx_word' id='word_1_201' title='bbox 1276 2033 1345 2080; x_wconf 87' lang='lat' dir='ltr'><strong>suae</strong></span> <span class='ocrx_word' id='word_1_202' title='bbox 1365 2017 1461 2080; x_wconf 87' lang='lat' dir='ltr'><strong>stola.</strong></span> <span class='ocrx_word' id='word_1_203' title='bbox 1483 2019 1662 2083; x_wconf 87' lang='lat' dir='ltr'><strong>Descendit</strong></span> <span class='ocrx_word' id='word_1_204' title='bbox 1684 2021 1726 2084; x_wconf 88' lang='lat' dir='ltr'><strong>nd</strong></span> 
     </span>
     <span class='ocr_line' id='line_1_19' title="bbox 79 2111 1727 2194; baseline 0.007 -24"><span class='ocrx_word' id='word_1_205' title='bbox 79 2111 125 2170; x_wconf 89' lang='lat' dir='ltr'><strong>tur</strong></span> <span class='ocrx_word' id='word_1_206' title='bbox 135 2125 314 2189; x_wconf 86' lang='lat' dir='ltr'><strong>numquam</strong></span> <span class='ocrx_word' id='word_1_207' title='bbox 326 2111 446 2174; x_wconf 88' lang='lat' dir='ltr'><strong>cadere</strong></span> <span class='ocrx_word' id='word_1_208' title='bbox 461 2113 579 2190; x_wconf 89' lang='lat' dir='ltr'><strong>potest,</strong></span> <span class='ocrx_word' id='word_1_209' title='bbox 594 2113 692 2191; x_wconf 87' lang='lat' dir='ltr'><strong>quod,</strong></span> <span class='ocrx_word' id='word_1_210' title='bbox 707 2114 744 2176; x_wconf 87' lang='lat' dir='ltr'><strong>ut</strong></span> <span class='ocrx_word' id='word_1_211' title='bbox 757 2117 869 2192; x_wconf 82' lang='lat' dir='ltr'><strong>Apos—</strong></span> <span class='ocrx_word' id='word_1_212' title='bbox 924 2112 1059 2186; x_wconf 88' lang='lat' dir='ltr'><strong>terram,</strong></span> <span class='ocrx_word' id='word_1_213' title='bbox 1070 2113 1106 2176; x_wconf 95' lang='lat' dir='ltr'><strong>ut</strong></span> <span class='ocrx_word' id='word_1_214' title='bbox 1116 2111 1394 2177; x_wconf 88' lang='lat' dir='ltr'><strong>reduceretillum</strong></span> <span class='ocrx_word' id='word_1_215' title='bbox 1410 2132 1470 2194; x_wconf 91' lang='lat' dir='ltr'><strong>per</strong></span> <span class='ocrx_word' id='word_1_216' title='bbox 1484 2115 1727 2182; x_wconf 88' lang='lat' dir='ltr'><strong>contessionem</strong></span> 
     </span>
     <span class='ocr_line' id='line_1_20' title="bbox 78 2203 1727 2294; baseline 0.007 -26"><span class='ocrx_word' id='word_1_217' title='bbox 78 2207 152 2268; x_wconf 88' lang='lat' dir='ltr'><strong>lalus</strong></span> <span class='ocrx_word' id='word_1_218' title='bbox 177 2209 224 2272; x_wconf 87' lang='lat' dir='ltr'><strong>ait</strong></span> <span class='ocrx_word' id='word_1_219' title='bbox 243 2229 252 2270; x_wconf 81' lang='lat' dir='ltr'><strong>r</strong></span> <span class='ocrx_word' id='word_1_220' title='bbox 273 2226 293 2270; x_wconf 76' lang='lat' dir='ltr'><strong>e</strong></span> <span class='ocrx_word' id='word_1_221' title='bbox 319 2210 472 2273; x_wconf 87' lang='lat' dir='ltr'><strong>Charitas</strong></span> <span class='ocrx_word' id='word_1_222' title='bbox 494 2203 679 2290; x_wconf 76' lang='lat' dir='ltr'><strong>&#39;numquam</strong></span> <span class='ocrx_word' id='word_1_223' title='bbox 698 2213 869 2276; x_wconf 80' lang='lat' dir='ltr'><strong>excidit.»</strong></span> <span class='ocrx_word' id='word_1_224' title='bbox 924 2209 965 2272; x_wconf 91' lang='lat' dir='ltr'><strong>ad</strong></span> <span class='ocrx_word' id='word_1_225' title='bbox 992 2211 1122 2274; x_wconf 79' lang='lat' dir='ltr'><strong>coelum.</strong></span> <span class='ocrx_word' id='word_1_226' title='bbox 1141 2212 1236 2276; x_wconf 89' lang='lat' dir='ltr'><strong>Unde</strong></span> <span class='ocrx_word' id='word_1_227' title='bbox 1255 2211 1340 2276; x_wconf 90' lang='lat' dir='ltr'><strong>bene</strong></span> <span class='ocrx_word' id='word_1_228' title='bbox 1361 2215 1465 2278; x_wconf 79' lang='lat' dir='ltr'><strong>ludas</strong></span> <span class='ocrx_word' id='word_1_229' title='bbox 1489 2215 1727 2294; x_wconf 77' lang='lat' dir='ltr'><strong>interpretatur</strong></span> 
     </span>
     <span class='ocr_line' id='line_1_21' title="bbox 78 2307 1725 2390; baseline 0.007 -24"><span class='ocrx_word' id='word_1_230' title='bbox 78 2307 111 2366; x_wconf 81' lang='lat' dir='ltr'><strong>ot</strong></span> <span class='ocrx_word' id='word_1_231' title='bbox 118 2308 210 2383; x_wconf 83' lang='lat' dir='ltr'><strong>juxta</strong></span> <span class='ocrx_word' id='word_1_232' title='bbox 236 2307 416 2370; x_wconf 72' lang='lat' dir='ltr'><strong>Psalmmta</strong></span> <span class='ocrx_word' id='word_1_233' title='bbox 432 2329 441 2369; x_wconf 71' lang='grc' dir='ltr'><strong><em>ε</em></strong></span> <span class='ocrx_word' id='word_1_234' title='bbox 455 2325 476 2370; x_wconf 79' lang='lat' dir='ltr'><strong>e</strong></span> <span class='ocrx_word' id='word_1_235' title='bbox 490 2309 603 2372; x_wconf 82' lang='lat' dir='ltr'><strong>Timor</strong></span> <span class='ocrx_word' id='word_1_236' title='bbox 617 2309 749 2372; x_wconf 88' lang='lat' dir='ltr'><strong>Domini</strong></span> <span class='ocrx_word' id='word_1_237' title='bbox 764 2327 866 2374; x_wconf 88' lang='lat' dir='ltr'><strong>sano-</strong></span> <span class='ocrx_word' id='word_1_238' title='bbox 923 2309 1084 2372; x_wconf 85' lang='lat' dir='ltr'><strong>conitiens</strong></span> <span class='ocrx_word' id='word_1_239' title='bbox 1110 2310 1163 2372; x_wconf 84' lang='lat' dir='ltr'><strong>vel</strong></span> <span class='ocrx_word' id='word_1_240' title='bbox 1190 2310 1358 2374; x_wconf 80' lang='lat' dir='ltr'><strong>consessio</strong></span> <span class='ocrx_word' id='word_1_241' title='bbox 1388 2329 1462 2390; x_wconf 78' lang='lat' dir='ltr'><strong>qum</strong></span> <span class='ocrx_word' id='word_1_242' title='bbox 1492 2315 1725 2390; x_wconf 86' lang='lat' dir='ltr'><strong>superomnia</strong></span> 
     </span>
     <span class='ocr_line' id='line_1_22' title="bbox 77 2405 1723 2498; baseline 0.007 -35"><span class='ocrx_word' id='word_1_243' title='bbox 77 2405 307 2482; x_wconf 87' lang='lat' dir='ltr'><strong>tuspermanet</strong></span> <span class='ocrx_word' id='word_1_244' title='bbox 322 2406 359 2468; x_wconf 87' lang='lat' dir='ltr'><strong>in</strong></span> <span class='ocrx_word' id='word_1_245' title='bbox 373 2407 532 2470; x_wconf 84' lang='lat' dir='ltr'><strong>saeculum</strong></span> <span class='ocrx_word' id='word_1_246' title='bbox 548 2405 709 2470; x_wconf 53' lang='lat' dir='ltr'><strong>seculis&gt;</strong></span> <span class='ocrx_word' id='word_1_247' title='bbox 921 2406 1037 2468; x_wconf 82' lang='lat' dir='ltr'><strong>vincit.</strong></span> <span class='ocrx_word' id='word_1_248' title='bbox 1061 2408 1155 2470; x_wconf 87' lang='lat' dir='ltr'><strong>Unde</strong></span> <span class='ocrx_word' id='word_1_249' title='bbox 1178 2409 1260 2470; x_wconf 77' lang='lat' dir='ltr'><strong>vicit</strong></span> <span class='ocrx_word' id='word_1_250' title='bbox 1278 2409 1330 2470; x_wconf 91' lang='lat' dir='ltr'><strong>leo</strong></span> <span class='ocrx_word' id='word_1_251' title='bbox 1350 2409 1494 2472; x_wconf 89' lang='lat' dir='ltr'><strong>detribu</strong></span> <span class='ocrx_word' id='word_1_252' title='bbox 1512 2411 1609 2483; x_wconf 84' lang='lat' dir='ltr'><strong>Juda,</strong></span> <span class='ocrx_word' id='word_1_253' title='bbox 1626 2412 1723 2498; x_wconf 81' lang='lat' dir='ltr'><strong>idest,</strong></span> 
     </span>
    </p>

    <p class='ocr_par' dir='ltr' id='par_1_3' title="bbox 34 2503 1725 3368">
     <span class='ocr_line' id='line_1_23' title="bbox 110 2503 1722 2588; baseline 0.004 -25"><span class='ocrx_word' id='word_1_254' title='bbox 110 2505 207 2564; x_wconf 84' lang='lat' dir='ltr'><strong>secus</strong></span> <span class='ocrx_word' id='word_1_255' title='bbox 233 2504 298 2566; x_wconf 85' lang='lat' dir='ltr'><strong>hos</strong></span> <span class='ocrx_word' id='word_1_256' title='bbox 326 2504 428 2582; x_wconf 86' lang='lat' dir='ltr'><strong>pedes</strong></span> <span class='ocrx_word' id='word_1_257' title='bbox 449 2503 546 2568; x_wconf 90' lang='lat' dir='ltr'><strong>debet</strong></span> <span class='ocrx_word' id='word_1_258' title='bbox 570 2505 629 2568; x_wconf 91' lang='lat' dir='ltr'><strong>ille</strong></span> <span class='ocrx_word' id='word_1_259' title='bbox 651 2506 779 2580; x_wconf 87' lang='lat' dir='ltr'><strong>sedere,</strong></span> <span class='ocrx_word' id='word_1_260' title='bbox 811 2507 868 2585; x_wconf 91' lang='lat' dir='ltr'><strong>qui</strong></span> <span class='ocrx_word' id='word_1_261' title='bbox 922 2503 1026 2566; x_wconf 81' lang='lat' dir='ltr'><strong>vincit</strong></span> <span class='ocrx_word' id='word_1_262' title='bbox 1045 2505 1158 2582; x_wconf 77' lang='lat' dir='ltr'><strong>iustus</strong></span> <span class='ocrx_word' id='word_1_263' title='bbox 1182 2505 1355 2580; x_wconf 80' lang='lat' dir='ltr'><strong>confitens,</strong></span> <span class='ocrx_word' id='word_1_264' title='bbox 1382 2507 1507 2584; x_wconf 83' lang='lat' dir='ltr'><strong>quiesi</strong></span> <span class='ocrx_word' id='word_1_265' title='bbox 1531 2507 1627 2588; x_wconf 88' lang='lat' dir='ltr'><strong>quasi</strong></span> <span class='ocrx_word' id='word_1_266' title='bbox 1658 2509 1722 2572; x_wconf 88' lang='lat' dir='ltr'><strong>leo.</strong></span> 
     </span>
     <span class='ocr_line' id='line_1_24' title="bbox 81 2599 1724 2692; baseline 0.005 -32"><span class='ocrx_word' id='word_1_267' title='bbox 81 2599 205 2662; x_wconf 72' lang='lat' dir='ltr'><strong>verbnm</strong></span> <span class='ocrx_word' id='word_1_268' title='bbox 218 2602 356 2664; x_wconf 90' lang='lat' dir='ltr'><strong>Domini</strong></span> <span class='ocrx_word' id='word_1_269' title='bbox 375 2603 466 2681; x_wconf 90' lang='lat' dir='ltr'><strong>cupit</strong></span> <span class='ocrx_word' id='word_1_270' title='bbox 482 2603 610 2677; x_wconf 87' lang='lat' dir='ltr'><strong>audire,</strong></span> <span class='ocrx_word' id='word_1_271' title='bbox 632 2605 668 2668; x_wconf 90' lang='lat' dir='ltr'><strong>ut</strong></span> <span class='ocrx_word' id='word_1_272' title='bbox 686 2605 868 2668; x_wconf 87' lang='lat' dir='ltr'><strong>secundum</strong></span> <span class='ocrx_word' id='word_1_273' title='bbox 924 2602 1016 2664; x_wconf 90' lang='lat' dir='ltr'><strong>Unde</strong></span> <span class='ocrx_word' id='word_1_274' title='bbox 1031 2623 1039 2662; x_wconf 94' lang='lat'>:</span> <span class='ocrx_word' id='word_1_275' title='bbox 1054 2603 1145 2674; x_wconf 78' lang='lat' dir='ltr'><strong>«Qui</strong></span> <span class='ocrx_word' id='word_1_276' title='bbox 1158 2618 1210 2666; x_wconf 93' lang='lat' dir='ltr'><strong>me</strong></span> <span class='ocrx_word' id='word_1_277' title='bbox 1225 2603 1399 2666; x_wconf 81' lang='lat' dir='ltr'><strong>confessus</strong></span> <span class='ocrx_word' id='word_1_278' title='bbox 1413 2603 1515 2667; x_wconf 86' lang='lat' dir='ltr'><strong>inerit</strong></span> <span class='ocrx_word' id='word_1_279' title='bbox 1530 2622 1643 2692; x_wconf 75' lang='lat' dir='ltr'><strong>coram</strong></span> <span class='ocrx_word' id='word_1_280' title='bbox 1658 2607 1724 2668; x_wconf 94' lang='lat' dir='ltr'><strong>bo-</strong></span> 
     </span>
     <span class='ocr_line' id='line_1_25' title="bbox 76 2699 1724 2780; baseline 0.006 -22"><span class='ocrx_word' id='word_1_281' title='bbox 76 2699 257 2762; x_wconf 87' lang='lat' dir='ltr'><strong>mandatum</strong></span> <span class='ocrx_word' id='word_1_282' title='bbox 271 2699 423 2762; x_wconf 88' lang='lat' dir='ltr'><strong>divinum</strong></span> <span class='ocrx_word' id='word_1_283' title='bbox 437 2703 472 2764; x_wconf 91' lang='lat' dir='ltr'><strong>et</strong></span> <span class='ocrx_word' id='word_1_284' title='bbox 483 2718 542 2780; x_wconf 91' lang='lat' dir='ltr'><strong>per</strong></span> <span class='ocrx_word' id='word_1_285' title='bbox 555 2702 709 2765; x_wconf 86' lang='lat' dir='ltr'><strong>timorem</strong></span> <span class='ocrx_word' id='word_1_286' title='bbox 721 2702 869 2768; x_wconf 88' lang='lat' dir='ltr'><strong>declinet</strong></span> <span class='ocrx_word' id='word_1_287' title='bbox 922 2699 1078 2773; x_wconf 86' lang='lat' dir='ltr'><strong>minibus,</strong></span> <span class='ocrx_word' id='word_1_288' title='bbox 1093 2699 1274 2764; x_wconf 82' lang='lat' dir='ltr'><strong>confitebor</strong></span> <span class='ocrx_word' id='word_1_289' title='bbox 1286 2701 1321 2763; x_wconf 92' lang='lat' dir='ltr'><strong>et</strong></span> <span class='ocrx_word' id='word_1_290' title='bbox 1334 2717 1396 2778; x_wconf 84' lang='lat' dir='ltr'><strong>ego</strong></span> <span class='ocrx_word' id='word_1_291' title='bbox 1407 2719 1483 2766; x_wconf 91' lang='lat' dir='ltr'><strong>eum</strong></span> <span class='ocrx_word' id='word_1_292' title='bbox 1499 2718 1611 2766; x_wconf 89' lang='lat' dir='ltr'><strong>coram</strong></span> <span class='ocrx_word' id='word_1_293' title='bbox 1625 2705 1724 2768; x_wconf 86' lang='lat' dir='ltr'><strong>Patre</strong></span> 
     </span>
     <span class='ocr_line' id='line_1_26' title="bbox 76 2795 1316 2880; baseline 0.015 -25"><span class='ocrx_word' id='word_1_294' title='bbox 76 2796 193 2870; x_wconf 88' lang='lat' dir='ltr'><strong>amalo,</strong></span> <span class='ocrx_word' id='word_1_295' title='bbox 209 2799 246 2860; x_wconf 86' lang='lat' dir='ltr'><strong>et</strong></span> <span class='ocrx_word' id='word_1_296' title='bbox 258 2813 319 2876; x_wconf 86' lang='lat' dir='ltr'><strong>per</strong></span> <span class='ocrx_word' id='word_1_297' title='bbox 330 2813 478 2862; x_wconf 88' lang='lat' dir='ltr'><strong>amorem</strong></span> <span class='ocrx_word' id='word_1_298' title='bbox 494 2799 594 2862; x_wconf 81' lang='lat' dir='ltr'><strong>iaciat</strong></span> <span class='ocrx_word' id='word_1_299' title='bbox 611 2799 746 2874; x_wconf 89' lang='lat' dir='ltr'><strong>bonum,</strong></span> <span class='ocrx_word' id='word_1_300' title='bbox 767 2802 866 2880; x_wconf 82' lang='lat' dir='ltr'><strong>quod,</strong></span> <span class='ocrx_word' id='word_1_301' title='bbox 922 2795 1183 2878; x_wconf 68' lang='lat' dir='ltr'><strong>11100·‘(Malll¹·</strong></span> <span class='ocrx_word' id='word_1_302' title='bbox 1200 2814 1234 2872; x_wconf 71' lang='lat'><strong>1,</strong></span> <span class='ocrx_word' id='word_1_303' title='bbox 1249 2797 1316 2878; x_wconf 80' lang='lat'>32)-</span> 
     </span>
     <span class='ocr_line' id='line_1_27' title="bbox 75 2893 1725 2978; baseline 0.007 -26"><span class='ocrx_word' id='word_1_304' title='bbox 75 2893 296 2972; x_wconf 81' lang='lat' dir='ltr'><strong>utapostoius</strong></span> <span class='ocrx_word' id='word_1_305' title='bbox 311 2897 360 2960; x_wconf 88' lang='lat' dir='ltr'><strong>ait</strong></span> <span class='ocrx_word' id='word_1_306' title='bbox 373 2900 473 2960; x_wconf 82' lang='lat' dir='ltr'><strong>:Noa</strong></span> <span class='ocrx_word' id='word_1_307' title='bbox 493 2899 671 2962; x_wconf 78' lang='lat' dir='ltr'><strong>auditores</strong></span> <span class='ocrx_word' id='word_1_308' title='bbox 689 2903 775 2977; x_wconf 65' lang='lat' dir='ltr'><strong>lega</strong></span> <span class='ocrx_word' id='word_1_309' title='bbox 787 2901 869 2962; x_wconf 72' lang='lat' dir='ltr'><strong>aziz-</strong></span> <span class='ocrx_word' id='word_1_310' title='bbox 961 2897 1133 2974; x_wconf 87' lang='lat' dir='ltr'><strong>Frequens</strong></span> <span class='ocrx_word' id='word_1_311' title='bbox 1161 2897 1385 2960; x_wconf 89' lang='lat' dir='ltr'><strong>ministerium</strong></span> <span class='ocrx_word' id='word_1_312' title='bbox 1409 2897 1531 2963; x_wconf 90' lang='lat' dir='ltr'><strong>dicitnr</strong></span> <span class='ocrx_word' id='word_1_313' title='bbox 1550 2899 1725 2978; x_wconf 82' lang='lat' dir='ltr'><strong>multiplex</strong></span> 
     </span>
     <span class='ocr_line' id='line_1_28' title="bbox 75 2983 1724 3076; baseline 0.006 -26"><span class='ocrx_word' id='word_1_314' title='bbox 75 2991 148 3064; x_wconf 79' lang='lat' dir='ltr'><strong>trem.</strong></span> <span class='ocrx_word' id='word_1_315' title='bbox 163 2997 224 3056; x_wconf 87' lang='lat' dir='ltr'><strong>sed</strong></span> <span class='ocrx_word' id='word_1_316' title='bbox 251 2995 403 3068; x_wconf 77' lang='lat' dir='ltr'><strong>sectores</strong></span> <span class='ocrx_word' id='word_1_317' title='bbox 422 2997 516 3069; x_wconf 69' lang='lat' dir='ltr'><strong>tersit</strong></span> <span class='ocrx_word' id='word_1_318' title='bbox 537 2997 619 3058; x_wconf 83' lang='lat' dir='ltr'><strong>sant</strong></span> <span class='ocrx_word' id='word_1_319' title='bbox 640 3000 733 3071; x_wconf 80' lang='lat' dir='ltr'><strong>oped</strong></span> <span class='ocrx_word' id='word_1_320' title='bbox 756 3002 866 3062; x_wconf 80' lang='lat' dir='ltr'><strong>Deum</strong></span> <span class='ocrx_word' id='word_1_321' title='bbox 921 2993 1072 3071; x_wconf 89' lang='lat' dir='ltr'><strong>operatio</strong></span> <span class='ocrx_word' id='word_1_322' title='bbox 1086 2994 1165 3056; x_wconf 78' lang='lat' dir='ltr'><strong>ritae</strong></span> <span class='ocrx_word' id='word_1_323' title='bbox 1180 2993 1310 3057; x_wconf 77' lang='lat' dir='ltr'><strong>active.</strong></span> <span class='ocrx_word' id='word_1_324' title='bbox 1329 2995 1412 3058; x_wconf 86' lang='lat' dir='ltr'><strong>Sunt</strong></span> <span class='ocrx_word' id='word_1_325' title='bbox 1425 2997 1515 3058; x_wconf 92' lang='lat' dir='ltr'><strong>enim</strong></span> <span class='ocrx_word' id='word_1_326' title='bbox 1529 2999 1602 3076; x_wconf 90' lang='lat' dir='ltr'><strong>ejus</strong></span> <span class='ocrx_word' id='word_1_327' title='bbox 1624 2983 1724 3076; x_wconf 78' lang='lat' dir='ltr'><strong>opera</strong></span> 
     </span>
     <span class='ocr_line' id='line_1_29' title="bbox 34 3088 1725 3172; baseline 0.003 -20"><span class='ocrx_word' id='word_1_328' title='bbox 34 3114 37 3120; x_wconf 56' lang='lat'><strong><em>¹</em></strong></span> <span class='ocrx_word' id='word_1_329' title='bbox 76 3088 172 3165; x_wconf 83' lang='lat' dir='ltr'><strong>(Rom.</strong></span> <span class='ocrx_word' id='word_1_330' title='bbox 198 3107 239 3164; x_wconf 79' lang='grc' dir='ltr'><strong>ιι,</strong></span> <span class='ocrx_word' id='word_1_331' title='bbox 268 3090 332 3172; x_wconf 87' lang='grc'>18).</span> <span class='ocrx_word' id='word_1_332' title='bbox 348 3094 490 3156; x_wconf 82' lang='lat' dir='ltr'><strong>Frustra</strong></span> <span class='ocrx_word' id='word_1_333' title='bbox 514 3094 627 3172; x_wconf 85' lang='lat' dir='ltr'><strong>itaque</strong></span> <span class='ocrx_word' id='word_1_334' title='bbox 648 3095 767 3158; x_wconf 90' lang='lat' dir='ltr'><strong>nititur</strong></span> <span class='ocrx_word' id='word_1_335' title='bbox 781 3112 865 3160; x_wconf 90' lang='lat' dir='ltr'><strong>oon·</strong></span> <span class='ocrx_word' id='word_1_336' title='bbox 921 3092 1124 3155; x_wconf 89' lang='lat' dir='ltr'><strong>esurientem</strong></span> <span class='ocrx_word' id='word_1_337' title='bbox 1138 3091 1289 3166; x_wconf 82' lang='lat' dir='ltr'><strong>reticere,</strong></span> <span class='ocrx_word' id='word_1_338' title='bbox 1311 3093 1478 3158; x_wconf 86' lang='lat' dir='ltr'><strong>sitientem</strong></span> <span class='ocrx_word' id='word_1_339' title='bbox 1492 3095 1620 3171; x_wconf 90' lang='lat' dir='ltr'><strong>potare,</strong></span> <span class='ocrx_word' id='word_1_340' title='bbox 1645 3095 1725 3158; x_wconf 90' lang='lat' dir='ltr'><strong>hos-</strong></span> 
     </span>
     <span class='ocr_line' id='line_1_30' title="bbox 76 3188 1723 3272; baseline 0.004 -24"><span class='ocrx_word' id='word_1_341' title='bbox 76 3188 218 3266; x_wconf 84' lang='lat' dir='ltr'><strong>templari</strong></span> <span class='ocrx_word' id='word_1_342' title='bbox 232 3191 294 3269; x_wconf 91' lang='lat' dir='ltr'><strong>qui</strong></span> <span class='ocrx_word' id='word_1_343' title='bbox 308 3205 368 3267; x_wconf 87' lang='lat' dir='ltr'><strong>per</strong></span> <span class='ocrx_word' id='word_1_344' title='bbox 382 3190 582 3254; x_wconf 85' lang='lat' dir='ltr'><strong>timoremet</strong></span> <span class='ocrx_word' id='word_1_345' title='bbox 596 3207 742 3256; x_wconf 89' lang='lat' dir='ltr'><strong>amorem</strong></span> <span class='ocrx_word' id='word_1_346' title='bbox 759 3193 866 3272; x_wconf 86' lang='lat' dir='ltr'><strong>legem</strong></span> <span class='ocrx_word' id='word_1_347' title='bbox 921 3190 1023 3269; x_wconf 91' lang='lat' dir='ltr'><strong>pitem</strong></span> <span class='ocrx_word' id='word_1_348' title='bbox 1048 3189 1218 3268; x_wconf 88' lang='lat' dir='ltr'><strong>colligere,</strong></span> <span class='ocrx_word' id='word_1_349' title='bbox 1240 3190 1366 3253; x_wconf 91' lang='lat' dir='ltr'><strong>nudum</strong></span> <span class='ocrx_word' id='word_1_350' title='bbox 1394 3192 1528 3266; x_wconf 79' lang='lat' dir='ltr'><strong>vestire,</strong></span> <span class='ocrx_word' id='word_1_351' title='bbox 1554 3191 1723 3256; x_wconf 86' lang='lat' dir='ltr'><strong>indrmum</strong></span> 
     </span>
     <span class='ocr_line' id='line_1_31' title="bbox 77 3285 1723 3368; baseline 0.005 -22"><span class='ocrx_word' id='word_1_352' title='bbox 77 3285 194 3350; x_wconf 88' lang='lat' dir='ltr'><strong>Domini</strong></span> <span class='ocrx_word' id='word_1_353' title='bbox 206 3303 278 3350; x_wconf 89' lang='lat' dir='ltr'><strong>non</strong></span> <span class='ocrx_word' id='word_1_354' title='bbox 291 3288 446 3352; x_wconf 83' lang='lat' dir='ltr'><strong>custodit.</strong></span> <span class='ocrx_word' id='word_1_355' title='bbox 920 3289 1069 3362; x_wconf 85' lang='lat' dir='ltr'><strong>visitare,</strong></span> <span class='ocrx_word' id='word_1_356' title='bbox 1082 3288 1123 3350; x_wconf 91' lang='lat' dir='ltr'><strong>ad</strong></span> <span class='ocrx_word' id='word_1_357' title='bbox 1134 3287 1379 3352; x_wconf 88' lang='lat' dir='ltr'><strong>incarceratum</strong></span> <span class='ocrx_word' id='word_1_358' title='bbox 1388 3291 1514 3362; x_wconf 85' lang='lat' dir='ltr'><strong>venire,</strong></span> <span class='ocrx_word' id='word_1_359' title='bbox 1525 3306 1599 3368; x_wconf 77' lang='lat' dir='ltr'><strong>qua</strong></span> <span class='ocrx_word' id='word_1_360' title='bbox 1610 3292 1723 3354; x_wconf 91' lang='lat' dir='ltr'><strong>omnia</strong></span> 
     </span>
    </p>

    <p class='ocr_par' dir='ltr' id='par_1_4' title="bbox 71 3385 1752 5716">
     <span class='ocr_line' id='line_1_32' title="bbox 106 3385 1723 3464; baseline 0.004 -19"><span class='ocrx_word' id='word_1_361' title='bbox 106 3385 245 3449; x_wconf 74' lang='lat' dir='ltr'><strong>Martae</strong></span> <span class='ocrx_word' id='word_1_362' title='bbox 261 3386 380 3448; x_wconf 84' lang='lat' dir='ltr'><strong>autem</strong></span> <span class='ocrx_word' id='word_1_363' title='bbox 398 3386 577 3464; x_wconf 74' lang='lat' dir='ltr'><strong>satagebat</strong></span> <span class='ocrx_word' id='word_1_364' title='bbox 596 3391 867 3464; x_wconf 81' lang='lat' dir='ltr'><strong>eiroasreqaeas</strong></span> <span class='ocrx_word' id='word_1_365' title='bbox 921 3386 1138 3464; x_wconf 88' lang='lat' dir='ltr'><strong>designantur</strong></span> <span class='ocrx_word' id='word_1_366' title='bbox 1170 3385 1206 3448; x_wconf 93' lang='lat' dir='ltr'><strong>in</strong></span> <span class='ocrx_word' id='word_1_367' title='bbox 1227 3387 1430 3464; x_wconf 79' lang='lat' dir='ltr'><strong>Evangelio,</strong></span> <span class='ocrx_word' id='word_1_368' title='bbox 1465 3387 1522 3450; x_wconf 90' lang='lat' dir='ltr'><strong>nbi</strong></span> <span class='ocrx_word' id='word_1_369' title='bbox 1561 3389 1723 3452; x_wconf 90' lang='lat' dir='ltr'><strong>Dominus</strong></span> 
     </span>
     <span class='ocr_line' id='line_1_33' title="bbox 74 3483 1722 3564; baseline 0.007 -26"><span class='ocrx_word' id='word_1_370' title='bbox 74 3483 312 3546; x_wconf 69' lang='lat' dir='ltr'><strong>narratorem.</strong></span> <span class='ocrx_word' id='word_1_371' title='bbox 328 3483 673 3564; x_wconf 80' lang='lat' dir='ltr'><strong>Audiquomodoipee</strong></span> <span class='ocrx_word' id='word_1_372' title='bbox 686 3488 784 3550; x_wconf 78' lang='lat' dir='ltr'><strong>iesus</strong></span> <span class='ocrx_word' id='word_1_373' title='bbox 805 3503 865 3548; x_wconf 85' lang='lat' dir='ltr'><strong>ea-</strong></span> <span class='ocrx_word' id='word_1_374' title='bbox 921 3484 1024 3547; x_wconf 84' lang='lat' dir='ltr'><strong>dicit=</strong></span> <span class='ocrx_word' id='word_1_375' title='bbox 1042 3487 1188 3548; x_wconf 83' lang='lat' dir='ltr'><strong>Esartot</strong></span> <span class='ocrx_word' id='word_1_376' title='bbox 1220 3485 1253 3548; x_wconf 88' lang='lat' dir='ltr'><strong>et</strong></span> <span class='ocrx_word' id='word_1_377' title='bbox 1283 3487 1426 3549; x_wconf 76' lang='lat' dir='ltr'><strong>dedistis</strong></span> <span class='ocrx_word' id='word_1_378' title='bbox 1455 3489 1541 3551; x_wconf 80' lang='lat' dir='ltr'><strong>milit</strong></span> <span class='ocrx_word' id='word_1_379' title='bbox 1571 3491 1722 3551; x_wconf 70' lang='lat' dir='ltr'><strong>aeardu-</strong></span> 
     </span>
     <span class='ocr_line' id='line_1_34' title="bbox 74 3579 1723 3664; baseline 0.006 -24"><span class='ocrx_word' id='word_1_380' title='bbox 74 3579 192 3654; x_wconf 79' lang='lat' dir='ltr'><strong>agebat</strong></span> <span class='ocrx_word' id='word_1_381' title='bbox 205 3582 302 3644; x_wconf 85' lang='lat' dir='ltr'><strong>circa</strong></span> <span class='ocrx_word' id='word_1_382' title='bbox 325 3580 482 3660; x_wconf 73' lang='lat' dir='ltr'><strong>nequens</strong></span> <span class='ocrx_word' id='word_1_383' title='bbox 502 3583 725 3646; x_wconf 86' lang='lat' dir='ltr'><strong>ministerium</strong></span> <span class='ocrx_word' id='word_1_384' title='bbox 742 3586 775 3648; x_wconf 89' lang='lat' dir='ltr'><strong>et</strong></span> <span class='ocrx_word' id='word_1_385' title='bbox 789 3587 865 3648; x_wconf 89' lang='lat' dir='ltr'><strong>tur·</strong></span> <span class='ocrx_word' id='word_1_386' title='bbox 919 3598 1039 3644; x_wconf 85' lang='lat' dir='ltr'><strong>care...</strong></span> <span class='ocrx_word' id='word_1_387' title='bbox 1065 3580 1183 3662; x_wconf 83' lang='lat' dir='ltr'><strong>(hlaib.</strong></span> <span class='ocrx_word' id='word_1_388' title='bbox 1202 3598 1287 3656; x_wconf 83' lang='lat' dir='ltr'>xxv,</span> <span class='ocrx_word' id='word_1_389' title='bbox 1308 3582 1376 3664; x_wconf 88' lang='grc'><strong>35).</strong></span> <span class='ocrx_word' id='word_1_390' title='bbox 1392 3587 1472 3657; x_wconf 84' lang='lat' dir='ltr'><strong>Quae</strong></span> <span class='ocrx_word' id='word_1_391' title='bbox 1489 3585 1602 3648; x_wconf 89' lang='lat' dir='ltr'><strong>omnia</strong></span> <span class='ocrx_word' id='word_1_392' title='bbox 1621 3587 1723 3650; x_wconf 85' lang='lat' dir='ltr'><strong>Beata</strong></span> 
     </span>
     <span class='ocr_line' id='line_1_35' title="bbox 75 3674 1722 3761; baseline 0.004 -23"><span class='ocrx_word' id='word_1_393' title='bbox 75 3674 202 3741; x_wconf 84' lang='lat' dir='ltr'><strong>bebatur</strong></span> <span class='ocrx_word' id='word_1_394' title='bbox 214 3695 300 3756; x_wconf 87' lang='lat' dir='ltr'><strong>erga</strong></span> <span class='ocrx_word' id='word_1_395' title='bbox 314 3679 478 3757; x_wconf 87' lang='lat' dir='ltr'><strong>plurima:</strong></span> <span class='ocrx_word' id='word_1_396' title='bbox 499 3684 610 3754; x_wconf 78' lang='lat' dir='ltr'><strong>Meae,</strong></span> <span class='ocrx_word' id='word_1_397' title='bbox 633 3683 757 3761; x_wconf 55' lang='lat' dir='ltr'><strong>,inqiut</strong></span> <span class='ocrx_word' id='word_1_398' title='bbox 772 3686 866 3746; x_wconf 67' lang='lat' dir='ltr'><strong>ewra</strong></span> <span class='ocrx_word' id='word_1_399' title='bbox 920 3681 1028 3742; x_wconf 85' lang='lat' dir='ltr'><strong>Maria</strong></span> <span class='ocrx_word' id='word_1_400' title='bbox 1049 3696 1118 3758; x_wconf 82' lang='lat' dir='ltr'><strong>prae</strong></span> <span class='ocrx_word' id='word_1_401' title='bbox 1133 3677 1262 3742; x_wconf 89' lang='lat' dir='ltr'><strong>cunctis</strong></span> <span class='ocrx_word' id='word_1_402' title='bbox 1286 3679 1477 3743; x_wconf 87' lang='lat' dir='ltr'><strong>bominibus</strong></span> <span class='ocrx_word' id='word_1_403' title='bbox 1501 3683 1722 3754; x_wconf 82' lang='lat' dir='ltr'><strong>excellentius</strong></span> 
     </span>
     <span class='ocr_line' id='line_1_36' title="bbox 73 3774 1723 3858; baseline 0.005 -24"><span class='ocrx_word' id='word_1_404' title='bbox 73 3774 171 3842; x_wconf 75' lang='lat' dir='ltr'><strong>octat</strong></span> <span class='ocrx_word' id='word_1_405' title='bbox 193 3779 328 3852; x_wconf 73' lang='lat' dir='ltr'><strong>[wtam</strong></span> <span class='ocrx_word' id='word_1_406' title='bbox 347 3778 560 3840; x_wconf 66' lang='lat' dir='ltr'><strong>cotuawtem</strong></span> <span class='ocrx_word' id='word_1_407' title='bbox 587 3781 666 3852; x_wconf 58' lang='lat' dir='ltr'><strong>aas</strong></span> <span class='ocrx_word' id='word_1_408' title='bbox 685 3781 745 3854; x_wconf 85' lang='lat' dir='ltr'><strong>qut</strong></span> <span class='ocrx_word' id='word_1_409' title='bbox 769 3781 866 3842; x_wconf 78' lang='lat' dir='ltr'><strong>misit</strong></span> <span class='ocrx_word' id='word_1_410' title='bbox 920 3778 1123 3856; x_wconf 85' lang='lat' dir='ltr'><strong>adimplevit.</strong></span> <span class='ocrx_word' id='word_1_411' title='bbox 1140 3779 1218 3856; x_wconf 88' lang='lat' dir='ltr'><strong>Ipsa</strong></span> <span class='ocrx_word' id='word_1_412' title='bbox 1230 3793 1373 3856; x_wconf 90' lang='lat' dir='ltr'><strong>namque</strong></span> <span class='ocrx_word' id='word_1_413' title='bbox 1385 3779 1446 3840; x_wconf 90' lang='lat' dir='ltr'><strong>Dei</strong></span> <span class='ocrx_word' id='word_1_414' title='bbox 1458 3779 1579 3841; x_wconf 84' lang='lat' dir='ltr'><strong>Filium</strong></span> <span class='ocrx_word' id='word_1_415' title='bbox 1593 3779 1630 3841; x_wconf 92' lang='lat' dir='ltr'><strong>in</strong></span> <span class='ocrx_word' id='word_1_416' title='bbox 1646 3796 1723 3858; x_wconf 93' lang='lat' dir='ltr'><strong>pro-</strong></span> 
     </span>
     <span class='ocr_line' id='line_1_37' title="bbox 73 3871 1722 3956; baseline 0.005 -24"><span class='ocrx_word' id='word_1_417' title='bbox 73 3883 119 3932; x_wconf 80' lang='lat' dir='ltr'><strong>rae</strong></span> <span class='ocrx_word' id='word_1_418' title='bbox 136 3871 245 3952; x_wconf 83' lang='lat' dir='ltr'><strong>(Joau.</strong></span> <span class='ocrx_word' id='word_1_419' title='bbox 274 3890 323 3948; x_wconf 81' lang='lat' dir='ltr'><strong>iv,</strong></span> <span class='ocrx_word' id='word_1_420' title='bbox 345 3872 779 3954; x_wconf 79' lang='lat' dir='ltr'><strong>34).hte1ibi:oapasmo</strong></span> <span class='ocrx_word' id='word_1_421' title='bbox 799 3881 864 3940; x_wconf 77' lang='lat' dir='ltr'><strong>bo-</strong></span> <span class='ocrx_word' id='word_1_422' title='bbox 920 3876 993 3956; x_wconf 89' lang='lat' dir='ltr'><strong>pria</strong></span> <span class='ocrx_word' id='word_1_423' title='bbox 1014 3891 1156 3952; x_wconf 85' lang='lat' dir='ltr'><strong>persona</strong></span> <span class='ocrx_word' id='word_1_424' title='bbox 1177 3873 1379 3938; x_wconf 89' lang='lat' dir='ltr'><strong>esurientem</strong></span> <span class='ocrx_word' id='word_1_425' title='bbox 1400 3891 1503 3938; x_wconf 88' lang='lat' dir='ltr'><strong>manu</strong></span> <span class='ocrx_word' id='word_1_426' title='bbox 1517 3877 1652 3956; x_wconf 90' lang='lat' dir='ltr'><strong>propria</strong></span> <span class='ocrx_word' id='word_1_427' title='bbox 1668 3877 1722 3940; x_wconf 91' lang='lat' dir='ltr'><strong>ci-</strong></span> 
     </span>
     <span class='ocr_line' id='line_1_38' title="bbox 72 3969 1720 4058; baseline 0.002 -27"><span class='ocrx_word' id='word_1_428' title='bbox 72 3969 121 4031; x_wconf 83' lang='lat' dir='ltr'><strong>teo</strong></span> <span class='ocrx_word' id='word_1_429' title='bbox 135 3973 356 4048; x_wconf 77' lang='lat' dir='ltr'><strong>baptizarict</strong></span> <span class='ocrx_word' id='word_1_430' title='bbox 369 3973 647 4037; x_wconf 81' lang='lat' dir='ltr'><strong>coarctordoneo</strong></span> <span class='ocrx_word' id='word_1_431' title='bbox 656 3977 865 4051; x_wconf 64' lang='lat' dir='ltr'><strong>pmflotatar</strong></span> <span class='ocrx_word' id='word_1_432' title='bbox 919 3973 1021 4046; x_wconf 80' lang='lat' dir='ltr'><strong>bavit,</strong></span> <span class='ocrx_word' id='word_1_433' title='bbox 1037 3969 1204 4036; x_wconf 90' lang='lat' dir='ltr'><strong>sitientem</strong></span> <span class='ocrx_word' id='word_1_434' title='bbox 1223 3969 1309 4034; x_wconf 89' lang='lat' dir='ltr'><strong>lacte</strong></span> <span class='ocrx_word' id='word_1_435' title='bbox 1331 3971 1467 4058; x_wconf 85' lang='lat' dir='ltr'><strong>proprio</strong></span> <span class='ocrx_word' id='word_1_436' title='bbox 1489 3971 1626 4050; x_wconf 83' lang='lat' dir='ltr'><strong>potavit,</strong></span> <span class='ocrx_word' id='word_1_437' title='bbox 1652 3990 1720 4034; x_wconf 92' lang='lat' dir='ltr'><strong>nu-</strong></span> 
     </span>
     <span class='ocr_line' id='line_1_39' title="bbox 72 4060 1752 4152; baseline 0.004 -25"><span class='ocrx_word' id='word_1_438' title='bbox 72 4063 152 4142; x_wconf 79' lang='lat' dir='ltr'><strong>(buc.</strong></span> <span class='ocrx_word' id='word_1_439' title='bbox 174 4085 236 4143; x_wconf 83' lang='lat' dir='ltr'><strong>xrr,</strong></span> <span class='ocrx_word' id='word_1_440' title='bbox 262 4068 330 4149; x_wconf 84' lang='lat'>50).</span> <span class='ocrx_word' id='word_1_441' title='bbox 359 4071 444 4133; x_wconf 80' lang='lat' dir='ltr'><strong>Vere</strong></span> <span class='ocrx_word' id='word_1_442' title='bbox 467 4087 547 4149; x_wconf 88' lang='lat' dir='ltr'><strong>ergo</strong></span> <span class='ocrx_word' id='word_1_443' title='bbox 573 4074 707 4136; x_wconf 87' lang='lat' dir='ltr'><strong>Martha</strong></span> <span class='ocrx_word' id='word_1_444' title='bbox 733 4075 865 4152; x_wconf 80' lang='lat' dir='ltr'><strong>excepit</strong></span> <span class='ocrx_word' id='word_1_445' title='bbox 920 4071 997 4133; x_wconf 92' lang='lat' dir='ltr'><strong>dum</strong></span> <span class='ocrx_word' id='word_1_446' title='bbox 1021 4086 1087 4132; x_wconf 90' lang='lat' dir='ltr'><strong>non</strong></span> <span class='ocrx_word' id='word_1_447' title='bbox 1119 4069 1227 4132; x_wconf 89' lang='lat' dir='ltr'><strong>solum</strong></span> <span class='ocrx_word' id='word_1_448' title='bbox 1253 4067 1412 4142; x_wconf 82' lang='lat' dir='ltr'><strong>restibus,</strong></span> <span class='ocrx_word' id='word_1_449' title='bbox 1436 4070 1495 4131; x_wconf 86' lang='lat' dir='ltr'><strong>sed</strong></span> <span class='ocrx_word' id='word_1_450' title='bbox 1530 4066 1631 4132; x_wconf 88' lang='lat' dir='ltr'><strong>etiam</strong></span> <span class='ocrx_word' id='word_1_451' title='bbox 1660 4087 1722 4134; x_wconf 88' lang='lat' dir='ltr'><strong>sua</strong></span> <span class='ocrx_word' id='word_1_452' title='bbox 1748 4060 1752 4068; x_wconf 72' lang='grc'>’</span> 
     </span>
     <span class='ocr_line' id='line_1_40' title="bbox 72 4162 1723 4244; baseline 0.004 -20"><span class='ocrx_word' id='word_1_453' title='bbox 72 4162 151 4228; x_wconf 89' lang='lat' dir='ltr'><strong>illum</strong></span> <span class='ocrx_word' id='word_1_454' title='bbox 176 4167 212 4230; x_wconf 91' lang='lat' dir='ltr'><strong>in</strong></span> <span class='ocrx_word' id='word_1_455' title='bbox 244 4168 381 4230; x_wconf 89' lang='lat' dir='ltr'><strong>domum</strong></span> <span class='ocrx_word' id='word_1_456' title='bbox 416 4185 523 4232; x_wconf 82' lang='lat' dir='ltr'><strong>suam.</strong></span> <span class='ocrx_word' id='word_1_457' title='bbox 555 4170 649 4234; x_wconf 89' lang='lat' dir='ltr'><strong>Unde</strong></span> <span class='ocrx_word' id='word_1_458' title='bbox 680 4173 864 4234; x_wconf 85' lang='lat' dir='ltr'><strong>secundnm</strong></span> <span class='ocrx_word' id='word_1_459' title='bbox 920 4167 1723 4244; x_wconf 82' lang='lat' dir='ltr'><strong>carnerestirithospitemnonsolumsuosinu</strong></span> 
     </span>
     <span class='ocr_line' id='line_1_41' title="bbox 73 4262 1724 4345; baseline 0.003 -21"><span class='ocrx_word' id='word_1_460' title='bbox 73 4277 193 4326; x_wconf 78' lang='lat' dir='ltr'><strong>emnem</strong></span> <span class='ocrx_word' id='word_1_461' title='bbox 218 4265 353 4328; x_wconf 88' lang='lat' dir='ltr'><strong>nonde</strong></span> <span class='ocrx_word' id='word_1_462' title='bbox 374 4265 521 4328; x_wconf 85' lang='lat' dir='ltr'><strong>Rachele</strong></span> <span class='ocrx_word' id='word_1_463' title='bbox 544 4269 643 4331; x_wconf 85' lang='lat' dir='ltr'><strong>natus</strong></span> <span class='ocrx_word' id='word_1_464' title='bbox 666 4269 726 4342; x_wconf 89' lang='lat' dir='ltr'><strong>est,</strong></span> <span class='ocrx_word' id='word_1_465' title='bbox 750 4269 807 4332; x_wconf 91' lang='lat' dir='ltr'><strong>sed</strong></span> <span class='ocrx_word' id='word_1_466' title='bbox 823 4270 864 4333; x_wconf 93' lang='lat' dir='ltr'><strong>de</strong></span> <span class='ocrx_word' id='word_1_467' title='bbox 919 4268 972 4330; x_wconf 82' lang='lat' dir='ltr'><strong>vel</strong></span> <span class='ocrx_word' id='word_1_468' title='bbox 996 4265 1136 4344; x_wconf 87' lang='lat' dir='ltr'><strong>gremio,</strong></span> <span class='ocrx_word' id='word_1_469' title='bbox 1162 4262 1220 4328; x_wconf 90' lang='lat' dir='ltr'><strong>sed</strong></span> <span class='ocrx_word' id='word_1_470' title='bbox 1244 4263 1345 4327; x_wconf 85' lang='lat' dir='ltr'><strong>eiiam</strong></span> <span class='ocrx_word' id='word_1_471' title='bbox 1369 4266 1486 4328; x_wconf 79' lang='lat' dir='ltr'><strong>ventre</strong></span> <span class='ocrx_word' id='word_1_472' title='bbox 1509 4267 1665 4345; x_wconf 89' lang='lat' dir='ltr'><strong>suscepit,</strong></span> <span class='ocrx_word' id='word_1_473' title='bbox 1690 4270 1724 4330; x_wconf 92' lang='lat' dir='ltr'><strong>et</strong></span> 
     </span>
     <span class='ocr_line' id='line_1_42' title="bbox 73 4359 1723 4444; baseline 0.004 -23"><span class='ocrx_word' id='word_1_474' title='bbox 73 4359 132 4421; x_wconf 84' lang='lat' dir='ltr'><strong>lia.</strong></span> <span class='ocrx_word' id='word_1_475' title='bbox 152 4365 227 4426; x_wconf 82' lang='lat' dir='ltr'><strong>lstae</strong></span> <span class='ocrx_word' id='word_1_476' title='bbox 257 4362 425 4443; x_wconf 85' lang='lat' dir='ltr'><strong>siquidem</strong></span> <span class='ocrx_word' id='word_1_477' title='bbox 444 4363 520 4427; x_wconf 72' lang='lat' dir='ltr'><strong>dam</strong></span> <span class='ocrx_word' id='word_1_478' title='bbox 533 4365 611 4431; x_wconf 80' lang='lat' dir='ltr'><strong>vitae</strong></span> <span class='ocrx_word' id='word_1_479' title='bbox 624 4382 698 4444; x_wconf 87' lang='lat' dir='ltr'><strong>quae</strong></span> <span class='ocrx_word' id='word_1_480' title='bbox 717 4367 754 4428; x_wconf 88' lang='lat' dir='ltr'><strong>in</strong></span> <span class='ocrx_word' id='word_1_481' title='bbox 775 4383 863 4431; x_wconf 88' lang='lat' dir='ltr'><strong>novo</strong></span> <span class='ocrx_word' id='word_1_482' title='bbox 919 4365 1041 4428; x_wconf 82' lang='lat' dir='ltr'><strong>caetera</strong></span> <span class='ocrx_word' id='word_1_483' title='bbox 1066 4361 1190 4428; x_wconf 73' lang='lat' dir='ltr'><strong>sanctae</strong></span> <span class='ocrx_word' id='word_1_484' title='bbox 1219 4361 1389 4428; x_wconf 81' lang='lat' dir='ltr'><strong>servitutis</strong></span> <span class='ocrx_word' id='word_1_485' title='bbox 1416 4363 1525 4426; x_wconf 83' lang='lat' dir='ltr'><strong>officia</strong></span> <span class='ocrx_word' id='word_1_486' title='bbox 1550 4363 1723 4428; x_wconf 88' lang='lat' dir='ltr'><strong>bmnititer</strong></span> 
     </span>
     <span class='ocr_line' id='line_1_43' title="bbox 72 4458 1723 4542; baseline 0.003 -23"><span class='ocrx_word' id='word_1_487' title='bbox 72 4458 272 4524; x_wconf 78' lang='lat' dir='ltr'><strong>Testamenta</strong></span> <span class='ocrx_word' id='word_1_488' title='bbox 284 4461 493 4540; x_wconf 82' lang='lat' dir='ltr'><strong>perhtarlam</strong></span> <span class='ocrx_word' id='word_1_489' title='bbox 507 4463 725 4541; x_wconf 88' lang='lat' dir='ltr'><strong>designantur</strong></span> <span class='ocrx_word' id='word_1_490' title='bbox 733 4466 766 4529; x_wconf 88' lang='lat' dir='ltr'><strong>et</strong></span> <span class='ocrx_word' id='word_1_491' title='bbox 778 4467 865 4528; x_wconf 75' lang='lat' dir='ltr'><strong>Mar</strong></span> <span class='ocrx_word' id='word_1_492' title='bbox 919 4461 1123 4542; x_wconf 79' lang='lat' dir='ltr'><strong>adimplevit,</strong></span> <span class='ocrx_word' id='word_1_493' title='bbox 1151 4459 1204 4524; x_wconf 82' lang='lat' dir='ltr'><strong>ael</strong></span> <span class='ocrx_word' id='word_1_494' title='bbox 1225 4461 1358 4541; x_wconf 89' lang='lat' dir='ltr'><strong>quando</strong></span> <span class='ocrx_word' id='word_1_495' title='bbox 1373 4459 1511 4524; x_wconf 83' lang='lat' dir='ltr'><strong>deduxit</strong></span> <span class='ocrx_word' id='word_1_496' title='bbox 1534 4462 1570 4524; x_wconf 89' lang='lat' dir='ltr'><strong>in</strong></span> <span class='ocrx_word' id='word_1_497' title='bbox 1591 4463 1723 4541; x_wconf 82' lang='lat' dir='ltr'><strong>AEgyp-</strong></span> 
     </span>
     <span class='ocr_line' id='line_1_44' title="bbox 71 4555 1718 4640; baseline 0.002 -22"><span class='ocrx_word' id='word_1_498' title='bbox 71 4555 160 4630; x_wconf 79' lang='lat' dir='ltr'><strong>han,</strong></span> <span class='ocrx_word' id='word_1_499' title='bbox 178 4560 216 4621; x_wconf 91' lang='lat' dir='ltr'><strong>in</strong></span> <span class='ocrx_word' id='word_1_500' title='bbox 237 4557 347 4622; x_wconf 81' lang='lat' dir='ltr'><strong>veteri</strong></span> <span class='ocrx_word' id='word_1_501' title='bbox 368 4560 581 4624; x_wconf 67' lang='lat' dir='ltr'><strong>usamenta</strong></span> <span class='ocrx_word' id='word_1_502' title='bbox 604 4578 664 4640; x_wconf 91' lang='lat' dir='ltr'><strong>per</strong></span> <span class='ocrx_word' id='word_1_503' title='bbox 683 4562 864 4628; x_wconf 85' lang='lat' dir='ltr'><strong>Rachelem</strong></span> <span class='ocrx_word' id='word_1_504' title='bbox 918 4563 1005 4634; x_wconf 86' lang='lat' dir='ltr'><strong>tum,</strong></span> <span class='ocrx_word' id='word_1_505' title='bbox 1030 4561 1085 4623; x_wconf 82' lang='lat' dir='ltr'><strong>vel</strong></span> <span class='ocrx_word' id='word_1_506' title='bbox 1110 4557 1242 4638; x_wconf 90' lang='lat' dir='ltr'><strong>quando</strong></span> <span class='ocrx_word' id='word_1_507' title='bbox 1270 4558 1458 4638; x_wconf 80' lang='lat' dir='ltr'><strong>deportavit</strong></span> <span class='ocrx_word' id='word_1_508' title='bbox 1480 4559 1520 4620; x_wconf 91' lang='lat' dir='ltr'><strong>ad</strong></span> <span class='ocrx_word' id='word_1_509' title='bbox 1547 4558 1718 4637; x_wconf 88' lang='lat' dir='ltr'><strong>templum,</strong></span> 
     </span>
     <span class='ocr_line' id='line_1_45' title="bbox 72 4651 1723 4738; baseline 0.003 -23"><span class='ocrx_word' id='word_1_510' title='bbox 72 4651 279 4732; x_wconf 81' lang='lat' dir='ltr'><strong>designantur</strong></span> <span class='ocrx_word' id='word_1_511' title='bbox 293 4657 328 4720; x_wconf 90' lang='lat' dir='ltr'><strong>et</strong></span> <span class='ocrx_word' id='word_1_512' title='bbox 340 4657 447 4732; x_wconf 85' lang='lat' dir='ltr'><strong>biam,</strong></span> <span class='ocrx_word' id='word_1_513' title='bbox 460 4659 602 4721; x_wconf 88' lang='lat' dir='ltr'><strong>alteram</strong></span> <span class='ocrx_word' id='word_1_514' title='bbox 615 4660 790 4738; x_wconf 91' lang='lat' dir='ltr'><strong>pulchram</strong></span> <span class='ocrx_word' id='word_1_515' title='bbox 805 4661 864 4723; x_wconf 93' lang='lat' dir='ltr'><strong>sed</strong></span> <span class='ocrx_word' id='word_1_516' title='bbox 918 4660 972 4722; x_wconf 82' lang='lat' dir='ltr'><strong>rel</strong></span> <span class='ocrx_word' id='word_1_517' title='bbox 987 4659 1118 4737; x_wconf 87' lang='lat' dir='ltr'><strong>quando</strong></span> <span class='ocrx_word' id='word_1_518' title='bbox 1143 4657 1213 4720; x_wconf 87' lang='lat' dir='ltr'><strong>suis</strong></span> <span class='ocrx_word' id='word_1_519' title='bbox 1234 4655 1383 4720; x_wconf 90' lang='lat' dir='ltr'><strong>brachiis</strong></span> <span class='ocrx_word' id='word_1_520' title='bbox 1407 4657 1559 4734; x_wconf 88' lang='lat' dir='ltr'><strong>gestabat</strong></span> <span class='ocrx_word' id='word_1_521' title='bbox 1572 4655 1723 4720; x_wconf 82' lang='lat' dir='ltr'><strong>intantu-</strong></span> 
     </span>
     <span class='ocr_line' id='line_1_46' title="bbox 73 4753 1722 4835; baseline 0.003 -21"><span class='ocrx_word' id='word_1_522' title='bbox 73 4767 143 4825; x_wconf 88' lang='lat' dir='ltr'><strong>pene</strong></span> <span class='ocrx_word' id='word_1_523' title='bbox 156 4755 328 4828; x_wconf 88' lang='lat' dir='ltr'><strong>sterilem,</strong></span> <span class='ocrx_word' id='word_1_524' title='bbox 347 4756 511 4834; x_wconf 87' lang='lat' dir='ltr'><strong>reliquam</strong></span> <span class='ocrx_word' id='word_1_525' title='bbox 531 4757 656 4835; x_wconf 90' lang='lat' dir='ltr'><strong>lippam</strong></span> <span class='ocrx_word' id='word_1_526' title='bbox 683 4757 863 4822; x_wconf 79' lang='lat' dir='ltr'><strong>eed&#39;valde</strong></span> <span class='ocrx_word' id='word_1_527' title='bbox 918 4757 997 4818; x_wconf 90' lang='lat' dir='ltr'><strong>lum.</strong></span> <span class='ocrx_word' id='word_1_528' title='bbox 1015 4759 1053 4819; x_wconf 92' lang='lat' dir='ltr'><strong>ln</strong></span> <span class='ocrx_word' id='word_1_529' title='bbox 1077 4755 1118 4818; x_wconf 87' lang='lat' dir='ltr'><strong>iis</strong></span> <span class='ocrx_word' id='word_1_530' title='bbox 1138 4753 1291 4817; x_wconf 92' lang='lat' dir='ltr'><strong>omnibus</strong></span> <span class='ocrx_word' id='word_1_531' title='bbox 1305 4754 1408 4818; x_wconf 89' lang='lat' dir='ltr'><strong>Beata</strong></span> <span class='ocrx_word' id='word_1_532' title='bbox 1423 4754 1530 4818; x_wconf 81' lang='lat' dir='ltr'><strong>Maria</strong></span> <span class='ocrx_word' id='word_1_533' title='bbox 1550 4755 1722 4832; x_wconf 88' lang='lat' dir='ltr'><strong>satagebat</strong></span> 
     </span>
     <span class='ocr_line' id='line_1_47' title="bbox 74 4847 1718 4932; baseline 0.007 -25"><span class='ocrx_word' id='word_1_534' title='bbox 74 4847 260 4916; x_wconf 76' lang='lat' dir='ltr'><strong>iracundam.</strong></span> <span class='ocrx_word' id='word_1_535' title='bbox 285 4853 348 4916; x_wconf 90' lang='lat' dir='ltr'><strong>Illa</strong></span> <span class='ocrx_word' id='word_1_536' title='bbox 367 4869 511 4932; x_wconf 86' lang='lat' dir='ltr'><strong>namque</strong></span> <span class='ocrx_word' id='word_1_537' title='bbox 528 4855 610 4917; x_wconf 89' lang='lat' dir='ltr'><strong>duos</strong></span> <span class='ocrx_word' id='word_1_538' title='bbox 629 4857 757 4918; x_wconf 86' lang='lat' dir='ltr'><strong>tantum</strong></span> <span class='ocrx_word' id='word_1_539' title='bbox 777 4858 863 4920; x_wconf 82' lang='lat' dir='ltr'><strong>tilios</strong></span> <span class='ocrx_word' id='word_1_540' title='bbox 919 4855 1008 4916; x_wconf 87' lang='lat' dir='ltr'><strong>circa</strong></span> <span class='ocrx_word' id='word_1_541' title='bbox 1047 4853 1201 4932; x_wconf 82' lang='lat' dir='ltr'><strong>frequens</strong></span> <span class='ocrx_word' id='word_1_542' title='bbox 1233 4849 1474 4925; x_wconf 89' lang='lat' dir='ltr'><strong>ministerium,</strong></span> <span class='ocrx_word' id='word_1_543' title='bbox 1506 4851 1540 4916; x_wconf 93' lang='lat' dir='ltr'><strong>et</strong></span> <span class='ocrx_word' id='word_1_544' title='bbox 1576 4853 1718 4918; x_wconf 85' lang='lat' dir='ltr'><strong>Marthae</strong></span> 
     </span>
     <span class='ocr_line' id='line_1_48' title="bbox 74 4949 1289 5032; baseline 0.001 -23"><span class='ocrx_word' id='word_1_545' title='bbox 74 4953 243 5024; x_wconf 80' lang='lat' dir='ltr'><strong>generavit,</strong></span> <span class='ocrx_word' id='word_1_546' title='bbox 266 4952 392 5030; x_wconf 85' lang='lat' dir='ltr'><strong>Joseph</strong></span> <span class='ocrx_word' id='word_1_547' title='bbox 412 4953 445 5014; x_wconf 86' lang='lat' dir='ltr'><strong>et</strong></span> <span class='ocrx_word' id='word_1_548' title='bbox 467 4953 653 5031; x_wconf 74' lang='lat' dir='ltr'><strong>Beniamin,</strong></span> <span class='ocrx_word' id='word_1_549' title='bbox 670 4955 758 5032; x_wconf 91' lang='lat' dir='ltr'><strong>quod</strong></span> <span class='ocrx_word' id='word_1_550' title='bbox 780 4971 863 5017; x_wconf 87' lang='lat' dir='ltr'><strong>con·</strong></span> <span class='ocrx_word' id='word_1_551' title='bbox 918 4950 1121 5030; x_wconf 88' lang='lat' dir='ltr'><strong>adimplebat</strong></span> <span class='ocrx_word' id='word_1_552' title='bbox 1132 4949 1289 5013; x_wconf 79' lang='lat' dir='ltr'><strong>osticium.</strong></span> 
     </span>
     <span class='ocr_line' id='line_1_49' title="bbox 74 5045 1723 5132; baseline 0.003 -24"><span class='ocrx_word' id='word_1_553' title='bbox 74 5045 335 5126; x_wconf 78' lang='lat' dir='ltr'><strong>templatiravita</strong></span> <span class='ocrx_word' id='word_1_554' title='bbox 347 5050 860 5132; x_wconf 78' lang='lat' dir='ltr'><strong>duospiritualitergedtopera,</strong></span> <span class='ocrx_word' id='word_1_555' title='bbox 961 5054 1043 5120; x_wconf 81' lang='lat' dir='ltr'><strong>Quae</strong></span> <span class='ocrx_word' id='word_1_556' title='bbox 1064 5048 1171 5122; x_wconf 77' lang='lat' dir='ltr'><strong>stetit,</strong></span> <span class='ocrx_word' id='word_1_557' title='bbox 1195 5048 1230 5112; x_wconf 85' lang='lat' dir='ltr'><strong>et</strong></span> <span class='ocrx_word' id='word_1_558' title='bbox 1247 5047 1299 5110; x_wconf 86' lang='lat' dir='ltr'><strong>att</strong></span> <span class='ocrx_word' id='word_1_559' title='bbox 1320 5051 1510 5123; x_wconf 72' lang='lat' dir='ltr'><strong>rhaetiae,</strong></span> <span class='ocrx_word' id='word_1_560' title='bbox 1524 5063 1594 5112; x_wconf 83' lang='lat' dir='ltr'><strong>aon</strong></span> <span class='ocrx_word' id='word_1_561' title='bbox 1613 5051 1665 5113; x_wconf 87' lang='lat' dir='ltr'><strong>est</strong></span> <span class='ocrx_word' id='word_1_562' title='bbox 1677 5052 1723 5114; x_wconf 86' lang='lat' dir='ltr'><strong>a·</strong></span> 
     </span>
     <span class='ocr_line' id='line_1_50' title="bbox 75 5146 1722 5228; baseline 0.005 -26"><span class='ocrx_word' id='word_1_563' title='bbox 75 5147 245 5211; x_wconf 86' lang='lat' dir='ltr'><strong>orationem</strong></span> <span class='ocrx_word' id='word_1_564' title='bbox 267 5147 435 5221; x_wconf 81' lang='lat' dir='ltr'><strong>videlicet,</strong></span> <span class='ocrx_word' id='word_1_565' title='bbox 458 5149 493 5211; x_wconf 91' lang='lat' dir='ltr'><strong>et</strong></span> <span class='ocrx_word' id='word_1_566' title='bbox 506 5150 685 5228; x_wconf 75' lang='lat' dir='ltr'><strong>jejunium.</strong></span> <span class='ocrx_word' id='word_1_567' title='bbox 703 5153 770 5214; x_wconf 88' lang='lat' dir='ltr'><strong>ista</strong></span> <span class='ocrx_word' id='word_1_568' title='bbox 783 5167 863 5214; x_wconf 84' lang='lat' dir='ltr'><strong>voro</strong></span> <span class='ocrx_word' id='word_1_569' title='bbox 918 5153 951 5212; x_wconf 84' lang='lat' dir='ltr'><strong>bi</strong></span> <span class='ocrx_word' id='word_1_570' title='bbox 962 5163 1068 5220; x_wconf 76' lang='lat' dir='ltr'><strong>carco,</strong></span> <span class='ocrx_word' id='word_1_571' title='bbox 1080 5149 1168 5224; x_wconf 83' lang='lat' dir='ltr'><strong>qaod</strong></span> <span class='ocrx_word' id='word_1_572' title='bbox 1183 5159 1377 5209; x_wconf 83' lang='lat' dir='ltr'><strong>sorormea</strong></span> <span class='ocrx_word' id='word_1_573' title='bbox 1395 5146 1534 5221; x_wconf 77' lang='lat' dir='ltr'><strong>religati</strong></span> <span class='ocrx_word' id='word_1_574' title='bbox 1550 5154 1722 5212; x_wconf 72' lang='lat' dir='ltr'><strong>meschiae</strong></span> 
     </span>
     <span class='ocr_line' id='line_1_51' title="bbox 75 5241 1722 5327; baseline 0.005 -27"><span class='ocrx_word' id='word_1_575' title='bbox 75 5254 124 5303; x_wconf 83' lang='lat' dir='ltr'><strong>seu</strong></span> <span class='ocrx_word' id='word_1_576' title='bbox 148 5243 234 5308; x_wconf 86' lang='lat' dir='ltr'><strong>tilios</strong></span> <span class='ocrx_word' id='word_1_577' title='bbox 257 5245 378 5323; x_wconf 85' lang='lat' dir='ltr'><strong>genuit</strong></span> <span class='ocrx_word' id='word_1_578' title='bbox 399 5245 433 5308; x_wconf 89' lang='lat' dir='ltr'><strong>et</strong></span> <span class='ocrx_word' id='word_1_579' title='bbox 448 5263 550 5308; x_wconf 88' lang='lat' dir='ltr'><strong>unam</strong></span> <span class='ocrx_word' id='word_1_580' title='bbox 577 5247 681 5310; x_wconf 87' lang='lat' dir='ltr'><strong>tiliam</strong></span> <span class='ocrx_word' id='word_1_581' title='bbox 707 5249 863 5327; x_wconf 89' lang='lat' dir='ltr'><strong>quoniam</strong></span> <span class='ocrx_word' id='word_1_582' title='bbox 917 5245 1125 5310; x_wconf 79' lang='lat' dir='ltr'><strong>attretstrore</strong></span> <span class='ocrx_word' id='word_1_583' title='bbox 1138 5242 1232 5325; x_wconf 79' lang='lat' dir='ltr'><strong>(Luc.</strong></span> <span class='ocrx_word' id='word_1_584' title='bbox 1248 5261 1282 5317; x_wconf 82' lang='lat' dir='ltr'><strong>x,</strong></span> <span class='ocrx_word' id='word_1_585' title='bbox 1299 5241 1365 5324; x_wconf 85' lang='grc'><em>40).</em></span> <span class='ocrx_word' id='word_1_586' title='bbox 1379 5245 1449 5306; x_wconf 89' lang='lat' dir='ltr'><strong>Hoc</strong></span> <span class='ocrx_word' id='word_1_587' title='bbox 1464 5243 1631 5307; x_wconf 90' lang='lat' dir='ltr'><strong>diciturin</strong></span> <span class='ocrx_word' id='word_1_588' title='bbox 1643 5262 1722 5325; x_wconf 90' lang='lat' dir='ltr'><strong>per-</strong></span> 
     </span>
     <span class='ocr_line' id='line_1_52' title="bbox 75 5339 1722 5423; baseline 0.007 -27"><span class='ocrx_word' id='word_1_589' title='bbox 75 5339 169 5404; x_wconf 81' lang='lat' dir='ltr'><strong>achra</strong></span> <span class='ocrx_word' id='word_1_590' title='bbox 187 5345 260 5406; x_wconf 83' lang='lat' dir='ltr'><strong>rita</strong></span> <span class='ocrx_word' id='word_1_591' title='bbox 276 5345 412 5408; x_wconf 86' lang='lat' dir='ltr'><strong>exercet</strong></span> <span class='ocrx_word' id='word_1_592' title='bbox 425 5359 486 5406; x_wconf 86' lang='lat' dir='ltr'><strong>sex</strong></span> <span class='ocrx_word' id='word_1_593' title='bbox 497 5361 601 5423; x_wconf 89' lang='lat' dir='ltr'><strong>opera</strong></span> <span class='ocrx_word' id='word_1_594' title='bbox 625 5346 863 5412; x_wconf 78' lang='lat' dir='ltr'><strong>misericordia</strong></span> <span class='ocrx_word' id='word_1_595' title='bbox 916 5361 1001 5407; x_wconf 90' lang='lat' dir='ltr'><strong>sona</strong></span> <span class='ocrx_word' id='word_1_596' title='bbox 1020 5344 1155 5406; x_wconf 91' lang='lat' dir='ltr'><strong>illorum</strong></span> <span class='ocrx_word' id='word_1_597' title='bbox 1170 5343 1227 5422; x_wconf 91' lang='lat' dir='ltr'><strong>qui</strong></span> <span class='ocrx_word' id='word_1_598' title='bbox 1242 5343 1359 5422; x_wconf 90' lang='lat' dir='ltr'><strong>putant</strong></span> <span class='ocrx_word' id='word_1_599' title='bbox 1372 5342 1491 5408; x_wconf 86' lang='lat' dir='ltr'><strong>melius</strong></span> <span class='ocrx_word' id='word_1_600' title='bbox 1506 5359 1580 5404; x_wconf 88' lang='lat' dir='ltr'><strong>esse</strong></span> <span class='ocrx_word' id='word_1_601' title='bbox 1594 5345 1722 5407; x_wconf 89' lang='lat' dir='ltr'><strong>servire</strong></span> 
     </span>
     <span class='ocr_line' id='line_1_53' title="bbox 76 5439 1722 5524; baseline 0.002 -24"><span class='ocrx_word' id='word_1_602' title='bbox 76 5449 137 5512; x_wconf 77' lang='lat' dir='ltr'><strong>que</strong></span> <span class='ocrx_word' id='word_1_603' title='bbox 158 5439 318 5518; x_wconf 76' lang='lat' dir='ltr'><strong>reguntur</strong></span> <span class='ocrx_word' id='word_1_604' title='bbox 343 5442 381 5504; x_wconf 90' lang='lat' dir='ltr'><strong>in</strong></span> <span class='ocrx_word' id='word_1_605' title='bbox 405 5443 597 5520; x_wconf 80' lang='lat' dir='ltr'><strong>Evangelio,</strong></span> <span class='ocrx_word' id='word_1_606' title='bbox 626 5444 660 5508; x_wconf 90' lang='lat' dir='ltr'><strong>et</strong></span> <span class='ocrx_word' id='word_1_607' title='bbox 687 5445 863 5524; x_wconf 88' lang='lat' dir='ltr'><strong>septimum</strong></span> <span class='ocrx_word' id='word_1_608' title='bbox 919 5444 954 5507; x_wconf 91' lang='lat' dir='ltr'><strong>in</strong></span> <span class='ocrx_word' id='word_1_609' title='bbox 972 5443 1042 5506; x_wconf 84' lang='lat' dir='ltr'><strong>vita</strong></span> <span class='ocrx_word' id='word_1_610' title='bbox 1063 5441 1173 5504; x_wconf 83' lang='lat' dir='ltr'><strong>activa</strong></span> <span class='ocrx_word' id='word_1_611' title='bbox 1196 5457 1297 5519; x_wconf 91' lang='lat' dir='ltr'><strong>quam</strong></span> <span class='ocrx_word' id='word_1_612' title='bbox 1317 5439 1353 5502; x_wconf 91' lang='lat' dir='ltr'><strong>in</strong></span> <span class='ocrx_word' id='word_1_613' title='bbox 1367 5439 1633 5518; x_wconf 84' lang='lat' dir='ltr'><strong>contemplativa,</strong></span> <span class='ocrx_word' id='word_1_614' title='bbox 1648 5459 1722 5504; x_wconf 90' lang='lat' dir='ltr'><strong>me-</strong></span> 
     </span>
     <span class='ocr_line' id='line_1_54' title="bbox 77 5537 1720 5622; baseline 0.005 -28"><span class='ocrx_word' id='word_1_615' title='bbox 77 5537 149 5610; x_wconf 89' lang='lat' dir='ltr'><strong>quod</strong></span> <span class='ocrx_word' id='word_1_616' title='bbox 173 5539 300 5616; x_wconf 88' lang='lat' dir='ltr'><strong>legitur</strong></span> <span class='ocrx_word' id='word_1_617' title='bbox 326 5539 361 5601; x_wconf 92' lang='lat' dir='ltr'><strong>in</strong></span> <span class='ocrx_word' id='word_1_618' title='bbox 387 5540 501 5614; x_wconf 88' lang='lat' dir='ltr'><strong>Tobia,</strong></span> <span class='ocrx_word' id='word_1_619' title='bbox 527 5541 693 5616; x_wconf 85' lang='lat' dir='ltr'><strong>videlicet,</strong></span> <span class='ocrx_word' id='word_1_620' title='bbox 720 5545 872 5622; x_wconf 89' lang='lat' dir='ltr'><strong>sepelire·</strong></span> <span class='ocrx_word' id='word_1_621' title='bbox 918 5541 983 5614; x_wconf 84' lang='lat' dir='ltr'><strong>lius</strong></span> <span class='ocrx_word' id='word_1_622' title='bbox 1002 5541 1074 5603; x_wconf 87' lang='lat' dir='ltr'><strong>tore</strong></span> <span class='ocrx_word' id='word_1_623' title='bbox 1098 5555 1260 5619; x_wconf 87' lang='lat' dir='ltr'><strong>pauperes</strong></span> <span class='ocrx_word' id='word_1_624' title='bbox 1275 5554 1441 5610; x_wconf 86' lang='lat' dir='ltr'><strong>recreare,</strong></span> <span class='ocrx_word' id='word_1_625' title='bbox 1463 5555 1561 5616; x_wconf 90' lang='lat' dir='ltr'><strong>quam</strong></span> <span class='ocrx_word' id='word_1_626' title='bbox 1576 5539 1720 5602; x_wconf 90' lang='lat' dir='ltr'><strong>orationi</strong></span> 
     </span>
     <span class='ocr_line' id='line_1_55' title="bbox 77 5635 1718 5716; baseline 0.005 -24"><span class='ocrx_word' id='word_1_627' title='bbox 77 5637 238 5710; x_wconf 82' lang='lat' dir='ltr'><strong>modunm,</strong></span> <span class='ocrx_word' id='word_1_628' title='bbox 253 5635 341 5716; x_wconf 90' lang='lat' dir='ltr'><strong>qnod</strong></span> <span class='ocrx_word' id='word_1_629' title='bbox 355 5635 442 5700; x_wconf 90' lang='lat' dir='ltr'><strong>bene</strong></span> <span class='ocrx_word' id='word_1_630' title='bbox 456 5637 613 5704; x_wconf 85' lang='lat' dir='ltr'><strong>toemineo</strong></span> <span class='ocrx_word' id='word_1_631' title='bbox 628 5640 762 5706; x_wconf 86' lang='lat' dir='ltr'><strong>nomine</strong></span> <span class='ocrx_word' id='word_1_632' title='bbox 774 5641 864 5705; x_wconf 89' lang='lat' dir='ltr'><strong>desi·</strong></span> <span class='ocrx_word' id='word_1_633' title='bbox 918 5652 1050 5704; x_wconf 83' lang='lat' dir='ltr'><strong>vacare.</strong></span> <span class='ocrx_word' id='word_1_634' title='bbox 1068 5637 1131 5702; x_wconf 89' lang='lat' dir='ltr'><strong>Sed</strong></span> <span class='ocrx_word' id='word_1_635' title='bbox 1157 5635 1289 5700; x_wconf 90' lang='lat' dir='ltr'><strong>Martha</strong></span> <span class='ocrx_word' id='word_1_636' title='bbox 1313 5637 1376 5698; x_wconf 92' lang='lat' dir='ltr'><strong>hoc</strong></span> <span class='ocrx_word' id='word_1_637' title='bbox 1400 5652 1466 5699; x_wconf 95' lang='lat' dir='ltr'><strong>non</strong></span> <span class='ocrx_word' id='word_1_638' title='bbox 1486 5635 1616 5698; x_wconf 90' lang='lat' dir='ltr'><strong>dicebat</strong></span> <span class='ocrx_word' id='word_1_639' title='bbox 1628 5639 1718 5700; x_wconf 83' lang='lat' dir='ltr'><strong>tam-</strong></span> 
     </span>
    </p>
   </div>
   <div class='ocr_carea' id='block_1_3' title="bbox 204 5794 1574 5858">
    <p class='ocr_par' dir='ltr' id='par_1_5' title="bbox 204 5794 1574 5858">
     <span class='ocr_line' id='line_1_56' title="bbox 204 5794 1574 5858; baseline -0.004 -4"><span class='ocrx_word' id='word_1_640' title='bbox 204 5810 323 5854; x_wconf 79' lang='lat' dir='ltr'><strong>rnraan.</strong></span> <span class='ocrx_word' id='word_1_641' title='bbox 343 5811 417 5858; x_wconf 72' lang='lat' dir='ltr'><strong>roan</strong></span> <span class='ocrx_word' id='word_1_642' title='bbox 437 5800 474 5857; x_wconf 92' lang='lat' dir='ltr'><strong>ll.</strong></span> <span class='ocrx_word' id='word_1_643' title='bbox 1523 5794 1574 5848; x_wconf 76' lang='lat' dir='ltr'><strong>br.</strong></span> 
     </span>
    </p>
   </div>
   <div class='ocr_carea' id='block_1_4' title="bbox 0 0 2002 6326">
    <p class='ocr_par' dir='ltr' id='par_1_6' title="bbox 0 0 2002 6326">
     <span class='ocr_line' id='line_1_57' title="bbox 0 0 2002 6326; baseline 0 1"><span class='ocrx_word' id='word_1_644' title='bbox 0 0 2002 6326; x_wconf 95' lang='lat' dir='ltr'><strong> </strong></span> 
     </span>
    </p>
   </div>
  </div>
 </body>
</html>
