3986 6304
257 305 320 368 215

258 468 338 541 tem,
361 482 425 546 quo
450 485 510 546 per
533 485 568 532 se
589 470 642 534 vel
661 473 895 551 procuratores
917 477 1055 540 idoneos

261 568 473 644 compareant
485 585 596 631 coram
609 571 706 634 nobis
721 574 919 636 sententiam
934 592 1054 654 recep-

260 664 355 726 turae.
379 667 470 736 Quod
494 668 523 727 si
549 685 616 730 non
645 686 771 744 omnes,
792 673 867 744 etc,
891 673 955 735 duo
979 690 1056 736 ves-

260 761 358 834 trum,
385 763 446 824 etc.
472 767 592 827 Datum
607 769 784 842 ¹Laterani,
811 773 871 832 Vll
895 771 1055 833 kalendas

259 858 431 934 februarii,
445 864 657 940 pontificatus
672 867 778 928 nostri
793 884 879 930 anno
894 870 1012 947 primo.

561 1136 748 1226 CLXXVI

261 1388 313 1446 Ad
350 1390 531 1449 traicersos
569 1388 825 1466 crucesignatos
858 1403 927 1463 per
961 1391 1057 1452 Colo-

341 1487 496 1548 nieesem
521 1489 736 1562 provinciam
761 1488 974 1550 consecutos.

553 1664 665 1736 aljan.
687 1664 766 1746 1117.

262 1822 375 1888 [Eanum
386 1823 491 1886 Quellen
512 1838 556 1874 zur
568 1823 718 1875 Geschirhte
734 1824 778 1875 der
796 1823 869 1876 stadt
887 1824 963 1884 Koln,
983 1828 1002 1874 t.
1024 1823 1056 1884 Π,

582 1919 608 1968 p.
620 1905 660 1961 61,
678 1904 767 1969 1151]

261 2072 442 2142 Exhortatur,
457 2073 532 2130 utin
547 2088 647 2131 mense
663 2074 758 2148 aprilis
779 2074 908 2147 proximo
932 2080 999 2130 tunc
1011 2071 1054 2130 iu-

296 2168 360 2218 turo
386 2161 422 2218 ad
446 2169 544 2234 portus
564 2163 594 2220 iu
613 2163 737 2222 Concilio
770 2163 925 2236 praednitos
953 2177 1053 2235 porve·

297 2249 387 2307 uiant.

300 2433 468 2496 Honorius
504 2433 698 2512 episcopuS,
733 2450 849 2497 servus
885 2447 1056 2495 servorum

262 2531 333 2604 Dei,
359 2532 525 2594 universis
546 2533 785 2608 crucesignatis
801 2547 860 2609 per
879 2530 1058 2592 Colonien-

262 2643 332 2688 sem
342 2629 752 2704 provinciamconstitutis,
761 2628 901 2690 salutem
914 2628 1057 2704 etApos·

261 2724 396 2786 tolicam
410 2725 684 2788 benedictionem.

303 2825 435 2884 Gratias
449 2825 578 2899 agimus
595 2827 663 2884 Deo
678 2825 792 2885 nostro
806 2824 842 2883 in
861 2823 969 2898 gratia
987 2823 1055 2894 Dei,

264 2937 338 2998 quae
353 2921 430 2982 data
445 2923 496 2983 est
512 2921 606 2983 vobis
621 2923 655 2982 in
667 2921 805 2982 Domino
820 2924 900 2983 Jesu
913 2920 1054 2982 Christo.

262 3021 348 3080 Nam
359 3020 532 3097 postquam
543 3020 679 3081 auribus
695 3020 818 3081 nostris
831 3021 957 3080 clamor
968 3018 1056 3080 tubae

262 3118 411 3178 insonuit
443 3117 611 3190 salutaris,
628 3133 687 3194 per
715 3134 774 3179 ora
803 3117 1056 3195 praedicatorum

262 3216 447 3292 clangentis
471 3217 504 3277 et
530 3215 704 3276 invitantis
729 3213 795 3295 [ad]
821 3231 966 3292 pugnam
989 3215 1057 3275 mi-

262 3313 344 3374 litiae
381 3313 584 3385 christianae,
620 3314 771 3391 protinus
806 3312 918 3374 divina
950 3311 1058 3387 gratia

263 3409 458 3488 inspirante,
475 3414 644 3488 assumpto
665 3411 806 3472 vivificae
827 3410 935 3471 crucis
951 3409 1057 3485 signo,

264 3509 304 3570 do
316 3508 417 3581 terra,
431 3509 581 3570 domibus
599 3510 631 3570 et
644 3509 839 3585 cognatione
847 3508 969 3580 vestra,
982 3523 1058 3568 cor-

262 3608 370 3684 porali
383 3625 422 3670 ac
437 3609 575 3685 mystico
595 3607 746 3684 exemplo
760 3607 902 3669 Abrahae
917 3605 959 3667 ad
973 3621 1061 3682 [1119-

264 3706 394 3783 ceptum
418 3707 561 3776 Domini,
578 3707 692 3784 egredi
716 3706 888 3777 statuistis
918 3705 953 3766 ut
974 3703 1058 3766 eatis

261 3804 298 3864 in
322 3805 445 3865 terram
469 3805 561 3866 illam
588 3806 667 3866 olim
691 3805 840 3865 inclitam
866 3819 905 3864 ac
935 3801 1059 3862 Christi

262 3903 424 3977 sanguine
444 3904 680 3975 consecratam,
698 3917 796 3979 quam
815 3899 908 3962 vobis
929 3899 1059 3960 dilectis

262 3999 511 4068 demonstrabit,
540 4001 605 4060 tut
618 3999 766 4076 expulsis
777 3998 898 4059 exinde
909 4013 982 4058 cum
998 3997 1059 4056 Dei

262 4096 429 4173 adjutorio
455 4096 653 4168 chananeis,
671 4094 841 4158 cumluda
863 4093 1058 4164 Machabe0,

263 4192 407 4255 montem
436 4193 515 4253 Sion
541 4192 739 4264 ascendatis,
751 4192 912 4252 mundare
938 4190 1053 4252 sancta

262 4306 325 4352 nec
343 4306 408 4351 non
425 4279 525 4351 etiam
539 4283 772 4362 renovarent,
792 4287 963 4350 eliminata
979 4287 1055 4348 inde

266 4388 438 4466 spurcitia,
447 4403 567 4451 ornare
579 4387 713 4465 possitis
725 4387 844 4448 faciem
856 4385 971 4464 templi
986 4389 1057 4449 Do-

262 4487 345 4549 mini
367 4486 500 4549 coronis
515 4487 638 4559 aureiS,
654 4488 686 4548 et
707 4487 743 4547 in
766 4485 899 4563 hymnis
915 4501 955 4546 ac
976 4501 1058 4545 con-

261 4585 462 4648 fessionibus
475 4587 651 4647 Dominum
664 4583 839 4661 magnilica
856 4581 1057 4645 collaudare.

262 4687 366 4746 Porro
392 4686 459 4747 tam
486 4685 637 4747 sanctum
663 4683 867 4762 propositum
896 4681 931 4742 in
960 4679 1059 4742 corde

262 4783 374 4844 vestro
388 4783 491 4844 fuisse
510 4784 650 4846 tirmiter
673 4782 855 4845 stabilitum
871 4795 972 4858 opera
987 4794 1060 4840 ma-

263 4879 431 4940 nifestant.
469 4883 595 4958 Nempe
627 4897 647 4942 a
679 4883 798 4943 vestrae
831 4877 1059 4942 conversionis

264 4975 402 5038 exordio
417 4978 600 5050 studuistis,
613 4980 649 5041 ut
659 4979 857 5051 audivimus,
870 4994 945 5039 cum
956 4975 1059 5038 multo

266 5072 432 5136 desiderio
460 5075 493 5136 et
508 5075 637 5136 fervore
666 5078 755 5138 acies
776 5077 959 5137 dominicas
981 5074 1058 5135 ins-

262 5173 410 5244 taurare,
448 5171 481 5232 in
516 5173 668 5245 1191111119,
695 5174 906 5246 victualibus,
942 5172 1057 5244 armiS,

262 5270 492 5333 instrumentis
524 5269 665 5341 bellicis,
687 5271 720 5332 et
753 5271 830 5332 aliis
861 5269 1059 5332 necessariis

263 5370 468 5446 opportunis,
477 5369 510 5430 et
523 5382 614 5428 more
628 5367 817 5429 Abrahaead
827 5368 1060 5430 liberationem

259 5467 343 5545 justi
372 5467 456 5528 Loth
483 5466 659 5538 festinatis,
689 5467 866 5544 assumptis
901 5465 1058 5528 trecentis

262 5564 451 5628 vernaculis
468 5564 642 5643 expeditis,
659 5563 722 5625 hoc
744 5565 794 5626 est
817 5564 976 5626 trecentis
997 5579 1062 5624 na-

263 5663 369 5738 vibus,
394 5680 476 5743 quas
492 5663 533 5726 ad
550 5661 679 5726 Sanctae
702 5661 874 5725 Trinitatis
887 5663 1059 5734 honorem,

874 313 1052 380 novena
1074 295 1119 380 111'
1141 315 1290 382 opens.
1827 323 1874 389 ac

1111 495 1186 542 cum
1205 479 1408 558 periectIone
1434 493 1571 556 operum
1593 493 1653 557 per
1675 479 1877 546 centenarium

1111 577 1294 653 designata,
1304 577 1338 638 in
1349 575 1592 654 expeditionem
1601 579 1878 643 exercitushomini

1110 677 1234 738 laetanti
1264 677 1374 738 animo
1404 677 1616 754 praeparastis
1640 677 1807 753 proticisci,
1831 695 1879 740 vo·
1960 725 1961 760 ,

1111 775 1215 836 lentes
1230 775 1265 835 in
1281 773 1378 836 eisin
1394 790 1506 836 mense
1522 774 1639 851 aprilis
1655 775 1880 852 proximonum
1960 777 1961 784 ’

1110 871 1231 944 tuturo,
1251 871 1389 949 reliquis
1411 887 1470 950 per
1484 874 1609 933 terram
1630 871 1671 932 ad
1693 874 1800 950 portus
1815 889 1880 950 pro·
1960 889 1961 950 1

1110 969 1302 1048 perentibus
1322 973 1535 1048 opportunos,
1558 985 1601 1032 ne
1622 983 1681 1032 vos
1700 971 1880 1047 tangatna-
1960 975 1961 1056 ξ

1109 1068 1254 1141 ledictio,
1283 1085 1355 1146 quae
1388 1069 1592 1146 imprecatur
1624 1068 1791 1144 agentibus
1815 1084 1881 1145 opus

1110 1167 1241 1228 Domini
1257 1167 1474 1244 negligenter,
1497 1166 1554 1227 sed
1570 1165 1680 1243 potius
1701 1166 1824 1227 Domini
1835 1165 1883 1227 be·
1960 1167 1961 1244 ἶ

1110 1265 1254 1326 nedictio
1270 1281 1314 1326 ex
1336 1265 1403 1326 alto
1419 1263 1636 1337 descendens
1648 1265 1801 1340 tanquam
1820 1263 1884 1324 obe-
1960 1247 1961 1302 l

1110 1363 1243 1424 dientiae
1266 1362 1352 1424 illios
1374 1361 1521 1424 totaliter
1540 1377 1601 1424 vos
1627 1361 1803 1422 obumbret.
1822 1361 1883 1421 Non
1960 1423 1961 1442 χ

1112 1460 1200 1520 enim
1232 1475 1307 1521 cum
1342 1475 1447 1521 uxore
1476 1459 1560 1520 Loth
1583 1457 1795 1535 respicientes
1825 1457 1885 1533 post
1960 1445 1961 1482 ³

1110 1558 1249 1634 tergum,
1265 1557 1483 1636 apostataevel
1510 1555 1697 1632 retrogradi
1715 1571 1786 1617 esse
1800 1553 1884 1617 vultis

1112 1655 1308 1734 suspirando
1328 1657 1369 1717 ad
1384 1656 1451 1716 alia
1464 1656 1497 1716 et
1511 1670 1657 1732 pepones
1669 1652 1885 1730 AEgyptivelut

1111 1754 1255 1832 quidam,
1286 1769 1368 1831 quos
1392 1752 1520 1814 invidia
1544 1752 1670 1813 diaboli
1695 1749 1807 1813 nititur
1829 1749 1886 1810 las-
1960 1735 1961 1800 ἶ

1112 1853 1236 1923 cinare,
1258 1851 1438 1913 immittens
1460 1851 1574 1911 ineos
1602 1848 1775 1925 vertiginis
1799 1847 1885 1924 spiri·
1960 1869 1961 1880 ,

1110 1951 1191 2021 tum,
1215 1949 1251 2010 ut
1273 1949 1320 2010 sic
1348 1950 1439 2026 ipsos
1467 1965 1487 2008 a
1510 1948 1626 2010 sancto
1653 1945 1814 2024 proposito
1837 1959 1885 2004 re·
1960 2017 1961 2024 ἵ

1110 2047 1336 2120 tralrat,bonis
1351 2047 1469 2108 studiis
1485 2061 1596 2108 moras
1612 2059 1828 2122 supervacuas
1837 2041 1886 2102 sub

1111 2146 1253 2224 quadam
1268 2145 1484 2224 providentiae
1497 2144 1609 2221 specie
1624 2142 1825 2214 innectendo,
1840 2137 1886 2199 sed
1960 2127 1961 2184 1

1111 2245 1220 2322 potius
1240 2243 1280 2304 ad
1305 2243 1509 2320 propositum
1533 2241 1629 2303 vobis
1658 2241 1806 2302 bravium
1827 2251 1888 2298 cum

1111 2359 1238 2404 summo
1249 2341 1413 2402 desiderio
1425 2340 1559 2401 curritis
1574 2338 1824 2416 testinanter‚ne
1834 2351 1888 2395 am·
1960 2385 1961 2420 ἢ

1112 2440 1198 2518 plius
1210 2439 1333 2502 taedere
1346 2437 1520 2499 Dominum
1533 2436 1677 2510 faciatis,
1692 2437 1747 2514 qui
1761 2437 1888 2496 vestrum
1960 2493 1961 2510 ,

1112 2538 1288 2599 adventum
1311 2536 1436 2614 jugiter
1464 2535 1621 2612 expansis
1649 2534 1795 2596 brachiis
1826 2545 1889 2592 cum

1111 2636 1232 2712 gaudio
1251 2634 1472 2712 praestolatur,
1497 2633 1532 2694 ut
1544 2648 1604 2694 vos
1620 2635 1778 2709 tauquam
1797 2627 1891 2690 caris-
1960 2627 1961 2664 ³

1112 2734 1213 2794 simos
1228 2733 1261 2794 et
1284 2731 1341 2792 diu
1356 2731 1567 2792 desideratos.
1585 2729 1674 2791 lilios
1690 2725 1888 2805 amplexetur,
1960 2757 1961 2798 3

1112 2831 1196 2892 stola
1212 2831 1318 2906 prima
1336 2827 1469 2889 indutos
1486 2827 1519 2888 91
1528 2827 1655 2887 annulo
1671 2823 1852 2900 insignitos;
1865 2817 1892 2878 et
1960 2857 1961 2908 p

1112 2944 1153 2989 ne
1175 2927 1259 2990 sorte
1278 2925 1372 2988 vobis
1398 2923 1618 2996 tardantibus,
1650 2923 1705 2984 vel
1725 2923 1794 2983 sine
1811 2915 1891 2979 vobis
1960 2915 1961 2980 ?

1112 3025 1252 3088 victoria
1265 3025 1357 3102 prius
1373 3023 1430 3084 fiat
1454 3022 1641 3100 perillum,
1665 3019 1719 3083 cui
1747 3018 1795 3080 est
1808 3013 1891 3076 sacile
1960 3013 1961 3086 l

1111 3125 1147 3186 in
1157 3124 1272 3202 paucis
1286 3123 1420 3184 vincere
1435 3121 1470 3182 ut
1485 3121 1521 3180 in
1533 3119 1664 3196 multis;
1676 3118 1740 3188 vel,
1758 3131 1827 3178 cum
1840 3108 1892 3172 sihi
1960 3119 1961 3124 ¹

1113 3224 1224 3284 nullus
1239 3221 1432 3299 promittere
1447 3218 1556 3280 valeat
1570 3217 1650 3280 vitae
1675 3216 1813 3294 spatium
1830 3225 1892 3270 am·
1960 3231 1961 3274 1

1113 3320 1241 3398 plioriS,
1263 3335 1330 3380 non
1343 3316 1556 3395 perveniatis,
1574 3315 1663 3393 quod
1687 3312 1781 3383 absit,
1796 3307 1834 3371 ad
1846 3307 1891 3365 lo·
1960 3309 1961 3312 ’

1114 3435 1188 3480 cum
1208 3419 1241 3479 et
1255 3418 1395 3492 tempus,
1412 3415 1469 3476 ubi
1484 3430 1524 3474 ac
1548 3413 1681 3490 quando
1703 3422 1837 3489 sponsus
1850 3404 1895 3463 in'-
1960 3423 1961 3432 ³

1113 3531 1289 3593 gresstmus
1329 3514 1371 3574 ad
1410 3512 1545 3589 nuptias
1586 3527 1662 3572 oum
1696 3502 1894 3588 prudentibus

1113 3612 1310 3690 virginibus
1335 3610 1484 3672 accensis
1520 3607 1741 3685 lampadibus,
1757 3599 1894 3665 invenire
1960 3625 1961 3636 1

1114 3711 1281 3774 desiderat
1294 3725 1353 3771 vos
1374 3708 1518 3786 paratos,
1535 3708 1610 3783 post
1627 3709 1726 3784 cujus
1740 3699 1895 3764 introitum

1114 3811 1238 3872 frustra
1256 3807 1464 3883 negligentes
1479 3806 1512 3866 et
1532 3799 1620 3881 pigri
1634 3819 1712 3864 cum
1726 3793 1895 3876 virginibus

1113 3908 1215 3970 fatuis
1228 3903 1406 3984 pulsabunt
1418 3903 1458 3964 ad
1467 3906 1606 3980 januam
1613 3904 1686 3978 jam
1701 3897 1894 3978 praeclusam.

1113 4007 1209 4082 Agite
1236 4005 1353 4080 igitur,
1379 4001 1439 4062 filii
1466 3998 1752 4068 reverendissimi,
1770 3988 1897 4056 viriliter

1114 4105 1147 4164 et
1171 4101 1360 4179 prudenter,
1378 4115 1439 4160 nec
1463 4099 1504 4160 ab
1528 4096 1660 4158 astutiis
1675 4095 1827 4157 sathanae
1847 4097 1897 4146 vos

1115 4198 1313 4278 permittatis
1338 4196 1461 4270 seduci,
1497 4195 1554 4272 qui
1588 4194 1788 4271 quandoque
1808 4196 1898 4248 vene·

1114 4299 1202 4360 natis
1218 4295 1367 4358 consiliis
1382 4295 1482 4356 etiam
1492 4281 1898 4354 interdumterroribusin·

1113 4397 1243 4459 vertere
1258 4395 1385 4456 mentes
1400 4392 1546 4453 fidelium
1562 4389 1783 4458 machinatur,
1795 4384 1828 4444 in
1838 4389 1898 4438 suae

1112 4494 1317 4573 tempestatis
1333 4507 1413 4554 area
1427 4490 1590 4551 ventilare
1605 4488 1752 4564 gestiens
1770 4480 1898 4543 univer-

1114 4611 1185 4670 sos,
1199 4592 1257 4654 sed
1269 4589 1472 4653 confidentes
1482 4587 1663 4648 inhomino
1673 4587 1706 4647 et
1720 4571 1899 4658 inpotentia

1114 4692 1249 4753 virtutis
1265 4690 1382 4768 ipsius,
1396 4688 1436 4749 de
1454 4685 1551 4748 nobis
1566 4685 1667 4745 etiam
1682 4683 1810 4742 firmam
1822 4671 1899 4734 fidu-

1114 4789 1200 4850 ciam
1225 4787 1388 4849 habeatis.
1412 4784 1495 4856 Quia
1523 4782 1602 4844 licet
1625 4780 1667 4841 ad
1690 4778 1830 4856 palmam
1847 4779 1898 4828 vos

1115 4887 1324 4964 praecesserit
1362 4884 1468 4945 beatae
1498 4879 1666 4941 memoriae
1698 4865 1898 4970 Innocentius

1116 4987 1181 5046 ΡΡ.
1197 4984 1424 5062 praedecessor
1434 4980 1557 5049 noster,
1569 4977 1669 5053 hujus
1685 4971 1789 5035 sancti
1800 4971 1898 5043 operis

1114 5081 1379 5144 ferventissimus
1406 5076 1592 5147 inchoator,
1620 5089 1681 5134 nos
1702 5073 1810 5133 tamen
1831 5053 1899 5121 licet

1115 5181 1269 5256 indignos
1286 5176 1383 5237 unxit
1398 5175 1557 5236 Dominus
1580 5173 1614 5233 et
1628 5170 1790 5248 pastorem
1806 5169 1896 5259 cons-⁹

1115 5279 1206 5340 tituit
1220 5291 1320 5353 super
1336 5288 1431 5334 suam
1453 5271 1616 5332 familiam
1634 5268 1833 5329 universam,
1849 5265 1898 5330 qur

1115 5376 1193 5438 totis
1209 5371 1349 5435 medulis
1366 5371 1508 5446 totisque
1521 5367 1704 5428 xaffectibus
1726 5359 1897 5436 aspiramus

1115 5469 1235 5532 adhoc
1256 5465 1573 5530 excellentissimum
1593 5457 1811 5522 ministerium
1825 5458 1897 5508 con·

1117 5567 1358 5629 summandum.
1376 5567 1480 5626 Porro
1495 5577 1570 5623 oum
1586 5559 1698 5621 nullus
1712 5549 1817 5618 valeat
1832 5543 1895 5604 sine

1116 5665 1212 5728 nobis
1225 5664 1441 5744 prolixiorem
1457 5659 1520 5724 sibi
1533 5658 1712 5722 terminum
1726 5651 1766 5716 ad
1778 5641 1896 5709 libitum
