3994 6326
42 425 96 483 597
657 417 885 479 EPISTOLAE.
909 417 987 479 LIB.
1011 415 1052 478 11.
1620 416 1680 478 598

42 577 176 658 quaeduo
186 577 406 640 instrumenta
413 577 537 642 61111116
545 575 747 642 oculatatide
755 593 829 654 cog·
883 575 1055 638 monacbis
1070 575 1132 637 88.
1155 574 1270 637 Trium
1287 576 1473 638 Puerorum
1492 573 1678 652 requisitis,

41 674 827 754 1611116616161166111661116111111195,
884 673 918 734 61
928 673 1043 750 jussis,
1060 673 1096 734 ut
1114 671 1329 735 ostenderent
1349 669 1537 749 privilegia,
1561 671 1590 732 si
1614 687 1680 749 qua

44 774 143 835 isaias
172 771 274 834 61166
297 775 356 834 SS.
380 773 494 834 Trium
520 775 704 836 Puerorum
729 789 829 850 quum
884 770 1020 848 inquam
1038 769 1210 842 baberent,
1235 769 1268 833 et
1285 770 1413 831 nullum
1433 785 1468 830 se
1490 768 1613 830 habere
1628 768 1682 829 di·
1705 821 1707 826 ,

13 851 15 872 '
42 870 209 934 Fratribus
220 869 290 932 suis
303 871 518 949 quastionem
533 871 683 934 moverat
696 869 740 932 de
754 869 830 948 qui-
885 867 1046 940 centibus,
1069 868 1235 946 possessio
1256 868 1323 930 tota
1346 867 1455 930 luerat
1475 866 1516 927 ad
1532 865 1681 945 judicata

41 968 174 1030 busdam
193 968 337 1046 pascuis,
361 969 394 1030 et
411 969 521 1042 terris,
543 985 616 1048 quae
640 969 718 1030 sunt
742 967 829 1030 infra
884 965 1086 1028 monasterio
1128 964 1249 1037 Floris,
1282 964 1368 1026 sicut
1391 965 1491 1026 etiam
1527 979 1587 1041 per
1612 963 1681 1023 im-

42 1065 279 1144 possessionem
302 1067 497 1128 monasterii
521 1066 645 1139 Floria,
671 1082 732 1143 per
754 1065 828 1143 pri·
885 1063 1011 1140 periale
1043 1062 1255 1140 privilegium
1288 1061 1477 1138 possidebat
1508 1061 1681 1123 continens

40 1164 195 1240 vilegium
224 1179 321 1224 suum
348 1163 384 1240 in
407 1163 477 1226 Sila
506 1163 674 1226 concessis
696 1161 830 1224 sanctus
885 1161 985 1222 etiam
999 1159 1226 1240 questionem,
1238 1175 1336 1237 quam
1349 1159 1390 1221 de
1403 1159 1579 1220 invasione
1591 1158 1684 1219 Galo-

42 1264 170 1338 propter
188 1259 312 1323 bonum
335 1261 428 1338 pacis
449 1261 534 1339 quod
558 1261 642 1322 viris
663 1260 830 1336 religiosis
886 1257 998 1320 suberi
1024 1256 1128 1320 abbas
1149 1256 1302 1322 Joaclaim
1325 1257 1362 1317 in
1381 1257 1475 1318 curia
1494 1257 1588 1332 regia
1603 1271 1683 1332 pro-

42 1358 201 1431 cesserit,
225 1358 341 1437 6661116
367 1357 521 1420 omnihus
536 1355 774 1438 questionibus
799 1357 832 1419 et
886 1357 1043 1434 posuerat
1071 1355 1143 1418 scil.
1170 1355 1277 1417 altera
1298 1355 1392 1433 parte
1412 1354 1472 1416 vix
1494 1353 1624 1426 vocata,
1648 1354 1682 1416 et

42 1456 158 1528 causis,
172 1455 215 1516 ad
230 1471 346 1533 preces
358 1456 391 1518 et
401 1456 542 1518 consilia
552 1454 730 1534 proborum
740 1455 832 1518 viro-
887 1453 1149 1530 subterfugiente
1160 1453 1324 1531 judicium
1340 1453 1377 1514 in
1392 1451 1597 1530 corporalem
1612 1465 1683 1527 pos

44 1569 122 1624 rum,
134 1551 237 1614 abbas
251 1553 270 1615 J
272 1552 403 1614 oachim
416 1569 490 1614 cum
502 1551 661 1615 iratribus
672 1553 743 1614 suis
757 1568 832 1614 con·
887 1552 1070 1614 sessionem
1083 1551 1211 1628 positus
1227 1551 1336 1612 luerat
1352 1565 1411 1627 per
1425 1548 1629 1620 mandatnm,
1651 1547 1684 1609 et

45 1648 138 1710 cessit
162 1648 301 1726 praelato
326 1648 438 1712 abbati
461 1649 569 1722 Isaiae,
597 1665 637 1711 ac
659 1649 831 1711 Fratribus
887 1649 1084 1712 sententiam
1099 1646 1475 1720 cnriaedecalosubero,
1488 1646 1682 1716 Faraclovo,

45 1745 119 1816 suis,
139 1744 288 1822 ipsorum
307 1746 520 1820 monasterio,
544 1747 581 1807 nt
595 1745 756 1809 haberent
770 1762 831 1807 61-
887 1747 921 1808 61
940 1747 1052 1818 terris,
1070 1762 1151 1825 quas
1175 1745 1338 1819 abiisset
1356 1744 1477 1807 iratres
1495 1745 1552 1806 SS.
1569 1744 1684 1805 Trium

44 1842 127 1904 valia
155 1858 228 1916 sna,
251 1843 338 1905 sicut
367 1843 491 1906 babere
516 1842 770 1918 consueverant,
797 1843 832 1905 in
887 1847 1087 1916 Puerorum,
1114 1843 1199 1906 sicut
1226 1841 1420 1921 praedictum
1443 1842 1494 1903 est
1511 1856 1571 1918 pro
1596 1840 1682 1902 bono

44 1938 110 2000 loco
137 1940 194 2016 qui
223 1939 344 2002 dicitur
363 1942 599 2020 Misocampus
620 1943 655 2004 et
667 1942 753 2004 alius
775 1942 832 2020 qui
887 1941 979 2019 pacis
994 1941 1211 2018 reliquerant,
1227 1942 1260 2003 et
1278 1956 1338 2018 per
1352 1940 1559 2002 invasionem
1586 1938 1684 1999 tene-

46 2035 157 2098 dicitur
167 2036 832 2117 Vulturnus,ethabcrevaccas,J'umenta
887 2037 977 2100 bant.
994 2037 1093 2108 *Sane
1112 2053 1172 2114 pro
1193 2037 1236 2099 iis
1254 2037 1407 2100 omnibus
1431 2036 1592 2099 causandi
1606 2051 1682 2096 ma-

45 2135 74 2194 et
90 2149 205 2210 porcos
229 2135 265 2196 in
284 2135 369 2207 loco,
393 2136 450 2214 qni
471 2135 595 2199 dicitur
617 2137 830 2210 Fraxmitvis,
886 2135 971 2197 teria
991 2133 1070 2196 binc
1087 2134 1165 2196 inde
1181 2137 1352 2197 crescente
1370 2134 1496 2212 placuit
1512 2133 1635 2205 abbati,
1652 2131 1684 2194 et

45 2229 86 2290 ita
95 2229 128 2292 nt
140 2246 198 2308 pro
219 2231 302 2309 ipsis
312 2233 444 2309 pascuis
460 2233 689 2310 persolverent
702 2249 834 2295 annua·
888 2230 1046 2293 iratribus
1058 2233 1116 2294 SS.
1123 2231 1237 2293 Trium
1253 2235 1435 2295 Puerorum
1452 2230 1683 2308 derelinquere

44 2325 96 2385 tim
110 2327 235 2390 solidos
247 2327 322 2390 auri
341 2331 483 2405 quatuor
497 2329 697 2392 monasterio
711 2330 830 2392 Flcris.
887 2328 1022 2405 penitus
1037 2345 1171 2406 pascua,
1188 2330 1223 2391 et
1235 2329 1417 2391 tenimenta
1437 2345 1511 2390 cum
1526 2327 1687 2391 obedien-

46 2423 87 2482 De
95 2423 191 2484 terris
199 2440 292 2498 1616,
303 2440 385 2501 quas
398 2427 608 2502 aperuerant,
619 2427 689 2488 sive
698 2427 738 2489 de
746 2427 830 2501 loco,
887 2426 935 2488 tia
959 2426 1074 2488 Sancti
1094 2426 1230 2488 Martini
1254 2442 1314 2504 per
1332 2425 1544 2488 concordiam
1566 2423 1608 2486 ab
1625 2422 1686 2484 ab·
1727 2473 1729 2476 .

47 2519 95 2594 qui
110 2518 233 2582 dicitur
252 2522 454 2585 Faraclovus
472 2523 521 2584 sic
540 2523 582 2584 ad
602 2539 718 2600 preces
739 2540 831 2601 prae·
888 2522 963 2584 bate
977 2522 1129 2586 Joachim
1144 2523 1388 2595 sibiconcessa,
1404 2538 1464 2600 pro
1479 2537 1519 2584 eo
1538 2520 1686 2583 maxime

47 2615 198 2678 dictorum
214 2619 370 2680 Fratrum
385 2619 566 2682 inclinatus
576 2621 626 2682 est
644 2617 746 2681 abbas
758 2623 833 2683 ioa—
889 2619 975 2696 quod
997 2634 1133 2680 censum
1157 2635 1305 2681 annuum
1325 2636 1386 2681 sex
1407 2618 1588 2680 solidorum
1610 2617 1685 2678 auri

48 2711 137 2787 clim,
153 2714 833 2794 1161661661116161111111616116166-
888 2732 1025 2792 gravem
1051 2717 1115 2778 sihi
1143 2733 1217 2778 esse
1241 2717 1396 2778 dicebant
1420 2717 1452 2778 et
1475 2717 1554 2794 quia
1579 2714 1686 2791 magis

50 2809 124 2872 tario
132 2811 289 2888 expedire
299 2812 505 2875 dimitterent
513 2815 715 2876 monasterio
724 2815 832 2877 Floria
890 2813 1160 2890 pacem-tratrum
1183 2815 1303 2888 Floris,
1322 2830 1420 2892 quam
1442 2799 1686 2892 possessionem

49 2905 80 2966 11
88 2923 164 2984 6666
177 2908 293 2970 tenere
305 2909 378 2988 ipsa
392 2909 573 2972 tenimenta
580 2911 790 2974 calosuberil
801 2915 834 2975 et
886 2912 1069 2981 terrenam,
1086 2912 1118 2974 et
1134 2912 1363 2974 transitoriam
1378 2910 1570 2988 diligebant.
1584 2915 1688 2973 Trac-

50 3005 224 3078 Faraclovi,
240 3008 394 3068 etomnes
406 3007 525 3080 terras,
537 3024 619 3085 quas
634 3010 834 3086 aperuerant
887 3008 1036 3071 tentibus
1053 3025 1133 3086 ergo
1153 3009 1269 3070 amicis
1294 3008 1534 3080 communibus,
1560 3007 1688 3085 placuit

52 3115 143 3178 prope
156 3102 229 3180 ipsa
244 3103 426 3168 tenimenta
441 3121 515 3168 cum
535 3106 626 3166 omni
640 3108 717 3182 jure
736 3107 834 3184 plan·
888 3107 1019 3184 utrique
1041 3106 1129 3184 parti
1155 3122 1268 3167 coram
1291 3105 1399 3179 nobis,
1423 3107 1540 3184 positae
1568 3105 1686 3166 recisis

52 3198 186 3273 tationis,
200 3200 235 3262 et
249 3201 491 3276 aedificationis,
507 3202 593 3280 quod
602 3218 638 3264 se
649 3203 682 3264 in
694 3203 742 3264 eis
754 3220 832 3266 cre·
888 3204 1117 3265 instrumentis
1143 3203 1346 3276 concordiae,
1369 3219 1469 3281 qnam
1489 3202 1569 3264 olim
1596 3202 1687 3264 iece-

51 3291 158 3358 debaut
171 3297 308 3361 habere.
888 3302 974 3374 rant,
991 3301 1033 3364 ad
1057 3301 1144 3363 hanc
1159 3301 1370 3364 concordiam
1390 3317 1450 3380 pro
1465 3317 1547 3379 pace
1568 3316 1689 3379 perpe-

81 3392 183 3458 Abbas
198 3411 279 3459 vero
293 3397 457 3470 Joacnim,
478 3398 511 3461 et
525 3397 645 3462 iratres
661 3399 714 3462 sui
737 3415 832 3460 com·
887 3400 945 3460 tua
965 3397 1135 3461 devenire.
1149 3398 1258 3460 abbas
1273 3399 1406 3476 quidem
1422 3400 1456 3461 61
1474 3397 1593 3460 iratres
1609 3397 1689 3459 Flo-

48 3491 248 3556 mutaverunt
269 3495 330 3568 eis,
354 3495 387 3556 et
412 3497 614 3558 monasterio
633 3513 749 3561 eorum
773 3513 833 3574 pro
889 3495 935 3556 ris
953 3495 1152 3558 dimiserunt
1168 3495 1319 3557 absolute
1334 3495 1457 3568 611611,
1476 3495 1509 3557 61
1529 3493 1687 3556 fratribus

49 3588 249 3666 Calosubero,
264 3592 297 3653 et
310 3590 458 3671 praeiatis
475 3593 665 3655 tenimentis
676 3596 710 3656 et
720 3594 831 3668 terris,
890 3595 947 3654 SS.
969 3593 1085 3653 Trium
1115 3595 1298 3654 Puerorum
1330 3609 1445 3654 omnes
1487 3591 1689 3670 quaestiones

51 3683 124 3746 allas
150 3688 258 3750 terras
285 3703 304 3750 a
332 3688 431 3766 ponte
461 3689 610 3752 fluminis
635 3692 730 3764 Neti,
758 3708 833 3752 cum
888 3689 1232 3768 praeterititemporis,
1249 3705 1331 3768 quas
1351 3688 1512 3751 adversus
1533 3705 1590 3750 eos
1611 3703 1687 3750 mo-

50 3779 168 3856 1111116,
185 3785 244 3862 qui
259 3785 373 3862 scripti
386 3787 483 3848 erant
498 3787 534 3849 in
552 3787 785 3862 instrumento,
802 3790 835 3851 61
888 3801 967 3861 vere
988 3786 1133 3863 possent,
1159 3788 1192 3849 61
1212 3786 1450 3848 concesserunt
1468 3785 1530 3853 eis,
1557 3787 1591 3847 et
1610 3799 1686 3845 mo·
1737 3798 1741 3807 ·

50 3876 172 3956 insuper
193 3881 429 3955 obedientiam,
453 3899 526 3960 quaa
546 3884 668 3946 dicitur
690 3885 722 3946 S.
743 3887 835 3947 Mar·-
889 3883 1207 3945 nasterioeorumin
1219 3883 1415 3961 perpetuum
1429 3885 1536 3944 terras
1551 3882 1687 3943 lahora-

50 3971 103 4034 tini
115 3975 154 4038 de
163 3979 251 4041 Neto
261 3995 336 4040 cum
346 3978 508 4054 terminis,
522 3981 556 4043 et
567 3981 834 4059 possessionibus
889 3981 1007 4054 torias,
1033 3981 1170 4056 triginta
1192 3979 1320 4042 modios
1347 3979 1484 4041 seminis
1506 3979 1687 4058 capientes,

51 4070 121 4143 suis,
149 4090 207 4151 pro
237 4075 358 4151 quihus
385 4075 541 4139 videlicet
557 4079 669 4151 terris,
700 4079 836 4141 61616-
891 4078 977 4140 sicut
1009 4076 1261 4140 aestimabantur
1291 4077 1430 4140 arbitrio
1461 4077 1684 4139 communium

51 4165 163 4231 dientia
187 4172 388 4234 tenebantur
410 4173 513 4236 abbas
538 4175 572 4237 et
590 4174 710 4238 iratres
736 4193 836 4238 sanc-
892 4175 1074 4236 amicorum
1097 4175 1131 4236 in
1151 4175 1236 4248 loco,
1258 4175 1315 4252 qui
1332 4175 1472 4238 vocatur
1493 4175 1612 4248 salice,
1634 4174 1688 4236 vel
1759 4195 1761 4200 ¹

51 4262 147 4328 torum
161 4269 276 4330 Trium
296 4273 479 4332 Puerorum
500 4273 690 4349 persolvere
705 4288 837 4335 annua·
887 4273 984 4350 Juxta
1005 4272 1125 4344 salice,
1149 4285 1231 4352 quas
1247 4273 1337 4334 omni
1355 4274 1505 4350 tempore
1518 4272 1686 4335 tenebitur

52 4359 103 4422 tim
128 4365 251 4429 solidos
279 4366 354 4428 auri
382 4367 477 4430 duos.
506 4369 701 4434 Postulabat
731 4371 835 4447 igitur
890 4371 1131 4432 monasterimn
1148 4371 1255 4433 Floria
1277 4371 1385 4432 eidem
1405 4371 1608 4432 monasterio
1625 4370 1687 4430 de-

52 4471 120 4530 pars
132 4462 238 4524 Floris
255 4465 450 4541 responderi
467 4465 531 4526 sibi
546 4466 587 4528 de
601 4482 705 4528 censu
722 4483 834 4530 annuo
890 4466 1036 4539 tendere,
1054 4467 1141 4530 sicut
1154 4467 1221 4530 6111·
1230 4469 1271 4529 de
1279 4471 1368 4546 jure,
1385 4468 1507 4530 utendo
1517 4467 1553 4528 in
1563 4467 1689 4528 eisdem

52 4567 103 4616 sex
116 4559 307 4634 solidorum,
324 4563 669 4640 ntpraescriptmnest
682 4565 834 4626 totannis
888 4564 1000 4638 terris,
1026 4577 1101 4626 cum
1123 4565 1296 4627 seminatae
1319 4581 1386 4627 non
1410 4563 1534 4625 tuerint
1554 4563 1688 4640 pascuis

52 4650 105 4714 sibi
124 4654 254 4719 detento
270 4658 303 4720 et
323 4659 547 4736 preponebat,
571 4661 661 4737 quod
683 4661 834 4738 praedicti
889 4677 965 4726 cum
984 4661 1190 4726 animalibus
1212 4661 1333 4734 Floria,
1361 4677 1422 4738 pro
1446 4660 1565 4738 quibus
1584 4660 1686 4721 terris

52 4745 327 4819 abbasetlratres
341 4757 757 4833 propteringratitudinem
770 4757 835 4820 116-
888 4758 998 4821 reddit
1023 4759 1197 4820 annuatim
1222 4759 1461 4820 monasterium
1495 4759 1686 4819 sanctorum

52 4849 158 4950 gerant
185 4851 399 4914 concordiam
424 4869 485 4931 per
509 4854 730 4916 instrumenta
756 4855 835 4919 hinc
889 4857 1003 4917 Trium
1016 4859 1199 4918 Puerorum
1213 4856 1416 4918 monasterio
1429 4855 1538 4917 Floris
1552 4855 1685 4918 infesto

53 4942 710 5022 11166611661611,1116(161(166111616
733 4969 835 5018 manu
888 4953 977 5016 beati
1011 4955 1155 5016 loannis
1189 4953 1414 5030 avangelista
1449 4953 1568 5016 libram
1600 4969 1685 5016 cerae

53 5035 215 5118 abbatiam,
230 5061 330 5123 quam
344 5045 447 5109 abbas
463 5048 614 5111 Joaclrim
636 5051 835 5114 661611116-
889 5068 1000 5125 unam,
1021 5053 1056 5115 et
1079 5053 1166 5116 nihil
1187 5052 1291 5114 aliud.
1316 5053 1529 5116 Remiserunt
1548 5054 1687 5131 insuper

52 5135 139 5198 16111
154 5141 363 5217 calosubero,
378 5143 424 5205 ibi
442 5145 631 5223 diripiendo
643 5147 742 5221 bona,
760 5165 833 5228 quae
889 5166 1019 5212 omnem
1040 5150 1268 5228 quaestionem,
1293 5167 1390 5228 quam
1410 5151 1589 5229 aliquando
1615 5167 1689 5212 mo-

53 5227 161 5296 ibidem
176 5237 310 5302 inventa
325 5242 413 5315 sunt,
433 5243 582 5306 officinas
598 5245 699 5307 etiam
720 5245 835 5307 dirue·
888 5263 967 5310 1616
987 5249 1123 5325 possent
1143 5248 1303 5310 adversus
1323 5247 1498 5326 praelatum
1517 5248 1689 5310 monaste·
1809 5271 1810 5278 ¹

53 5331 127 5391 rant.
141 5335 362 5401 ostendebant
373 5339 512 5417 insuper
526 5341 689 5420 quoddam
701 5343 833 5404 instru-
888 5345 975 5406 rium
988 5344 1029 5407 de
1043 5345 1226 5408 tenimento
1242 5345 1328 5423 quod
1343 5345 1465 5408 dicitur
1489 5344 1584 5416 Miri,
1599 5345 1686 5422 quod

57 5431 189 5492 mentum
225 5449 245 5494 a
279 5438 462 5500 memorato
494 5437 762 5517 archiepiscopo,
787 5423 833 5503 'et
888 5441 1310 5516 videlicetestintralines,
1325 5441 1565 5520 quoscontinet
1579 5441 1702 5520 privi··

55 5519 119 5582 aliis
138 5531 334 5603 spectalibus
354 5535 507 5610 personis
529 5535 725 5606 confectum,
745 5537 832 5614 qnod
889 5539 1011 5616 legium
1036 5541 1146 5602 Floris
1175 5540 1393 5603 concedentes
1425 5541 1462 5601 ut
1488 5539 1571 5600 illud
1600 5541 1687 5604 sicut

56 5613 193 5684 diffusius
233 5628 438 5718 continebat,
479 5631 586 5708 quod·
606 5631 684 5693 olim
719 5649 832 5695 coram
888 5636 1182 5712 hactenuslibere,
1210 5637 1408 5716 6666611166
1432 5635 1686 5716 16166166661-

56 5716 198 5784 praedicta
228 5725 265 5786 D.
292 5726 505 5804 imperatrice
527 5728 613 5806 apud
642 5729 832 5794 Nicoteram
887 5733 976 5796 dore.
986 5733 1096 5798 abbas
1105 5735 1686 5809 1616611188.Ρ16161111Τ11611
