3960 6304
64 365 115 425 437
391 357 445 417 bu
466 358 599 418 PRIMO
621 357 799 420 HONORII
831 359 880 420 ΙΙΙ
902 357 1206 420 Ponrlrrtthrbs
1227 359 1356 421 ANNO.
1422 439 1424 446 ,
1645 365 1705 424 438

65 524 148 598 cujus
164 519 267 579 morte
281 514 362 578 tanti
382 515 482 578 terrae
500 516 608 577 motus
631 517 739 578 exorti
754 516 841 588 sunt,
899 517 992 579 nales
1007 519 1227 596 promoverat,
1249 518 1441 596 episcopum
1460 534 1574 593 unum,
1591 537 1699 598 praes-

64 621 94 679 ul
116 619 148 678 in
169 614 331 676 montibus
352 613 473 677 Salviis
502 613 543 674 ad
568 615 713 692 quinque
738 614 845 675 millia
898 615 1033 693 hyteros
1066 632 1141 688 sex,
1174 617 1207 678 et
1242 617 1400 678 diaconos
1432 617 1588 692 totidem,
1617 619 1700 681 obiit

64 715 219 776 hominum
245 711 385 789 periisse
407 710 544 782 constet,
571 711 764 773 cadentibus
786 711 847 774 do-
901 717 1013 774 Romae
1036 715 1096 774 XV
1116 714 1191 776 Kal.
1214 715 1338 791 Aprilis
1362 731 1450 776 anno
1475 717 1563 788 1227,
1588 717 1701 778 tumu-

65 812 170 882 mibus‚
193 809 350 885 saxisque
372 825 416 870 ex
436 808 665 870 cacuminibus
685 809 846 870 montium
901 811 998 888 loque
1019 811 1070 872 est
1089 810 1240 872 conditus
1265 811 1341 874 ante
1365 828 1458 874 aram
1480 815 1639 891 praesepis
1663 816 1700 876 in

64 907 262 971 inhabitatas
277 906 445 968 convalles
458 906 581 984 passim
595 906 780 968 ruentibus.
900 909 1039 970 basilica
1072 911 1105 969 S.
1139 909 1256 970 Mariae
1289 910 1442 987 Majoris,
1473 911 1643 973 Fhiderico
1670 915 1700 974 ΙΙ

98 1009 169 1066 llum
190 1004 293 1081 igitur
311 1004 347 1064 in
369 1003 568 1066 Pontificatu
586 1001 757 1080 'exegisset
778 1007 848 1068 Ho-
901 1005 1101 1084 imperatore
1123 1007 1274 1082 augusto.
1300 1006 1349 1066 Ab
1370 1009 1443 1083 ejas
1470 1009 1581 1070 autem
1607 1008 1699 1070 obitu

65 1101 426 1175 noriusannosdecem,
443 1117 574 1163 menses
599 1103 683 1174 octo,
710 1101 848 1163 ordina·
902 1104 943 1164 ad
974 1103 1177 1166 successoris
1203 1103 1467 1180 designationem
1496 1105 1567 1166 dies
1600 1107 1699 1168 unica

65 1203 221 1277 tionesque
235 1199 381 1277 quinque
401 1214 515 1261 mense
530 1199 702 1261 Decembri
721 1201 754 1262 et
770 1201 847 1261 aliis
901 1201 1101 1264 intercessit
1124 1201 1309 1279 Honuphr„
1328 1203 1452 1266 claron.
1468 1203 1571 1265 Poni.

66 1297 218 1360 mensibus
231 1285 412 1370 habuisset,
432 1296 550 1376 quibus
563 1297 722 1360 tredecim
737 1299 849 1360 cardi-

263 1955 329 2042 hii
366 1954 532 2043 PRIMO
570 1954 791 2043 HONORII
828 1953 889 2040 ΙΙΙ
926 1951 1296 2042 PONTIFIGATUS
1332 1953 1475 2042 ANNO

99 2287 137 2344 lb
162 2286 287 2346 historiae
310 2287 495 2362 scriptoribus
520 2289 651 2362 quaedam
684 2287 847 2358 mutuabor,
904 2287 960 2344 nim
973 2294 1079 2345 terram
1098 2287 1271 2359 invaserant,
1284 2302 1356 2359 quos
1371 2295 1466 2352 tamen
1484 2286 1513 2343 in
1531 2283 1645 2358 campis
1657 2283 1701 2341 las

68 2398 175 2454 auarum
199 2385 284 2458 copia
306 2386 360 2443 etsi
385 2386 507 2460 quisque
528 2387 617 2444 lector
640 2385 850 2444 eruditissimus
902 2387 999 2442 Navae
1013 2385 1049 2442 de
1059 2386 1160 2442 Tolosa
1175 2400 1261 2459 reges
1282 2385 1444 2454 Christiani,
1460 2399 1538 2441 anno
1555 2384 1633 2452 iila,
1655 2383 1698 2439 vi·

70 2495 117 2536 non
130 2481 261 2556 indigeat,
280 2482 400 2541 dicenda
413 2491 509 2542 tamen
530 2483 671 2543 videntur.
689 2485 797 2542 Forsan
821 2491 848 2540 et
902 2490 1011 2540 cerunt.
1036 2483 1139 2554 sicque
1153 2481 1329 2556 temporibus
1350 2482 1509 2539 innocentii
1534 2483 1575 2539 ΙΙΙ
1590 2487 1619 2537 et
1639 2481 1698 2538 ilo·

69 2593 153 2636 rerum
168 2581 274 2652 peritos
288 2581 455 2640 meminisse
467 2577 587 2656 juvabit.
903 2579 977 2637 norii
989 2582 1041 2650 ΙΙΙ,
1057 2580 1191 2638 lalamitae
1214 2577 1282 2637 hinc
1303 2577 1370 2636 inde
1385 2571 1553 2652 arroganter
1565 2592 1597 2635 se
1611 2591 1696 2650 gere·

97 2677 283 2735 innocentium
297 2680 348 2748 ΙΙΙ,
362 2678 480 2736 honorii
490 2679 580 2735 nostri
593 2677 845 2752 praedecessorem,
904 2676 982 2734 bant.

70 2772 131 2827 inter
151 2773 323 2833 clarissimos
343 2789 401 2832 non
421 2782 531 2834 tanaim
546 2776 633 2846 viros,
649 2774 700 2833 sed
712 2775 849 2834 Ecclesiae
939 2777 1003 2832 lam
1024 2789 1092 2832 vero
1111 2773 1253 2832 ceciderat
1269 2774 1421 2845 imperium
1436 2770 1695 2844 Constantinopoli·

73 2869 213 2940 Pontifices,
229 2872 480 2931 annumerandum
493 2888 558 2930 csse
572 2887 657 2930 nemo
677 2880 769 2946 potest
793 2887 843 2931 ne·
903 2879 1013 2942 tanum,
1039 2886 1123 2945 quem
1151 2887 1226 2929 anno
1246 2871 1315 2930 l203
1328 2871 1421 2930 Latini
1433 2875 1579 2944 ceperant.
1590 2871 1702 2927 Recens

71 2979 135 3036 gare.
148 2969 250 3042 Quippe
267 2970 314 3041 qul
330 2967 365 3026 ab
379 2971 448 3043 ipsis
468 2971 622 3028 coetaneis
636 2968 711 3028 hano
731 2969 845 3028 laudern
905 2983 971 3026 vero
993 2970 1158 3027 Latinorum
1185 2968 1342 3026 dominatio
1365 2967 1400 3025 ad
1427 2966 1587 3025 subsidium
1609 2967 1703 3023 Terrae

72 3073 197 3134 reportare
210 3067 325 3124 meruit.
333 3068 452 3126 Namait
460 3067 612 3141 Rigordus,
620 3068 667 3140 qui
676 3083 710 3125 eo
718 3074 848 3141 tompore
904 3067 1015 3123 Sanctae
1028 3081 1128 3138 parum
1143 3066 1231 3135 utilis,
1244 3073 1292 3123 aut
1304 3066 1422 3122 minima
1438 3063 1499 3122 luit.
1516 3065 1595 3122 Nova
1608 3064 1703 3135 potius

72 3159 150 3217 lioruit
164 3179 170 3219 :
188 3164 396 3222 «innocentius
410 3179 484 3238 papa
497 3163 652 3223 celebravit
666 3167 764 3223 Rornae
779 3180 847 3222 eon·
904 3162 1007 3221 exinde
1019 3163 1166 3222 obstacula
1177 3163 1351 3233 oriebantur,
1360 3162 1428 3219 dum
1440 3161 1555 3219 aliunde
1569 3161 1598 3217 in
1611 3160 1702 3219 Gallia

74 3255 170 3327 cilium,
192 3261 234 3316 vir
261 3259 332 3318 clari
353 3261 478 3334 ingenii,
502 3277 617 3336 magnas
640 3262 796 3335 prohibetis
820 3270 850 3321 et
904 3261 1086 3336 albigenses,
1102 3263 1132 3319 in
1147 3262 1265 3320 Livonia
1282 3259 1389 3335 pagani
1404 3267 1535 3318 recenter
1549 3259 1584 3317 ad
1605 3259 1701 3319 Chris·

73 3355 210 3426 sapientie,
223 3359 269 3415 cui
291 3359 387 3416 nullus
404 3358 690 3433 secundustempore
711 3374 763 3417 suo
777 3381 801 3430 ι,
817 3361 850 3417 de
903 3367 964 3417 tum
983 3357 1097 3418 adducti
1122 3360 1247 3433 pericula
1273 3359 1355 3432 quasi
1377 3359 1473 3417 civilia
1499 3357 1703 3431 provocabant.

73 3450 132 3508 dest.
149 3453 219 3511 Phil.
234 3455 311 3527 Aeg.
324 3457 430 3514 Frena.
450 3471 507 3528 rep.
525 3459 560 3514 Et
572 3457 600 3516 S.
617 3459 780 3516 Antoninus
801 3473 846 3515 ar·
903 3457 946 3514 hd
959 3465 1077 3515 externa
1090 3456 1165 3516 bella
1180 3454 1366 3530 adjiciebatur
1377 3455 1483 3514 bellurn
1497 3455 1650 3512 internum.

72 3544 248 3624 chiaplscopus
262 3553 465 3611 Florentinus:
485 3576 496 3603 ι
514 3555 581 3612 Post
593 3555 742 3613 innumera
761 3569 849 3628 opera
940 3555 990 3613 llis
1005 3569 1118 3627 quoque
1134 3555 1227 3624 annis,
1237 3554 1459 3612 societaseivilis
1469 3553 1558 3612 variis
1568 3552 1703 3620 motibus,

73 3646 326 3720 egregianirtutum,
343 3649 458 3708 demum
473 3650 557 3709 beato
573 3651 780 3725 hacquievit»,
794 3653 849 3710 An·
903 3651 991 3709 variis
1013 3652 1043 3709 ia
1067 3652 1149 3721 locis,
1173 3651 1344 3724 agitabatur.
1361 3651 1487 3720 Etenim,
1501 3650 1701 3718 rexFrancioe,

72 3745 131 3809 lon,
144 3752 209 3816 part.
224 3748 275 3817 ΙΙΙ,
289 3747 333 3805 tit.
345 3748 423 3817 lllll,
437 3763 463 3806 c.
481 3749 506 3806 l.
526 3747 581 3809 Sed
602 3755 631 3806 et
649 3749 770 3823 lugubre
784 3765 847 3807 ear·
905 3748 1050 3822 Philippus
1064 3751 1212 3821 Augustus
1222 3747 1409 3805 adversantes
1418 3747 1473 3804 sibl
1488 3746 1642 3804 Britanniae
1654 3761 1704 3802 re·

74 3849 127 3896 aaa
151 3855 165 3897 a
191 3841 332 3904 lllehardo
351 3845 499 3915 insertum,
520 3844 583 3906 hec
597 3846 698 3917 tradit,
722 3847 801 3905 llicit.
817 3848 850 3904 da
904 3860 986 3919 gem,
1012 3845 1214 3918 imperatorem
1249 3841 1409 3913 Othonem,
1441 3856 1554 3900 necnon
1583 3843 1704 3899 comites

74 3933 95 3988 S.
109 3935 190 3996 deror.
203 3941 313 4010 cleron„
325 3956 372 3999 an.
390 3943 479 4000 lita:
637 3960 644 3967 ·
904 3941 1045 4002 Flandriae
1065 3949 1093 4000 et
1116 3943 1253 4001 Bononia
1267 3941 1375 4015 insigni
1391 3940 1507 3998 victoria
1524 3939 1699 4014 (secernet,

325 4101 331 4113 ,
432 4102 438 4114 ,
697 4071 713 4116 .'
904 4055 981 4097 anno
997 4041 1076 4110 llll,
1087 4038 1247 4113 legaverat.
1261 4038 1316 4098 Sed
1326 4053 1392 4096 cum
1410 4039 1459 4096 illo
1476 4037 1621 4096 bellabant
1645 4036 1700 4093 lllae

97 4093 153 4152 ΝΜ
164 4101 266 4200 Μ’
281 4116 351 4202 W
369 4106 451 4159 Μ
468 4103 628 4204 ”ltfmt
641 4104 727 4174 ‘m’
904 4137 1135 4206 communitates,
1160 4151 1280 4209 quarum
1303 4151 1410 4193 nomen
1435 4133 1526 4193 luerat
1550 4141 1634 4192 antea
1655 4135 1700 4190 in·

96 4186 258 4332 hmmffl
272 4191 355 4334 “⁸⁶33
372 4189 466 4335 lum}
480 4191 684 4291 ΜΕΝ·
794 4281 799 4292 .
843 4299 850 4311 .
905 4236 1052 4308 cognitum
1067 4234 1275 4293 etinauditum.
1292 4234 1359 4291 lllas
1384 4231 1576 4292 haecvietoria
1592 4229 1697 4289 contir-

20 4383 22 4402 ,
124 4289 190 4420 ⁴35?
212 4281 847 4424 afferzrbzqffigfflafmrmmm’
905 4331 993 4388 mavit
1003 4332 1203 4404 solidavitque.
1216 4334 1302 4390 Anno
1314 4331 1454 4404 sequenti,
1469 4331 1548 4396 lats,
1561 4328 1636 4402 apud
1646 4330 1702 4386 An·

191 4379 211 4436 p
585 4409 592 4424 ’
905 4429 979 4503 glos,
994 4426 1118 4486 barones
1130 4436 1159 4486 et
1173 4429 1299 4502 episcopi
1320 4443 1336 4485 a
1356 4443 1425 4502 rege
1440 4431 1550 4486 toanne
1561 4429 1698 4499 llagnam

103 4519 150 4578 Sed
162 4524 239 4595 tales,
252 4540 341 4598 quum
353 4525 511 4584 difficiliora
526 4525 631 4584 luerint
645 4533 784 4601 tempora,
798 4527 848 4586 be·
905 4525 1038 4585 Chartam
1064 4533 1241 4599 receperant.
1266 4527 1299 4584 lu
1324 4525 1404 4583 ltalia
1432 4539 1556 4597 quoque,
1573 4523 1701 4596 plurimae

76 4613 148 4687 higna
172 4621 222 4678 Dei
248 4621 428 4682 Providentia
456 4623 531 4680 inter
556 4623 690 4682 homines
721 4627 848 4684 stracitat.
905 4622 1036 4681 civitates
1045 4621 1354 4682 statutaeondebantet
1362 4621 1526 4694 juramento
1539 4619 1700 4688 firmabant,

75 4711 140 4771 AEtas
156 4716 311 4777 illaeratin
326 4735 381 4793 qua
400 4722 559 4779 ierusalem
587 4722 689 4779 civitas
711 4722 850 4797 subiuga
905 4736 968 4793 quse
982 4721 1123 4778 Honorius
1143 4720 1205 4793 ipse
1219 4733 1276 4776 non
1307 4719 1397 4777 semel
1422 4733 1537 4791 prorsus
1559 4714 1700 4774 irritade·

75 4807 258 4896 lpoubitarum
272 4816 417 4891 gemebat,
430 4833 464 4876 ex
473 4833 529 4891 quo
538 4819 735 4892 Lusignanmn
751 4834 849 4894 regern
905 4819 1035 4876 claravit.

76 4911 98 4959 et
111 4909 206 4970 militiae
226 4915 335 4988 Templi
357 4916 528 4989 magistrum
550 4916 700 4974 saladinus
722 4917 850 4990 captivos
941 4915 1095 4985 Proterea,
1111 4913 1185 4988 apud
1200 4915 1278 4987 ipsos
1292 4915 1374 4986 quasi
1390 4912 1514 4971 inientes
1528 4913 1701 4974 seditionum

76 4997 184 5064 duxerat.
197 5011 229 5066 ln
243 5011 366 5069 Orientis
378 5013 516 5086 partibus,
532 5013 691 5086 Temudjin,
708 5029 759 5072 scu
780 5016 851 5073 Gen·
906 5020 1000 5070 motus
1015 5012 1217 5085 praevalebant.
1236 5015 1268 5070 ln
1289 5027 1365 5070 anno
1387 5011 1465 5080 lali,
1486 5027 1639 5084 puerorum
1653 5011 1698 5067 vi·

76 5097 191 5174 gislam,
203 5120 322 5180 regnum
340 5124 423 5166 suum
443 5124 459 5166 a
483 5125 562 5167 mare
582 5110 693 5168 Sinensi
709 5111 744 5168 ad
760 5127 849 5184 usque
904 5110 976 5184 giuti
992 5109 1078 5167 millia
1093 5108 1241 5181 cuiusdam
1265 5103 1364 5168 iacobi
1389 5107 1522 5166 monachi
1540 5123 1642 5166 vocem
1658 5123 1701 5166 se·

77 5209 141 5255 nrare
162 5204 278 5278 Nigrum
297 5206 473 5277 extenderat,
498 5208 546 5280 qui
571 5223 628 5265 non
646 5208 701 5266 nisi
718 5223 765 5266 an.
781 5210 850 5267 1226
904 5207 1073 5280 prebeatur,
1098 5207 1179 5280 quasi
1215 5207 1251 5264 ad
1279 5206 1437 5265 subsidium
1470 5209 1565 5265 Terra
1588 5207 1700 5264 Sanctae

77 5297 184 5356 noritur.
210 5304 242 5359 ln
267 5305 374 5373 loonio,
399 5303 549 5373 Alaeddin,
570 5319 587 5361 e
606 5305 848 5378 Seldjoucidannn
903 5305 1004 5378 parati.
1023 5305 1086 5375 Qui,
1109 5302 1168 5365 lere
1190 5305 1326 5374 universi,
1342 5306 1502 5363 miserrime
1523 5304 1699 5361 interierunt.

77 5403 167 5459 seuere
190 5400 337 5470 regnabat,
354 5400 389 5458 ab
411 5415 487 5459 anno
503 5402 573 5458 lito
594 5399 629 5458 ad
644 5416 751 5460 annum
767 5404 845 5472 1237,
903 5403 982 5461 idem
997 5402 1122 5461 lacobus
1144 5410 1242 5476 postea
1258 5402 1314 5460 dux
1330 5402 1381 5460 luit
1394 5403 1507 5460 illorum
1522 5417 1594 5475 quos
1613 5416 1698 5460 voca·

78 5488 116 5556 aui
127 5489 171 5550 luit
182 5497 265 5554 armis
277 5505 388 5570 potens,
397 5505 425 5555 et
434 5499 680 5570 Mesopotamiam,
693 5500 847 5574 Georgiam
902 5500 970 5557 bant
993 5501 1201 5558 Pastoorcaoc.
1215 5502 1301 5570 Deus,
1326 5507 1358 5557 ut
1381 5499 1505 5569 aiebant,
1526 5499 1657 5572 superbis
1671 5507 1700 5556 et

80 5596 106 5638 ³0
125 5589 278 5650 Armeniam
297 5595 410 5653 devicit.
436 5597 468 5654 ln
488 5595 651 5666 Occidente,
667 5595 844 5668 Almohadae,
902 5597 1064 5670 potentibus
1085 5595 1170 5671 huius
1195 5598 1292 5655 saculi
1318 5603 1434 5670 propter
1459 5612 1558 5654 eorum
1581 5604 1698 5672 peccata

80 5694 107 5736 es
119 5683 201 5746 hiriea
213 5691 368 5762 venientes,
383 5691 509 5750 subactis
525 5693 726 5766 Almoravldis,
740 5695 842 5769 llispa·
902 5703 990 5768 negat
1012 5695 1180 5765 victoriam
1203 5709 1284 5769 ergo,
1299 5696 1378 5768 parvi
1394 5703 1422 5752 et
1434 5695 1570 5763 hurrriles,
1589 5694 1700 5766 ipsiquo
