3986 6304
295 321 333 381 er
912 317 1088 382 nonoan
1109 317 1154 380 111
1176 317 1322 382 orant.
1871 329 1904 390 92

296 479 588 544 Praemonstraten.
605 479 638 543 et
652 478 845 544 cistercien.
857 478 1012 542 ordinum
1031 494 1091 557 per
1143 478 1386 542 Brundusianae
1401 481 1435 543 et
1448 479 1617 557 magistris
1635 483 1776 559 ejusdem
1791 487 1906 562 provin·

298 581 478 656 quaestores
502 577 690 656 hujusmodi
714 594 781 640 nou
796 577 1008 656 providemus
1031 593 1090 639 ro·
1143 578 1204 640 ciae
1215 577 1248 640 et
1257 577 1381 640 decano
1391 579 1423 639 et
1433 579 1669 641 archidiacono
1681 581 1904 646 Brundusianis.

297 677 485 755 quirendos.
502 677 620 738 Datum
640 678 754 738 Romae
776 675 863 753 apud
884 677 917 737 S.
941 675 1087 747 Petrum,
1184 677 1274 738 Item
1300 675 1526 755 sipontinensi
1549 677 1652 740 electo
1668 679 1699 740 et
1714 678 1906 756 suffraganeis

295 775 341 835 lll
371 773 503 836 kalend.
532 774 715 836 decembris
740 773 952 852 pontificatus
984 773 1089 835 nostri
1143 775 1214 852 ejus
1231 774 1265 836 61
1286 774 1456 852 magistris
1470 775 1617 853 ejusdem
1630 776 1803 853 provinciae
1817 778 1846 839 et
1863 795 1908 839 ar-

296 888 384 934 anno
397 873 514 950 primo.
1143 871 1390 950 chipreshytero
1412 873 1445 936 61
1463 873 1699 936 archidiacono
1715 874 1908 953 sipontinen-

1143 969 1245 1031 sibus.

334 1055 378 1112 m
396 1053 554 1114 eumdem
576 1051 806 1125 feramoscae
828 1048 1016 1127 spalatensi
1031 1064 1089 1110 ar·
1182 1069 1273 1130 rtem
1303 1069 1499 1147 Trojanansr
1528 1070 1682 1148 episeopo
1710 1074 1742 1133 et
1765 1071 1909 1148 magistris

296 1148 507 1227 chispiscopo
537 1149 569 1210 θῒ
592 1147 812 1224 suffraganeis
840 1150 923 1226 111113,
955 1148 1088 1224 Strigo-
1143 1166 1290 1243 ejusdem
1305 1165 1459 1228 dioecesis
1474 1167 1507 1228 et
1520 1167 1752 1230 archidiacono
1767 1167 1797 1230 et
1809 1168 1909 1246 primi-

296 1246 406 1308 niensi
430 1245 680 1324 archispiscopo
704 1246 737 1307 61
761 1243 933 1307 colocensi
955 1245 1089 1308 archie-
1144 1263 1234 1325 cepio
1248 1264 1519 1342 garganensem

296 1343 443 1422 1111101111·
1182 1363 1272 1424 Item
1286 1362 1786 1441 monopolitanoepisoopeea.

335 1461 426 1523 Item
434 1459 690 1537 archiepiscopo
703 1458 960 1536 MontisRagalis
974 1457 1006 1520 et
1020 1457 1091 1519 sui·
1182 1459 1272 1520 Item
1286 1457 1513 1535 Rapolanensi
1528 1459 1695 1537 episcopo,
1710 1461 1770 1522 ete.

296 1557 464 1635 traganeis
480 1561 563 1635 ejus,
580 1557 748 1634 magistris
768 1556 938 1620 domorum
960 1555 1090 1618 Militiae
1183 1557 1273 1618 Itmu
1295 1558 1528 1619 Beneventano
1547 1557 1794 1635 archiepiscopo
1808 1556 1838 1617 61
1849 1554 1910 1616 sui·

296 1657 422 1733 Templi
455 1657 488 1718 61
518 1655 695 1733 hospitalis
728 1654 1023 1733 Hierosolymitani
1054 1654 1090 1714 in
1143 1653 1312 1732 fraganeis
1322 1657 1395 1733 ejus
1408 1653 1440 1715 et
1452 1655 1622 1731 magistris
1633 1654 1777 1732 eiusdem
1791 1654 1911 1732 proriu-

295 1755 418 1818 Montis
452 1752 587 1830 Regalis
624 1753 796 1830 provincia
834 1751 1021 1814 constitutis
1057 1753 1091 1814 et
1143 1753 1203 1814 ciae
1218 1753 1252 1814 et
1265 1751 1553 1830 archipresbytero
1567 1752 1601 1815 et
1615 1753 1842 1814 archidiacono
1859 1753 1912 1812 Be-

296 1853 400 1931 priori
422 1852 454 1914 et
479 1851 644 1928 superiori
665 1851 786 1913 Montis
808 1850 955 1928 Regalis.
1143 1851 1350 1913 narentanis.

334 1952 425 2014 Item
437 1949 643 2012 Messanensi
658 1947 1089 2027 archiepiscopoetsuiira-
1182 1951 1273 2011 Item
1294 1948 1499 2026 Melphitano
1525 1948 1680 2026 episcopo
1704 1949 1736 2011 et
1762 1945 1910 2023 magistris

295 2049 412 2126 ganeis
425 2051 497 2126 ejus
508 2049 541 2110 et
551 2047 675 2108 eisdem
682 2047 850 2123 magistris
863 2047 1090 2124 ejusdsmpro·
1142 2047 1290 2126 ejusdem
1305 2047 1457 2108 diaecesis
1472 2047 1506 2108 et
1519 2049 1558 2109 R.
1576 2039 1739 2109 iohannis
1752 2045 1878 2107 Andreae
1888 2043 1915 2104 61

295 2147 427 2220 vinciae,
444 2148 476 2209 61
489 2145 648 2223 magistro
668 2147 694 2206 I.
711 2145 751 2206 de
769 2143 946 2207 Juvenatio
961 2145 1090 2206 Messa·
1142 2147 1167 2206 l.
1182 2145 1332 2207 Carlecta
1347 2143 1517 2207 canonicis
1527 2143 1753 2222 Melphitanis.

295 2245 402 2308 nensi.
1182 2245 1272 2306 Item
1287 2242 1498 2306 salernitano
1514 2241 1802 2321 archiepiscopoet
1811 2237 1915 2300 suffra-

333 2345 424 2406 Item
438 2339 618 2418 Baginensi
639 2339 890 2418 archiepiscopo
908 2340 942 2403 et
960 2339 1088 2402 suifra-
1141 2341 1257 2419 ganeis
1272 2344 1344 2420 ejus
1359 2343 1392 2404 et
1406 2340 1574 2418 magistris
1596 2335 1914 2418 ejusdemprorincia

294 2441 410 2518 ganeis
424 2443 497 2517 ejus
512 2441 544 2502 et
558 2438 726 2516 magistris
744 2437 891 2517 ejusdem
906 2437 1088 2516 provinciae
1141 2441 1174 2503 et
1188 2439 1425 2502 archidiacono
1440 2442 1473 2501 61
1487 2437 1678 2516 primicerio
1705 2433 1913 2500 salernitanis.

295 2539 328 2602 61
342 2538 471 2601 cantori
485 2537 518 2600 et
532 2537 768 2599 archidiacano
781 2536 1037 2613 Reginensibus.
1181 2539 1271 2600 Item
1284 2536 1517 2615 amalphitano
1530 2536 1793 2614 archiepiscopo,
1808 2533 1864 2597 eto.

332 2638 423 2699 Item
471 2634 637 2697 Melitensi
673 2634 828 2712 episcopo
862 2635 895 2695 61
920 2632 1088 2709 magistris
1180 2637 1271 2698 Item
1284 2635 1445 2712 Episcopo
1456 2633 1659 2708 Ravsllensi,
1674 2635 1750 2697 etc..

294 2733 442 2812 eJ'usdem
460 2731 569 2804 dioec,
592 2733 626 2794 et
639 2731 778 2793 diacono
793 2731 826 2793 61
839 2731 967 2793 cantori
990 2731 1089 2792 Meli·
1180 2736 1270 2796 Item
1285 2733 1480 2795 Surrentino
1494 2731 1756 2810 archispiscopo,
1770 2729 1829 2794 etc.

294 2830 454 2895 tensihus.
1180 2833 1270 2894 Item
1291 2829 1518 2906 suffraganeis
1537 2829 1689 2892 ecclesiae
1702 2824 1915 2910 [Neapolitana

334 2929 424 2991 Item
445 2925 626 2990 cusentino
649 2925 898 3004 archiepiscopo
915 2925 1088 2990 61661166-
1140 2930 1174 2992 61
1192 2928 1360 3005 magistris
1372 2928 1521 3007 ejusdem
1532 2927 1715 3006 provincia
1727 2927 1760 2989 et
1773 2922 1914 2986 Gimiliar·

294 3025 410 3103 ganeis
421 3027 494 3104 ejus
506 3026 539 3086 st
553 3024 677 3086 eisdem
684 3023 1007 3102 magistrisejusdem
1016 3039 1089 3101 pro·
1140 3027 1212 3090 chae
1227 3027 1260 3090 et
1269 3027 1459 3105 primicerio
1472 3025 1715 3104 Neapolitanis.

294 3123 414 3200 vinciae
423 3123 602 3186 etdiacono
613 3123 646 3183 61
653 3121 887 3184 archidiacono
897 3119 1085 3185 Gusentino.
1179 3127 1269 3189 Item
1283 3125 1520 3188 Panormitano
1539 3122 1791 3201 archiepiscopo
1811 3119 1841 3182 et
1857 3113 1916 3178 sui-

333 3222 423 3284 Item
448 3219 651 3285 Rossanensi
661 3218 913 3297 archiepiscopo
923 3221 956 3282 et
971 3219 1089 3281 suifra-
1141 3223 1309 3300 iraganeis
1321 3225 1404 3301 6166.

293 3319 408 3396 ganeis
419 3321 491 3396 ejus
501 3318 534 3380 et
545 3316 843 3392 eisdommagistris
856 3317 1089 3395 ejusdempro-
1179 3323 1269 3384 Item
1284 3321 1455 3383 Universis
1471 3317 1695 3396 suffraganeis
1707 3314 1852 3380 ecclesie
1865 3313 1917 3372 ca-
1975 3373 1976 3392 χ

292 3417 413 3479 vinciae
442 3417 475 3480 et
493 3415 618 3478 decano
646 3416 679 3477 61
701 3414 937 3477 archidiacono
963 3417 1089 3478 Rosea·
1140 3436 1258 3498 puanae
1269 3419 1302 3481 et
1316 3419 1484 3496 magistris
1495 3411 1917 3496 ejusdemprorinciaeotar-

292 3515 400 3578 nansi.
1140 3517 1336 3581 chidiacono
1351 3517 1384 3578 et
1395 3516 1586 3594 primicerio
1602 3513 1780 3592 capuanis.

331 3615 421 3678 Item
447 3611 672 3674 Bisinianensi
684 3610 838 3688 episcopo
849 3609 1088 3674 eteisdemma·
1179 3618 1270 3678 Item
1283 3613 1457 3677 casinensi
1475 3611 1587 3676 abbati
1601 3613 1634 3674 61
1652 3609 1820 3689 magistris
1831 3608 1916 3671 terra
1975 3619 1976 3702 1

292 3711 406 3791 gistris
436 3709 588 3773 dioecesis
611 3708 856 3772 Bisinianensis
868 3709 901 3772 61
917 3708 1087 3772 archidia-
1141 3714 1174 3776 S.
1191 3712 1362 3777 Benedicti
1381 3712 1414 3774 61
1435 3710 1603 3788 magistris
1626 3712 1665 3774 R.
1687 3711 1722 3772 et
1740 3702 1917 3784 6666611-
1975 3707 1976 3784 1

292 3826 375 3873 cono
390 3812 423 3873 61
437 3808 566 3870 cantori
580 3806 879 3870 Bisinianensihus.
1139 3811 1210 3875 tero
1228 3813 1261 3872 s.
1278 3809 1445 3874 Germani.

331 3909 422 3971 Item
434 3905 692 3982 archiepiscopo
712 3907 745 3966 S.
767 3904 936 3967 Severiuae
956 3905 989 3967 61
1016 3902 1088 3966 sui·
1178 3910 1269 3972 Item
1280 3905 1484 3985 Aquileiensi
1499 3903 1699 3983 patriarchae
1717 3904 1751 3966 61
1764 3900 1916 3971 sudhaga-
1975 3899 1976 3990 l

292 4003 463 4082 traganeis
478 4006 550 4081 ejus
565 4004 598 4065 61
611 4001 779 4078 magistris
793 4001 939 4079 eiusdem
950 4001 1087 4078 provin·
1139 4007 1212 4067 uois
1231 4009 1304 4084 ejus
1327 4005 1360 4068 61
1378 4002 1547 4080 magistris
1582 4001 1731 4079 ejusdem
1752 3991 1916 4079 provincia

293 4101 354 4164 ciae
370 4102 404 4164 et
415 4100 651 4162 archidiacono
666 4099 699 4161 61
710 4099 836 4161 decano
852 4100 885 4159 S·
905 4099 1083 4162 severinae.
1139 4106 1172 4167 et
1186 4103 1310 4166 decano
1334 4103 1368 4165 et
1388 4100 1623 4164 archidiacono
1646 4090 1914 4176 Aquileiensibus.
1975 4087 1976 4150 l

331 4201 421 4262 Item
435 4198 595 4276 Episcopo
612 4197 644 4257 S.
657 4195 762 4257 Marci
772 4197 804 4258 et
813 4195 982 4272 magistris
995 4199 1087 4272 ejus·
1178 4202 1268 4263 Item
1282 4199 1485 4262 Patriarchae
1501 4197 1673 4270 Gradensi,
1688 4198 1752 4259 etc.

292 4298 366 4360 dem
392 4295 544 4358 dioecesis
569 4294 602 4356 et
628 4293 864 4356 archidiacono
897 4293 931 4355 61
956 4293 1085 4356 cantori
1139 4305 1161 4349 s
1177 4300 1268 4361 Item
1280 4295 1434 4361 Jadrensi
1451 4296 1701 4373 archiepiscopo
1716 4295 1750 4356 61
1765 4289 1916 4361 suflraga-

290 4398 325 4458 S.
340 4394 456 4458 Marci.
1137 4397 1210 4460 neis
1222 4399 1294 4476 ejus
1309 4396 1342 4459 61
1356 4394 1523 4472 magistris
1537 4393 1684 4472 ejusdem
1703 4387 1876 4471 provincia
1888 4381 1916 4442 61

329 4495 419 4558 Item
455 4489 659 4554 consanansi
688 4489 938 4568 archiepiscopo
956 4489 990 4552 61
1008 4486 1085 4559 suf·
1137 4495 1262 4558 decano
1283 4491 1562 4556 starchidtacono
1575 4488 1803 4554 andrensibus.

288 4591 458 4670 fraganeis
471 4593 543 4669 (11113
558 4588 592 4651 Oi
605 4587 772 4665 111δὲ131113
787 4585 935 4664 ejusdem
947 4587 1084 4664 111011111-
1175 4594 1265 4656 Item
1277 4591 1447 4667 Ragusino
1456 4587 1707 4665 archiepiscopo
1721 4586 1754 4648 et
1764 4582 1916 4654 suffraga-

289 4690 349 4752 ciae
365 4691 398 4753 61
411 4689 535 4753 decano
547 4687 580 4750 61
594 4673 829 4749 archidiacono
844 4684 1015 4746 consanis.
1135 4692 1208 4753 neis
1221 4693 1294 4770 ejus
1309 4691 1342 4750 et
1354 4688 1522 4764 magistris
1537 4685 1685 4765 eiusdem
1700 4678 1874 4763 provincia
1888 4671 1916 4734 61

327 4789 418 4850 Item
444 4785 626 4848 ‘tarentino
640 4781 892 4861 archiepiscopo
910 4781 1081 4843 613111116-
1135 4787 1371 4852 archidiacono
1387 4788 1421 4846 61
1432 4784 1604 4846 canonicis
1617 4780 1807 4858 Ragusinis.

287 4882 405 4959 ganeis
420 4885 491 4960 ejus
504 4882 537 4944 61
550 4881 719 4958 magistris
738 4879 886 4958 ejusdem
901 4879 1081 4956 provinciae
1174 4889 1264 4948 Item
1276 4883 1532 4946 Antimradensi
1546 4880 1796 4958 archiepiscopo
1811 4873 1842 4937 61
1854 4866 1915 4932 sui-

288 4981 321 5042 et
331 4978 455 5041 decano
468 4979 501 5041 61
514 4979 750 5040 archidiacono
763 4975 964 5038 Tarentinis.
1135 4982 1302 5061 magarete
1316 4983 1389 5059 ejus
1398 4981 1437 5046 ,61
1450 4979 1618 5057 magistris
1632 4976 1782 5056 ejusdem
1795 4967 1915 5053 provin·

326 5077 417 5138 Item
424 5075 650 5137 acheruntino
660 5075 910 5152 archiepiscopo
923 5073 1082 5136 61661166-
1134 5083 1195 5145 01ae
1209 5083 1243 5144 et
1255 5078 1544 5157 archipresbytero
1559 5079 1592 5140 at
1603 5079 1639 5138 L.
1656 5074 1815 5138 canonico
1828 5063 1914 5132 Anti·

286 5173 402 5252 ganeis
416 5176 487 5251 eJus
503 5173 535 5234 et
550 5173 718 5248 magistris
732 5172 879 5250 ejusdem
900 5171 1080 5250 prouinciae
1134 5175 1384 5244 'verenensibus

286 5274 319 5336 st
332 5274 458 5335 decano
473 5271 506 5334 et
518 5269 752 5332 archidiacono
767 5269 1013 5332 acheruntinis.
1173 5280 1263 5341 Item
1283 5275 1467 5338 gneznensi
1492 5272 1742 5350 archiepiscopo
1757 5262 1914 5330 61661116-

325 5374 346 5433 1
347 5371 416 5432 16111
428 5367 598 5432 ldrontino
613 5366 875 5444 1101161110010»
887 5369 950 5429 etc·
1133 5376 1249 5452 ganeis
1263 5376 1336 5452 ejus
1350 5374 1383 5436 et
1397 5371 1566 5448 magistris
1581 5370 1730 5449 ejusdem
1744 5357 1912 5446 provincia

325 5464 839 5542 116111Β1116118111161116111800110,
856 5465 918 5527 etc·
1134 5473 1167 5536 61
1189 5473 1314 5535 decano
1343 5472 1376 5534 et
1403 5469 1638 5532 archidiacono
1665 5458 1911 5530 oneznensihus.

324 5569 414 5630 116111
427 5562 866 5642 Τ1111111111111101116111800110,
883 5563 945 5625 610·
1165 5573 1262 5634 Item
1288 5569 1460 5649 Episcopis
1480 5565 1701 5644 suffraganeis
1715 5551 1912 5626 coloniensis

324 5664 624 5744 [161111311111101111
667 5661 889 5737 suffraganeis
928 5660 1078 5723 ecclesiia
1133 5669 1283 5733 eeclesiae
1309 5668 1342 5730 et
1367 5666 1537 5744 magistris
1561 5664 1709 5742 ejusdem
1743 5649 1911 5740 prorinoiae
