3988 6308
289 285 347 346 163

329 447 368 509 nt
382 447 438 508 tua
453 443 593 522 supplex
607 442 749 516 devotio
766 443 798 505 et
819 441 936 505 devota
954 441 1082 520 suppli-

289 544 455 606 cationes
480 541 617 614 inducit,
640 541 677 604 ut
697 540 757 604 tibi
779 557 839 618 pro
860 541 1081 618 praerogativa

287 642 405 718 gratiae
428 640 593 717 specialis,
615 655 714 716 quam
735 639 775 700 ad
796 653 971 715 personam
991 639 1080 700 tuam

289 739 412 800 habere
431 737 657 814 dignoscimur
676 737 712 797 in
732 737 873 798 ecclesia
890 739 922 798 S.
947 737 1081 798 Antonii

288 836 328 896 de
341 837 452 898 Monte
468 836 555 897 Uimi
569 836 603 896 in
613 835 778 896 Asculana
794 834 929 895 dioecesi
953 834 1081 896 consti-

288 935 369 1007 tuta,
382 933 668 1010 censumaiiquem
680 947 827 993 annuum
838 931 1020 994 concedere
1031 931 1083 992 di-

287 1047 478 1109 gnaremur.
501 1033 570 1093 Nos
591 1031 693 1106 igitur
717 1029 783 1092 tuis
809 1029 962 1106 precibus
983 1029 1083 1090 incli-

288 1129 369 1200 nati,
387 1145 534 1190 annuum
554 1145 689 1190 censum
709 1128 850 1204 quatuor
869 1127 1082 1188 denariorum

288 1227 502 1304 Papiensium
516 1226 549 1285 in
561 1223 697 1302 praefata
711 1225 851 1286 ecclesia
866 1224 937 1296 tibi,
952 1225 1082 1301 tuisque

289 1323 536 1384 successoribus
561 1323 716 1384 duximus
744 1321 1005 1394 concedendum,
1036 1321 1082 1383 ita

288 1423 410 1493 mmen,
439 1421 524 1498 quod
553 1419 638 1481 nihil
662 1419 815 1496 amplius,
844 1420 949 1498 quoad
976 1419 1082 1495 legem

287 1518 541 1598 jurisdictionis,
552 1518 603 1578 rei
620 1517 843 1578 dioecesanam
858 1518 993 1594 exigere
1007 1533 1085 1594 pos-

290 1615 346 1686 sis,
361 1615 396 1675 in
410 1615 551 1676 ecclesia
565 1615 756 1675 memorata.
772 1612 863 1674 Nulli
876 1629 967 1689 erge,
979 1614 1081 1675 etc...

290 1713 412 1774 nostree
435 1711 673 1784 concessionis,
700 1713 800 1773 eto...
833 1711 951 1772 Datum
981 1712 1082 1772 Late-

290 1810 376 1881 rani,
404 1813 434 1872 li
456 1810 529 1872 idus
551 1810 711 1886 januarii,
741 1809 952 1886 pontificatus
978 1809 1082 1872 nostri

290 1923 377 1970 anno
389 1907 508 1985 prime.

591 2103 787 2188 CXXXIII

388 2303 441 2362 Ad
459 2301 614 2362 abbatem
634 2301 668 2361 ct
682 2301 841 2373 priorem
866 2299 984 2361 Soracte·

338 2400 508 2460 dorestate
520 2399 554 2460 et
570 2401 625 2459 ile.
649 2401 808 2458 Parvum
828 2399 1029 2457 cenericum

559 2497 814 2557 Lottdttnereres

589 2608 622 2665 11
636 2609 695 2681 jan.
713 2607 791 2665 1117.

331 2733 439 2796 [Rogcst.
452 2731 498 2782 tlh.
512 2731 532 2791 I,
544 2731 618 2795 epist.
633 2729 686 2780 itta.
701 2731 757 2780 ilss.
771 2732 806 2782 La
818 2730 893 2780 Porta
907 2729 939 2780 du
953 2729 1044 2794 Theti}

294 2892 397 2954 Abbati
412 2899 441 2950 ct
456 2891 543 2966 priori
557 2891 585 2950 S.
601 2890 741 2949 iohannis
762 2897 792 2948 et
812 2889 863 2948 Th.
886 2893 976 2948 Patro
995 2905 1082 2948 canc·

270 2963 284 2982 ⁶
327 2982 392 3038 nico
419 2979 656 3039 laudunensibus
677 2977 803 3048 mandat,
830 2987 861 3036 ut
887 2978 1023 3037 accedant
1049 2977 1084 3036 ad

328 3070 478 3128 ecclesiam
508 3070 536 3126 S.
565 3067 710 3126 Laurentii
738 3069 939 3138 llosetensem,
973 3066 1083 3126 Laudu-

328 3174 410 3216 nens.
425 3157 566 3227 dioecesis,
580 3157 628 3215 ubi
643 3155 830 3214 referentibus
842 3155 951 3214 decano
963 3163 990 3213 et
1005 3158 1083 3230 cepi-

327 3249 386 3305 tnlo
414 3247 542 3320 ejtrsdem
568 3246 696 3303 ecciesiae
717 3253 775 3303 tres
800 3247 1015 3303 constitutiones
1040 3245 1083 3303 di·

328 3352 418 3394 versae
436 3335 540 3407 pariter
559 3341 587 3391 et
609 3333 736 3391 adversae
757 3340 823 3392 sunt
841 3333 961 3392 diversis
980 3341 1087 3408 tempo

328 3424 406 3482 ribus
420 3423 540 3482 conditae
555 3431 583 3480 et
599 3438 685 3495 super
700 3422 745 3480 his
759 3439 823 3495 quae
843 3423 899 3481 sint
913 3423 1084 3494 revocanda,

327 3520 472 3572 revocent.

333 3659 509 3732 Honorius,
542 3658 617 3730 etc„
650 3657 779 3720 diiectIs
811 3656 889 3718 tiliis
915 3655 1027 3717 abbati
1054 3655 1088 3718 et

292 3757 399 3836 priori
412 3757 522 3820 Sancti
536 3756 698 3819 iohannis
720 3757 752 3818 et
775 3755 835 3816 Th.
858 3757 965 3816 Parvo
985 3771 1088 3817 cano-

293 3855 368 3916 nico
384 3853 607 3916 Laudunensi.

333 3952 533 4014 Dilectorum
560 3951 704 4012 tiliorum
739 3951 857 4012 decani
890 3953 923 4012 et
950 3949 1087 4028 capituli

295 4051 407 4112 Sancti
419 4049 589 4110 Laurentii
600 4049 755 4110 Roseten.
768 4047 998 4108 Laudunensis
1009 4047 1088 4108 dioe-

294 4147 379 4208 cesis
395 4147 487 4210 Iectae
505 4147 600 4207 nobis
619 4146 738 4207 litterae
758 4144 980 4216 contmebant‚
1001 4143 1086 4221 quod

294 4246 470 4307 incorum
498 4243 639 4306 ecclesia
663 4243 730 4303 tres
759 4242 1010 4304 constitutiones
1037 4241 1090 4302 di-

293 4359 400 4404 rersae
435 4342 560 4419 pariter
591 4343 624 4403 et
655 4340 803 4402 adversas
837 4339 913 4401 sunt
947 4339 1087 4400 dirersis

260 4485 264 4496 .
293 4439 496 4518 temporibus
521 4439 718 4510 constitutae,
745 4438 778 4500 et
799 4437 839 4498 ab
861 4438 942 4514 ipsis
960 4437 1087 4499 consti-

294 4537 461 4602 tuentibus
489 4537 628 4598 firmatae
661 4535 857 4612 interposito
886 4535 1087 4612 juramento,

295 4653 433 4716 quarum
457 4637 607 4712 quaedam
631 4634 767 4694 suerunt
789 4649 809 4694 a
833 4633 1031 4702 dioecesano
1057 4633 1090 4692 et

294 4733 550 4813 metropolitano
569 4732 645 4806 ioci,
662 4731 755 4794 salvo
777 4731 931 4791 mandato
953 4731 985 4791 et
1004 4746 1088 4790 auc-

294 4834 429 4895 toritate
458 4833 552 4893 Sedis
583 4830 782 4908 Apostolicse
810 4829 1031 4900 confirmatae,
1058 4831 1090 4889 et

296 4947 339 4990 er
371 4929 424 4989 his
446 4928 613 4989 nonnullae
640 4927 747 5004 qttoad
773 4927 923 5003 quaedam
950 4925 1088 4986 cassate

295 5027 429 5087 suerunt
438 5025 641 5101 postmodum
653 5040 712 5100 per
719 5023 881 5100 jndicesa
897 5023 980 5084 Sede
990 5026 1091 5099 Apos-

295 5124 396 5187 toIIca
411 5123 589 5197 delegatos.
606 5121 688 5183 Aliae
707 5137 787 5182 uero
811 5121 918 5198 quoad
940 5122 1089 5200 quaedam

296 5224 431 5284 inerunt
445 5219 599 5282 similiter
613 5219 825 5292 coniirmatae,
842 5219 919 5281 iicet
940 5219 1090 5295 pluribus

297 5321 450 5382 rideatur
464 5318 549 5396 qnod
566 5334 632 5379 non
645 5317 781 5378 multam
796 5317 830 5378 in
849 5333 884 5377 se
901 5317 1091 5378 contineant

297 5420 496 5496 aequitatem,
512 5417 647 5494 propter
662 5415 747 5494 quod
761 5413 952 5492 'frequenter
963 5415 1092 5476 discor-

297 5517 372 5590 diae,
389 5533 428 5578 ac
450 5515 575 5578 crebrae
604 5513 828 5574 dissenslonss
850 5513 883 5573 in
903 5512 1017 5574 eadem
1033 5529 1090 5574 ec-

298 5615 399 5677 clesia
416 5616 492 5676 sunt
513 5612 666 5674 subortae.
683 5611 775 5674 Unde
791 5611 886 5674 nobis
901 5610 980 5672 dicti
993 5611 1091 5672 deca-

912 281 1088 344 uononu
1110 283 1156 344 m
1178 285 1325 364 orsas.
1825 297 1862 358 m

1137 459 1198 504 nus
1211 449 1242 505 et
1258 442 1438 520 capitulum
1456 441 1623 504 humliiter
1636 445 1832 523 supplicarunt,
1842 457 1868 515 nt

1136 558 1250 604 eorum
1261 541 1363 620 quieti
1371 541 1545 618 providere
1557 541 1683 618 patema
1695 545 1868 611 sollicitudine

1136 640 1358 715 dignaremur.
1373 641 1478 711 Quum
1499 638 1600 715 igitur
1613 638 1695 701 illius
1710 642 1799 704 locon
1813 646 1869 708 iicet

1136 737 1292 799 immeriti
1320 738 1490 800 teneamus
1518 737 1554 798 in
1580 737 1673 798 terris
1695 741 1743 816 qui
1766 757 1817 802 non
1837 745 1871 805 est

1136 838 1223 896 Deus
1247 835 1466 896 dissensionis
1502 835 1558 896 sed
1585 836 1681 912 pacis,
1707 837 1739 898 nt
1767 839 1873 902 ecclesia

1137 933 1210 1010 ipsa
1222 934 1256 994 in
1270 934 1388 994 melius
1402 933 1513 994 valeat
1527 932 1703 1006 reformari,
1718 935 1876 997 condescen-

1137 1030 1279 1090 dendum
1295 1030 1450 1090 duxtmus
1466 1029 1617 1107 precibus
1629 1031 1804 1093 eorumden.
1817 1036 1878 1104 Quo

1138 1127 1877 1206 circadiscreti0nirestraemandamusquatems

1137 1224 1177 1286 ad
1189 1223 1360 1302 praefatam
1371 1225 1546 1286 ecclesiam
1559 1225 1750 1298 accedentes
1758 1227 1878 1302 inquisita

1138 1338 1238 1400 super
1260 1323 1442 1400 praemissis
1473 1322 1603 1399 plenius
1629 1323 1660 1384 et
1685 1323 1797 1398 cognita
1815 1325 1879 1382 ren'-

1140 1422 1214 1492 tate,
1244 1436 1318 1496 quae
1345 1419 1526 1480 secundum
1557 1423 1668 1491 Deum,
1692 1422 1722 1480 et
1744 1420 1879 1480 utilitatem

1138 1517 1880 1593 ipsiusecciesieestatuendauiderids,statuatis,

1137 1618 1171 1675 et
1181 1616 1356 1687 revocetis,
1380 1615 1602 1692 appellatione
1624 1613 1752 1686 remota,
1774 1615 1882 1690 quaeri·

1138 1713 1254 1774 deritis
1273 1712 1476 1787 revocanda3
1493 1711 1743 1774 contradictores
1763 1727 1811 1788 per
1828 1727 1884 1772 cen-

1139 1826 1249 1871 suram
1276 1810 1536 1871 ecclesiasticam
1562 1809 1794 1888 compescendo.
1818 1809 1884 1879 Quod

1139 1909 1166 1968 si
1182 1925 1248 1970 non
1264 1924 1389 1979 omnes,
1415 1908 1491 1980 etc,
1515 1907 1579 1969 duo
1605 1906 1754 1979 restrum,
1773 1907 1824 1967 etc.
1840 1907 1887 1966 ita·

1138 2009 1207 2067 tum
1222 2006 1389 2076 Laterani,
1404 2007 1434 2066 ii
1458 2005 1533 2067 idus
1546 2005 1704 2082 januarii,
1719 2003 1887 2082 pontificatus

1139 2105 1244 2166 nostri
1259 2119 1347 2166 anno
1362 2104 1481 2181 primo.

1442 2345 1635 2433 CXXXIV

1257 2553 1308 2612 Ad
1329 2553 1523 2626 episcopum
1537 2553 1803 2613 noviomensem.

1437 2683 1470 2740 it
1481 2682 1542 2756 jan.
1562 2683 1642 2741 1217.

1140 2823 1250 2888 [liegest.
1275 2823 1321 2874 lib.
1346 2825 1364 2882 i,
1385 2823 1461 2888 epist.
1481 2823 1534 2874 lea.
1556 2825 1615 2876 iiss.
1637 2825 1674 2876 Le
1692 2823 1765 2874 Porte
1780 2820 1810 2872 du
1824 2815 1892 2878 licii]

1140 2983 1249 3042 Auditis
1264 2983 1401 3056 partibus,
1415 2983 1582 3056 pronunciat
1596 2983 1745 3041 ecclesiam
1756 2981 1780 3038 S.
1791 2976 1893 3047 Quintint,

1174 3073 1200 3129 ei
1218 3073 1280 3144 jure
1296 3071 1459 3130 dioecessno
1474 3071 1632 3145 subjectam
1651 3086 1735 3142 esse;
1753 3070 1780 3126 in
1798 3063 1895 3125 ciuilibus
1950 3093 1951 3100 κ

1175 3169 1269 3218 autem
1285 3175 1351 3218 eum
1368 3160 1396 3217 in
1407 3161 1529 3234 singuiis
1543 3161 1692 3218 canonicis
1705 3157 1821 3232 ejusden
1832 3153 1895 3210 eccle

1174 3251 1236 3320 sire,
1256 3250 1310 3308 nisi
1333 3249 1476 3308 mediante
1500 3249 1621 3318 decano,
1634 3247 1843 3322 iurisdictionem
1857 3253 1897 3297 nen

1175 3338 1291 3398 babere.

1179 3465 1364 3538 HonorIus,
1386 3467 1465 3536 etc,
1484 3463 1669 3526 venerabili
1691 3463 1781 3525 fratri
1801 3455 1899 3520 Noric-
1951 3461 1952 3510 l

1141 3579 1227 3624 men.
1241 3562 1406 3640 episcopo.

1181 3662 1260 3721 Cum
1273 3661 1351 3721 oiim
1368 3661 1422 3721 tuo
1437 3659 1470 3721 et
1484 3659 1635 3722 ecciesiae
1659 3657 1767 3722 Sancti
1786 3646 1901 3728 Quirini

1142 3757 1410 3836 procuratoribus
1422 3758 1456 3818 in
1466 3756 1561 3818 bonae
1571 3759 1742 3818 memoriae
1753 3744 1900 3816 innocentii

1142 3873 1235 3934 papae
1247 3855 1500 3933 praedecessoris
1516 3855 1620 3916 nostri
1640 3853 1810 3932 praesentIa
1827 3861 1901 3910 cons·

1141 3955 1258 4026 titulis,
1275 3970 1334 4030 pro
1363 3969 1463 4014 causa
1491 3968 1564 4029 quae
1595 3953 1685 4014 inter
1707 3953 1740 4013 te
1761 3953 1791 4011 ct
1811 3947 1902 4008 dictat

1142 4053 1315 4113 ecclesiam
1332 4066 1431 4128 super
1443 4050 1647 4127 subjectione
1664 4065 1760 4127 quam
1773 4049 1803 4108 in
1817 4043 1902 4105 eaden

1143 4149 1276 4227 petebas
1291 4149 1432 4209 ecclesia
1447 4146 1654 4224 vertebatur3
1667 4151 1701 4210 et
1711 4148 1765 4208 lite
1777 4145 1813 4206 ab
1827 4139 1903 4218 ipsius

1143 4249 1357 4325 procuratore
1394 4245 1542 4322 legitIme
1586 4244 1805 4313 constestata‚
1841 4237 1904 4299 idem

1143 4345 1368 4422 praedecessor
1387 4343 1499 4404 noster
1512 4343 1696 4404 venerabili
1716 4341 1806 4402 fratri
1820 4333 1904 4396 nostro

1119 4443 1318 4524 episcope,
1348 4442 1381 4502 et
1409 4441 1538 4502 dilectis
1569 4439 1648 4500 tiliis
1685 4439 1792 4500 abbati
1822 4428 1905 4496 Sancti

1143 4540 1278 4600 l'etlasti
1293 4538 1481 4600 Atrebaten.
1508 4539 1541 4597 et
1567 4536 1728 4612 magistro
1751 4532 1905 4596 scholarum

1143 4641 1326 4699 Tornacen.
1343 4634 1544 4696 commiserit
1557 4633 1621 4694 dne
1632 4634 1743 4695 debito
1757 4629 1907 4694 terminan-

1144 4735 1229 4805 dam,
1249 4735 1281 4794 et
1296 4732 1500 4809 postmodnm
1523 4731 1637 4803 eodem
1661 4731 1816 4807 magistro
1835 4723 1908 4786 scito

1145 4834 1250 4894 larum
1270 4831 1391 4901 amoto,
1412 4831 1444 4890 et
1465 4829 1622 4904 magistro
1652 4831 1694 4889 Η.
1724 4829 1765 4889 de
1785 4819 1909 4887 Atrebate

1145 4930 1306 4991 canonico
1320 4931 1504 4988 Tornacen.
1522 4925 1701 5001 subrogato
1714 4925 1826 4994 eidem,
1840 4931 1908 4996 pra·

1145 5029 1221 5090 satis
1235 5028 1389 5103 episcopo
1404 5027 1437 5085 et
1450 5025 1559 5086 abbati
1573 5025 1703 5086 dederit
1717 5025 1751 5085 in
1764 5014 1908 5082 mandatis

1146 5127 1229 5188 utin
1245 5125 1377 5199 negotio
1388 5125 1485 5200 juxta
1504 5122 1644 5182 sormam
1659 5121 1781 5199 priorIs
1793 5107 1912 5180 mandati

1144 5227 1273 5288 ratione
1290 5221 1413 5299 praevia
1428 5221 1652 5296 procedentes,
1667 5235 1801 5280 causam
1818 5216 1910 5290 ipsam,

1146 5325 1173 5384 si
1189 5323 1284 5394 soret,
1301 5321 1341 5380 de
1356 5320 1498 5397 partium
1513 5318 1683 5378 voluntate
1694 5317 1762 5377 tine
1782 5307 1913 5376 canonico

1145 5419 1372 5484 terminarent.
1392 5416 1548 5493 Alioquin
1564 5415 1715 5476 eamdem
1739 5399 1915 5474 remitterent

1146 5519 1309 5596 adipsum
1326 5515 1529 5575 sufficienter
1548 5513 1756 5584 instructam,
1772 5502 1915 5583 assignato

1148 5617 1295 5695 partibus
1310 5613 1452 5676 termino
1472 5610 1679 5688 competenti,
1698 5625 1763 5686 qno
1784 5624 1817 5668 se
1836 5615 1915 5680 apos-
