4014 6312
89 351 151 418 ⁴89
712 353 941 428 liPlSTOLAE.
965 353 1043 417 LlB.
1067 355 1109 416 ll.
1681 357 1742 418 490

90 515 239 594 sigillum
256 529 352 578 suom
364 514 529 594 apposuit.
541 515 651 578 abbas
662 515 695 578 et
708 515 890 578 conventus
945 512 1033 577 sicut
1043 529 1088 576 ex
1101 513 1196 592 parte
1210 515 1320 577 vestra
1335 513 1398 578 iuit
1409 513 1614 593 propositum
1630 529 1742 580 coram

89 615 201 676 sancti
217 613 387 691 Stephani,
405 613 549 676 decanus
574 612 607 675 et
620 613 801 691 capitulum
816 629 891 690 cap·
944 611 1051 685 nobis,
1081 611 1115 695 et
1139 611 1174 672 in
1201 611 1350 688 eiusdem
1374 612 1594 676 absolutionis
1620 613 1741 676 litteris

89 712 200 790 pellae,
213 711 249 774 ut
263 711 326 774 hoc
340 712 449 774 ratum
462 712 497 773 in
517 713 685 789 posterum
698 711 887 784 haberetur,
944 708 1065 771 dicitur
1087 709 1261 772 contineri.
1290 713 1396 783 Quum
1421 710 1525 788 igitur
1545 711 1641 773 nobis
1663 729 1743 789 sup-

90 810 204 888 sigilla
220 825 280 871 sua
302 809 456 872 similiter
469 809 625 886 praesenti
645 809 768 888 scripto
786 825 890 886 appo-
944 804 1148 884 plicaveritis
1190 807 1361 870 humiliter
1412 809 1445 870 et
1483 809 1664 882 instanter,
1706 811 1743 872 ut

89 907 242 969 suerunt.
269 907 386 969 Actum
401 923 489 968 anno
504 909 621 984 gratiae
636 907 812 968 millesimo
828 906 890 967 dn·
943 904 1046 981 quieti
1062 905 1257 968 monasterii
1276 906 1393 978 vestri,
1408 907 1462 968 cui
1487 923 1531 970 en
1553 907 1743 986 receptione

88 1005 273 1067 centesimo
309 1005 436 1066 decimo
467 1006 619 1084 septimo,
647 1022 760 1067 mense
787 1005 886 1067 maio.
943 1002 1035 1064 illius
1049 1002 1738 1082 tumproptermultadebita,quaeincaute

88 1102 186 1163 Nulli
197 1117 287 1178 ergo,
300 1103 375 1174 etc,
390 1118 494 1180 usque
507 1124 514 1162 :
526 1103 648 1165 nostrae
658 1102 887 1164 confirmatio·
943 1100 1120 1173 contraxit,
1136 1101 1206 1162 tum
1230 1102 1365 1178 propter
1380 1117 1499 1163 causas
1523 1103 1608 1164 alias
1636 1119 1741 1180 grave

89 1200 146 1260 nis
161 1198 354 1276 intringere,
371 1199 424 1262 vel
439 1200 482 1271 ei,
497 1202 559 1261 eto.
574 1216 678 1277 usque
689 1221 697 1260 ι
709 1200 886 1262 contraire.
943 1196 1152 1276 dispendium
1163 1198 1364 1270 immineret,
1379 1200 1554 1277 providere
1565 1217 1665 1279 super
1678 1203 1743 1264 hoc

89 1297 127 1360 Si
156 1298 231 1376 quis
252 1297 374 1370 autern,
403 1299 478 1367 etc„
507 1314 611 1376 usque
633 1319 640 1358 ι
664 1297 886 1360 incursurum.

87 1395 211 1455 Datum
227 1393 396 1455 Ferentini
412 1393 509 1456 tertio
525 1393 599 1455 idus
614 1395 758 1472 augusti,
773 1394 887 1472 ponti·

88 1489 212 1554 ticatus
225 1489 331 1554 nostri
344 1505 432 1552 anno
443 1489 602 1552 secundo.

444 1669 535 1758 XV]

82 1823 138 1884 Ad
151 1820 352 1884 abbatemet
369 1821 575 1883 convectum
598 1822 710 1884 coacti
738 1824 886 1900 Beatam

370 1921 601 1982 Dictoncrratr.

352 2049 383 2108 11
399 2057 514 2123 angust.
537 2049 616 2110 leit.

299 2173 408 2238 [Regcst.
422 2173 468 2225 lib.
482 2175 512 2232 ΙΙ,
526 2174 600 2240 epist.
613 2173 681 2240 11811]

116 2291 277 2352 Corriirmat
295 2290 502 2350 absolutionem
519 2292 679 2350 innocentii
694 2293 746 2362 lll,
764 2305 850 2366 super

242 2379 391 2453 cujusdem
407 2379 542 2476 monachi
557 2381 731 2454 receptione.

122 2507 306 2579 Honorius,
322 2508 399 2580 etc,
410 2505 520 2569 abbati
528 2507 561 2569 at
569 2507 746 2570 conventui
756 2523 886 2570 monas·

81 2605 160 2668 terii
185 2604 292 2667 sancti
327 2605 468 2682 Benigni
497 2605 671 2670 Divionen.
699 2606 882 2683 lingonen.

82 2703 251 2774 dioecesis,
269 2703 421 2772 salutern,
438 2703 501 2765 etc.

122 2803 161 2862 In
187 2801 309 2863 litteris
331 2800 534 2863 venerahilis
557 2799 672 2864 fratris
697 2802 802 2864 nostri
806 2846 880 2864 ......

81 2899 235 2976 episcopi
254 2900 438 2974 Lingonen.
456 2900 687 2977 prospeximus
707 2902 881 2974 contineri,

82 2995 172 3074 quod
201 3013 302 3074 quum
337 2995 445 3058 felicis
474 2999 642 3058 memoriae
671 2998 882 3061 Innocentius

81 3111 183 3172 papa,
212 3094 439 3172 praedecessor
466 3095 590 3166 noster,
614 3095 696 3156 olim
720 3095 784 3157 sibi
813 3097 882 3157 suis

80 3190 361 3256 dedissetlitteris
377 3193 411 3253 in
436 3193 611 3266 mandatis,
628 3195 664 3256 ut
687 3193 717 3254 si
736 3196 881 3257 consta-

79 3291 132 3352 ret
148 3289 258 3352 eidem
273 3291 423 3368 quaedam
439 3307 512 3368 quae
524 3290 639 3353 contra
650 3293 690 3354 U.
703 3292 743 3354 de
757 3293 879 3370 hreig„

79 3389 162 3450 tunc
196 3388 394 3475 monachum
422 3390 580 3475 vestrum,
609 3391 778 3468 proposita
803 3390 880 3453 iue-

79 3486 150 3548 rint
169 3501 250 3547 vera
272 3501 357 3559 esse,
371 3487 519 3563 ipsuma
542 3488 744 3550 monasterio
770 3491 881 3551 vestro

78 3585 215 3662 penitus
243 3585 423 3656 amoveret,
451 3584 520 3646 tam
547 3600 566 3646 a
595 3586 702 3663 capite
735 3603 832 3664 quarn
861 3603 881 3648 a

78 3681 252 3753 memhris,
269 3681 302 3743 et
316 3681 448 3744 curaret
461 3682 497 3743 in
512 3683 579 3744 alio
599 3682 746 3762 ejusdem
772 3684 882 3746 ohser-

78 3780 208 3843 vantiae
223 3781 425 3843 monasterio
440 3781 599 3843 collocari
626 3801 634 3842 ι
653 3782 724 3858 ipse
752 3781 880 3860 objecta

79 3877 193 3940 eidem
218 3893 285 3955 per
303 3877 466 3951 abbatem,
487 3879 633 3956 priorem
661 3879 694 3942 et
721 3880 880 3958 quosdam

78 3975 266 4038 monachos
289 3975 394 4053 ipsius
420 3976 485 4038 loci
514 3977 646 4054 juratos
674 3979 880 4056 comperiens

78 4089 264 4147 essevera,
276 4073 385 4151 ipsum
401 4074 526 4136 amovit
547 4090 566 4136 a
586 4075 724 4152 prreiato
743 4092 880 4138 monas-

77 4173 166 4234 terio
183 4173 250 4238 tam
266 4172 409 4249 acepite
421 4187 519 4249 quam
547 4187 568 4233 a
596 4172 764 4247 memhris,
781 4176 880 4252 juxta

79 4269 224 4331 formam
236 4269 271 4330 in
284 4269 404 4331 litteris
419 4269 685 4347 ejusdemnostri
700 4273 881 4349 praedeces·

79 4367 170 4428 soris
199 4381 403 4444 expressam,
433 4371 467 4429 et
495 4368 530 4429 ci
546 4369 624 4431 licet
651 4369 806 4447 recipere
819 4387 879 4434 re-

78 4463 210 4536 nuenti,
228 4464 336 4525 locum
363 4464 398 4525 in
425 4465 493 4526 alio
516 4465 663 4543 ejusdem
698 4465 878 4530 observan-

78 4559 135 4621 tiae
150 4560 354 4622 monasterio
369 4575 405 4622 se
426 4559 544 4623 obtulit
565 4563 794 4639 provisurum;
820 4581 881 4626 ou-

75 4659 132 4734 J'us
160 4657 361 4720 amotionem
391 4657 483 4721 idem
514 4659 740 4745 praedecessor
766 4667 880 4725 noster

78 4755 289 4830 postmodum
304 4755 411 4818 ratam
421 4755 559 4830 habens,
572 4773 633 4820 vos
647 4773 747 4836 super
756 4741 878 4839 recep-¹

78 4851 172 4912 tione
187 4850 292 4928 ipsius
307 4851 348 4914 ah
363 4853 516 4932 ejusdam
536 4855 701 4932 petitione·
724 4857 876 4934 absolvit,

115 4982 159 5054 (l)
180 4982 302 5051 Quidsit
313 4983 453 5042 absolutio
467 5001 553 5060 super
572 4989 736 5116 receptione
758 5005 794 5048 ex
815 4991 879 5065 ipsc

79 5061 216 5111 contextu
232 5062 325 5125 potest
343 5057 473 5129 intelligi.
494 5059 562 5114 Post
586 5073 637 5131 pro
649 5061 793 5118 essionem
818 5064 880 5120 reii-

100 5125 206 5185 iosom.
222 5124 251 5181 id
267 5132 310 5182 est
322 5133 386 5202 post
398 5135 462 5184 vota
489 5129 604 5196 emisse,
636 5129 755 5189 facultas
785 5136 875 5206 possi·

78 5139 236 5322 gendiffm
252 5197 354 5268 cuique
370 5197 485 5255 tollitur.
505 5201 605 5257 Omnis
632 5201 720 5274 igitur
739 5205 879 5276 regularis

78 5281 138 5322 noo
152 5267 176 5322 si
198 5267 347 5339 incanuit,
362 5275 393 5325 ut
425 5269 514 5336 aiunt,
530 5270 764 5330 sedmooasterio
779 5277 876 5358 acqui-

78 5337 126 5394 rit.
142 5335 275 5407 Aliunde,
292 5341 497 5398 monasterium
514 5356 563 5414 per
575 5344 767 5414 receptionem
787 5359 879 5420 copus·

79 5405 147 5463 dom
164 5409 278 5478 ligatur,
293 5423 380 5480 quonr
403 5412 536 5468 alimenta
560 5413 685 5471 vicissim
698 5422 727 5471 et
745 5416 811 5474 vitae
826 5433 875 5475 oe-

79 5479 207 5534 cessaria
235 5479 338 5537 dehent
369 5481 396 5537 el
431 5483 478 5553 qui
511 5483 679 5556 religionem
708 5487 876 5560 ingreditur.

80 5549 219 5616 Porrn,is
246 5551 296 5621 qui
321 5550 481 5610 nechabet
505 5567 558 5610 nec
586 5555 692 5613 hahere
715 5565 764 5616 aut
785 5561 875 5632 possi·

80 5617 151 5676 dere
179 5628 280 5691 potest,
315 5622 343 5678 iu
368 5637 400 5679 se
417 5623 570 5680 transferre
596 5625 689 5684 dehita
713 5633 820 5703 nequit,
850 5639 880 5689 et

80 5693 286 5750 monasterium
302 5691 394 5768 ipsum
405 5695 579 5754 exsolvendo
596 5697 753 5763 obnoxium
768 5703 878 5762 ridetur

943 1295 1203 1358 misericorditer
1244 1295 1479 1373 dignaremur3
1518 1311 1579 1360 nos
1621 1300 1741 1362 vestris

938 1394 1038 1472 justis
1082 1393 1236 1471 precihus
1282 1394 1456 1467 inclinati,
1500 1393 1742 1458 ahsolutionem

941 1492 1047 1569 ipsius
1069 1491 1326 1569 praedecessoris
1347 1492 1455 1554 nostri
1477 1493 1583 1554 eidem
1607 1507 1744 1556 monas-

941 1589 1026 1652 terio
1048 1590 1160 1652 vestro
1187 1588 1320 1662 tactam,
1352 1590 1439 1652 sicut
1460 1589 1494 1652 in
1521 1594 1593 1668 ejus
1621 1591 1742 1654 litteris

941 1687 1140 1760 continetur,
1152 1686 1352 1750 auctoritate
1364 1688 1554 1766 Apostohca
1564 1689 1743 1752 conflrma-

941 1801 1025 1858 mus,
1043 1787 1076 1847 et
1089 1786 1246 1863 praesenti
1260 1785 1376 1863 scripti
1391 1786 1577 1863 patrocinio
1592 1803 1743 1850 commu-

941 1883 1062 1944 nimus.
1083 1883 1175 1946 Nulli
1190 1899 1281 1958 ergo,
1298 1882 1374 1956 etc„
1390 1897 1497 1958 usque
1512 1886 1635 1947 nostrae
1654 1901 1739 1948 oon-

941 1981 1139 2044 ilrmatinnis
1166 1981 1362 2057 intringere,
1384 1981 1438 2044 vel
1466 1982 1508 2056 el,
1532 1983 1608 2056 etc,
1631 1999 1739 2059 usque

941 2079 1118 2142 contraire.
1132 2079 1166 2140 Sl
1180 2080 1254 2156 quis
1270 2081 1392 2152 alitem,
1409 2080 1484 2152 etc,
1496 2096 1604 2156 usque
1619 2083 1738 2144 incur-

941 2177 1198 2241 summitatum
1211 2177 1492 2242 Ferentinitertio
1507 2179 1581 2240 idus
1592 2181 1737 2258 augusti,

940 2275 1151 2352 pontificatus
1169 2275 1275 2338 nostri
1290 2291 1379 2338 anno
1394 2276 1539 2340 secundo
1556 2274 1614 2357 (l).

979 2472 1018 2532 ln
1056 2471 1210 2534 eumdem
1244 2471 1315 2534 iera
1347 2471 1480 2535 modum
1516 2473 1676 2551 scriptum
1704 2474 1740 2536 ut

939 2584 1040 2646 supra
1064 2569 1251 2632 venerabili
1276 2568 1412 2632 tratri...
1439 2570 1606 2649 episcopo,
1631 2572 1664 2633 et
1684 2571 1739 2634 di-

939 2666 1035 2728 lectis
1070 2666 1149 2729 filiis
1180 2667 1339 2744 magistro
1372 2669 1411 2730 U.
1441 2668 1481 2730 de
1508 2668 1677 2739 Bormcnt,
1707 2669 1741 2732 et

938 2765 975 2824 Ο.
989 2763 1030 2824 de
1042 2764 1227 2826 Mormento
1240 2764 1412 2826 canonicis
1432 2765 1615 2842 Lingonan.
1631 2779 1739 2842 usque

938 2859 1138 2924 continetur.
1156 2859 1299 2938 ideoque
1324 2860 1518 2924 discretioni
1533 2861 1653 2925 vestrae
1679 2879 1739 2940 per

936 2957 1127 3034 Apostolica
1166 2958 1291 3035 scripta
1337 2959 1533 3020 mandamus
1573 2960 1737 3038 quatenus

937 3053 1174 3116 monasterium
1192 3054 1300 3133 ipsum
1324 3071 1391 3118 non
1420 3057 1618 3132 permittatis
1637 3074 1739 3136 super

937 3151 1127 3228 receptione
1141 3152 1248 3229 ipsius
1264 3152 1304 3214 de
1319 3153 1439 3216 caetero
1452 3153 1598 3230 fatigari,
1620 3155 1737 3218 moles·

936 3249 1060 3312 tatores
1075 3253 1147 3328 ejus
1160 3249 1324 3313 indebitos
1339 3267 1480 3314 censura
1496 3252 1735 3326 ecclesiastica,

936 3347 1065 3410 sublato
1107 3349 1340 3426 appellationis
1377 3349 1547 3413 obstaculo
1584 3367 1737 3430 compes·
1849 3391 1851 3395 ν

936 3446 1050 3518 cendo,
1060 3446 1253 3508 invocantes
1269 3448 1298 3508 si
1321 3463 1404 3524 opus
1432 3448 1534 3512 fuerit
1561 3449 1736 3514 brachium

936 3543 1108 3606 saeculare.
1119 3545 1211 3614 Quod
1227 3545 1255 3606 si
1271 3561 1337 3606 non
1351 3561 1476 3620 omnes,
1489 3546 1564 3622 ete,
1580 3549 1618 3610 tu
1634 3547 1737 3612 irater

936 3640 1102 3718 episcope.
1114 3643 1176 3703 etc.
1193 3642 1312 3708 Datum
1326 3643 1362 3704 ut
1382 3658 1494 3721 supra.

1279 3809 1393 3899 XVII

948 3953 1001 4014 Act
1012 3953 1219 4015 conventum
1233 3955 1439 4016 mortmtertt
1451 3956 1582 4017 abactis
1594 3958 1721 4019 marte

1203 4051 1473 4125 Puburttnertsts.

1232 4173 1266 4231 ii
1278 4187 1346 4248 aug.
1360 4173 1438 4233 1117.

935 4285 1086 4352 [bullarium
1098 4287 1260 4347 Vaticanum,
1278 4295 1298 4339 t.
1310 4289 1330 4348 1,
1341 4305 1367 4354 p.
1387 4289 1441 4340 loc.
1459 4289 1496 4341 Ex
1513 4290 1624 4343 archivis
1648 4297 1731 4358 apost.

1168 4367 1196 4418 in
1204 4370 1301 4433 begeat.
1314 4369 1416 4434 epistol.
1428 4369 1499 4436 cla]

934 4473 1162 4532 Controversiam
1180 4473 1253 4531 inter
1269 4482 1442 4532 conventum
1453 4476 1732 4537 monasteriisaoctsa

970 4561 1066 4620 llariae
1080 4561 1294 4636 'tyburtinensis
1304 4569 1333 4621 et
1344 4565 1498 4621 canonicos
1512 4564 1637 4623 basilica
1652 4567 1729 4640 prin-

969 4651 1041 4724 cipis
1066 4652 1268 4724 Apostolorum
1294 4666 1379 4724 super
1418 4654 1602 4725 possessione
1641 4655 1731 4730 ipsius

969 4749 1134 4806 monasterii
1150 4748 1297 4822 vigentem
1312 4748 1429 4806 dirimit.

973 4866 1140 4928 Honorius
1179 4866 1366 4944 episcopus,
1403 4881 1520 4931 servus
1558 4885 1731 4934 servorum

933 4996 1025 5054 donec
1038 5013 1125 5071 super
1139 4998 1303 5070 receptione
1313 5013 1370 5056 non
1386 4997 1550 5058 absolvitur.
1567 5003 1629 5060 llac
1645 5003 1729 5062 abso-

933 5069 1152 5126 lutioneomnis
1176 5068 1297 5143 juridica
1324 5071 1423 5128 relatio
1444 5072 1584 5145 rumpitur
1609 5089 1673 5148 quae
1694 5091 1730 5134 ex

934 5137 1109 5213 professione
1118 5140 1178 5214 ipsa
1199 5139 1333 5198 monachi
1346 5141 1529 5222 procedebat.

968 5210 1129 5268 Notandum
1143 5219 1279 5283 pretereo
1304 5211 1339 5268 de
1362 5214 1502 5271 sectione
1522 5215 1729 5276 monachorum

933 5281 1055 5354 amplius
1074 5283 1118 5338 vel
1134 5283 1267 5342 statuisse
1275 5283 1320 5340 vel
1327 5229 1492 5342 detrivisse
1501 5287 1646 5344 Urbanum
1663 5290 1729 5347 vlll

932 5359 961 5409 et
976 5354 1174 5412 innocentium
1186 5356 1240 5413 llll
1264 5369 1312 5428 per
1331 5368 1384 5412 sua
1407 5353 1531 5413 decreta.
1554 5359 1622 5414 llaec
1645 5357 1728 5416 docet

934 5425 1042 5480 Ferrari
1057 5423 1092 5480 de
1107 5424 1207 5498 ejecto.
1229 5425 1322 5497 quoad
1336 5425 1494 5483 dominium
1516 5433 1545 5484 et
1565 5426 1729 5488 iacultntem

933 5494 1096 5566 possidendi
1130 5512 1137 5552 :
1159 5517 1170 5546 r
1194 5497 1337 5570 Ejectusa
1376 5497 1443 5554 uirit
1465 5495 1559 5554 adhuc
1576 5498 1650 5556 bona
1669 5517 1730 5559 mo·

934 5567 1057 5623 nasteric
1088 5568 1134 5624 vel
1158 5568 1289 5652 religioni
1314 5583 1351 5624 un
1372 5583 1388 5624 e
1409 5575 1453 5624 est
1478 5567 1595 5640 ejectus.
1632 5573 1730 5632 Potest

911 5657 914 5668 ·
933 5643 1028 5694 tamen
1043 5636 1084 5694 de
1099 5639 1244 5710 aoqrdsitts
1258 5637 1410 5711 disponere
1431 5647 1513 5710 prout
1532 5647 1623 5708 status
1641 5645 1731 5716 exigit

932 5708 1023 5780 quoae
1041 5709 1104 5770 otte
1125 5710 1294 5769 accessoria.
1315 5709 1378 5774 Non
1400 5717 1607 5784 potestantem
1637 5712 1731 5776 iacere
