4080 6316
316 367 374 426 rel
935 369 1110 432 HONORII
1132 371 1177 432 111
1199 371 1347 433 OPERA.
1871 381 1912 440 752

320 541 464 588 massam
479 541 552 604 quae
567 527 705 589 uocatur
718 525 894 600 Ulmetum,
909 529 942 591 et
954 543 1109 601 massam,
1166 529 1416 604 monachorum,
1433 529 1489 609 qui
1505 529 1546 592 ad
1559 547 1671 594 sacros
1685 533 1808 596 ordines
1824 534 1913 600 luerint

320 639 394 701 quae
421 627 560 686 vocatur
586 625 720 686 Malana
745 625 852 702 posita
879 625 915 686 in
943 626 1111 690 territorio
1166 626 1379 703 promovendi
1395 641 1634 707 aquocumque
1649 631 1817 691 maluerint
1830 632 1913 706 atla,

320 721 499 798 Nepesino,
515 723 548 784 et
562 721 720 800 quidquid
736 721 867 784 habeta
882 727 982 800 ponte
996 724 1110 800 Nepe-
1166 725 1199 786 et
1230 725 1385 786 monaehi
1422 725 1569 804 ejusdem
1605 725 1759 800 coenobii,
1790 729 1914 792 catholico

320 819 395 880 sino
415 833 518 896 usque
539 818 579 880 ad
599 821 743 882 monum
765 821 937 893 Rosulum,
956 823 989 882 et
1004 820 1112 882 lacum
1166 821 1347 894 dumtaxat,
1365 823 1532 901 episcopo,
1548 824 1734 902 Apostolica
1748 824 1816 886 ireti
1828 831 1914 890 aucto·

320 915 376 992 qui
400 918 539 978 vocatur
558 916 691 979 lanula.
719 919 870 980 Castrum
899 918 1110 990 Baocariciae,
1166 919 1264 982 ritate
1300 921 1498 998 suscipiant;
1531 937 1613 1000 quas
1645 922 1718 983 siue
1747 923 1913 993 difficultate,
1987 929 1988 942 ³

320 1027 393 1072 cum
411 1013 554 1074 ecclesia
571 1015 701 1076 Sanotae
715 1015 903 1087 Christiuae,
917 1017 950 1076 et
964 1015 1042 1077 aliis
1056 1031 1113 1078 eo-
1165 1032 1204 1078 ac
1220 1017 1384 1095 pravitate
1403 1018 1614 1096 praecipimus
1636 1018 1792 1081 exbiberi.
1808 1022 1917 1084 Minores
1987 1027 1988 1040 ¹

321 1109 443 1183 cleslis,
457 1113 491 1172 et
505 1109 715 1189 pertinentiis
731 1113 813 1174 suis.
830 1113 980 1174 Castrum
996 1113 1114 1191 Lepri·
1166 1115 1277 1176 autem
1296 1114 1431 1176 ordines
1455 1115 1626 1178 monachis
1646 1117 1715 1178 suis
1736 1117 1815 1178 idem
1834 1119 1916 1191 abbas,
1987 1155 1988 1164 ,

320 1207 425 1280 niani,
451 1224 526 1270 cum
552 1209 622 1270 suis
646 1209 808 1282 ecclesiis,
833 1213 867 1272 et
890 1211 1110 1288 pertinentiis.
1166 1211 1341 1274 dummodo
1365 1213 1409 1274 sit
1431 1212 1613 1292 presbyter,
1638 1214 1679 1276 de
1702 1217 1809 1277 nostra
1831 1217 1919 1292 poterit
1987 1265 1988 1274 ,

318 1305 526 1383 magianum,
548 1323 622 1368 cum
651 1307 721 1368 suis
740 1307 950 1385 pertinentiis
970 1309 1005 1371 in
1029 1309 1114 1371 ciri·
1166 1309 1384 1387 indulgentia,
1397 1327 1497 1388 quum
1511 1327 1647 1374 necesse
1662 1312 1769 1385 luerit,
1785 1313 1916 1375 exhibere

318 1405 387 1465 tate
411 1404 576 1477 Golorum,
599 1421 673 1468 cum
695 1405 764 1466 suis
784 1406 945 1480 ecclesiis,
962 1408 995 1468 et
1014 1405 1114 1484 perti·
1167 1409 1226 1469 Cui
1243 1407 1460 1470 benedicendi
1476 1409 1576 1470 etiam
1597 1409 1797 1484 indumenta,
1819 1427 1878 1489 que
1891 1412 1919 1473 ad

321 1501 455 1564 uentiis.
481 1502 655 1565 Civitatem
681 1503 934 1578 Stertiniauam,
955 1519 1029 1566 oum
1055 1521 1113 1567 ec·
1168 1521 1263 1566 usum
1283 1505 1399 1567 altaris
1421 1507 1455 1566 in
1476 1505 1591 1568 eodem
1612 1508 1810 1569 monasterio
1829 1507 1920 1569 luerint

319 1599 421 1662 clesia
438 1601 550 1664 Sancti
564 1599 739 1674 iohannis,
754 1602 787 1664 et
801 1601 887 1670 lanu,
904 1605 937 1665 et
951 1603 1021 1663 suis
1037 1618 1115 1680 per·
1167 1601 1357 1664 necessaria
1385 1602 1598 1664 concedimus
1622 1605 1820 1681 potestatem.
1843 1607 1922 1666 luter-

318 1697 479 1760 tluentlls.
492 1700 528 1759 ln
539 1697 732 1776 episcopatu
742 1699 922 1761 Narniensi
936 1700 1112 1762 ecclesiam
1166 1698 1307 1760 dicimus
1323 1715 1452 1778 quoque
1468 1701 1623 1778 prasenti
1639 1701 1780 1774 decreto,
1795 1705 1826 1762 ut
1840 1703 1920 1762 nullus

320 1794 432 1857 Sancti
443 1795 574 1857 Nicolai
584 1796 624 1857 de
636 1797 746 1858 Monte
757 1797 947 1859 Masclario.
960 1799 1113 1860 Castrum
1166 1797 1301 1858 omniuo
1315 1797 1388 1858 siue
1403 1798 1540 1875 speciali
1555 1798 1711 1862 mandato
1726 1799 1853 1862 Romani
1865 1802 1923 1860 Pon·

319 1891 452 1962 Raiani,
468 1909 543 1954 cum
559 1895 628 1954 suis
648 1894 868 1972 pertinentiis,
884 1895 917 1956 et
938 1895 1111 1956 castellum
1166 1893 1265 1956 tiliois
1290 1895 1324 1956 in
1350 1894 1515 1968 abbatem,
1543 1898 1576 1958 et
1605 1897 1784 1959 monachos
1812 1897 1922 1973 ejusden

317 2005 455 2062 norum,
483 1991 516 2052 et
543 1993 688 2052 castrum
722 1991 891 2053 Formelli.
928 1992 1112 2054 Ecclesiam
1166 1993 1325 2066 coenobii,
1353 1993 1387 2055 et
1409 1993 1444 2054 in
1468 2009 1507 2055 eo
1534 1997 1788 2066 commorantes,
1814 2009 1921 2070 suspen·

320 2087 432 2149 Sancti
446 2087 598 2165 Benigni,
613 2105 687 2150 oum
702 2089 912 2166 pertinentiis
928 2091 1009 2162 suis,
1027 2090 1112 2152 hos·
1167 2091 1283 2163 sionis,
1307 2090 1359 2152 vel
1385 2091 1740 2153 excommunicationis
1766 2091 1923 2153 maeotim
1988 2097 1989 2162 ξ

318 2185 419 2261 pitale
441 2185 481 2247 de
504 2186 599 2258 Raio,
621 2203 694 2248 cum
716 2187 929 2264 pertinentiis
947 2187 1028 2249 suis.
1046 2191 1111 2252 ltc-
1166 2189 1393 2268 promulgare,
1419 2189 1471 2250 rel
1501 2205 1558 2250 eos
1584 2190 1625 2250 ad
1654 2189 1811 2268 synodum
1835 2205 1923 2250 rmore
1988 2271 1989 2274 Ἴ

319 2282 456 2346 clesiam
472 2285 586 2347 Sancti
601 2285 719 2361 Augeli
734 2284 774 2347 de
786 2284 938 2359 Scholea,
950 2301 1024 2346 oum
1036 2302 1114 2364 per-
1166 2287 1353 2363 praesumat.
1382 2287 1446 2348 Sed
1468 2301 1576 2364 neque
1600 2287 1753 2360 clericos,
1776 2287 1924 2364 prasertim
1988 2325 1989 2356 1

317 2381 467 2444 tinentiis
483 2381 566 2444 suis.
583 2383 794 2446 Medietatem
808 2383 910 2446 totius
933 2383 1026 2446 tundi
1042 2387 1112 2447 Va·
1166 2383 1311 2455 Oblatas,
1336 2383 1371 2446 in
1392 2383 1468 2446 eliis
1487 2385 1639 2446 ecclesiis
1658 2386 1882 2462 permanentes,
1900 2383 1923 2443 iu
1988 2405 1989 2414 ¹

318 2479 449 2552 leriaui,
467 2497 540 2542 cum
554 2479 729 2543 medietate
740 2481 853 2554 turris,
869 2483 902 2544 et
913 2481 1110 2556 castellaris,
1166 2480 1284 2564 quibus
1313 2497 1379 2542 non
1410 2481 1452 2542 ad
1481 2482 1673 2560 episcopos,
1702 2483 1758 2544 sed
1784 2482 1821 2543 ad
1844 2481 1924 2558 ipsun

318 2577 351 2638 et
380 2575 532 2640 omnibus
570 2579 779 2655 pertinentiis
819 2579 899 2641 suis.
930 2581 1112 2642 Ecclesiam
1165 2578 1316 2640 abbatem
1338 2579 1513 2652 institutio,
1530 2581 1563 2642 et
1577 2580 1758 2650 destitutio,
1774 2593 1925 2641 acmmeo·

320 2675 431 2736 Sancti
448 2673 567 2737 Leonis
583 2676 623 2737 de
635 2677 847 2753 Leprinieno,
863 2693 936 2738 cum
950 2679 1021 2738 suis
1038 2695 1112 2756 per-
1164 2677 1211 2740 tio
1224 2676 1430 2752 dignoscitur
1444 2677 1620 2755 pertinere.
1637 2677 1772 2750 Quodsi
1787 2677 1924 2754 quisquam

319 2772 479 2834 tinentiis.
497 2776 649 2836 Castrum
669 2773 754 2850 quod
773 2777 911 2836 vocatur
925 2776 1112 2853 Morlupum
1164 2775 1200 2836 in
1226 2790 1283 2836 eos
1303 2773 1494 2853 hujusmodi
1520 2776 1703 2836 sententias
1726 2773 1924 2853 promulgaret

319 2885 393 2930 cum
406 2870 475 2930 suis
486 2869 896 2948 pertinentiislicolesiam
904 2873 1016 2936 Sancti
1025 2875 1113 2935 Lau-
1165 2872 1244 2933 illas
1262 2871 1471 2935 decernimus
1485 2871 1609 2945 irritas,
1625 2873 1659 2934 et
1670 2873 1798 2934 inanes.
1812 2870 1926 2932 oueune

319 2967 420 3028 rentii
446 2969 540 3030 extra
567 2969 712 3030 castrum
739 2969 910 3042 nivitsllae,
941 2987 1015 3032 oum
1042 2972 1111 3032 suls
1164 2986 1246 3032 vero
1266 2969 1414 3048 ejusdem
1434 2970 1499 3032 loci
1520 2970 1648 3042 abbate,
1672 2971 1784 3032 nullus
1809 2969 1847 3030 ibi
1866 2981 1927 3044 qua·

318 3065 541 3142 pertiuentiis.
555 3067 666 3128 Romae
681 3067 858 3129 ecclesiam
874 3069 987 3130 Sancti
1007 3069 1111 3131 Nico·
1166 3067 1245 3130 libet
1257 3067 1393 3142 astutia,
1409 3083 1468 3130 seu
1478 3068 1637 3130 violentia
1652 3071 1865 3146 praepouatur3
1879 3061 1925 3124 uisi

317 3163 362 3223 lai
385 3162 425 3225 de
447 3165 577 3224 Forma.
604 3162 784 3226 Ecclesiam
810 3165 922 3227 Sancti
943 3165 1052 3243 Sergii
1076 3167 1110 3227 in
1165 3181 1261 3243 quem
1281 3165 1401 3227 iratres
1425 3166 1592 3228 communi
1613 3181 1791 3238 consensu,
1816 3163 1861 3226 rel
1877 3163 1927 3222 na·

319 3259 458 3321 Subura.
488 3260 654 3321 Piscarias
674 3260 708 3320 in
731 3259 878 3333 flumine,
899 3262 934 3322 in
958 3261 1030 3324 loeo
1054 3264 1110 3340 qui
1165 3265 1251 3324 mum
1280 3278 1357 3340 pars
1377 3266 1485 3341 major
1505 3263 1638 3326 consilii
1659 3263 1812 3336 sanioris,
1836 3273 1926 3322 secuu-

318 3356 439 3419 dicitur
458 3359 670 3431 Marmorata,
697 3357 831 3430 Audita,
853 3359 1058 3432 flammicam,
1079 3361 1112 3422 et
1165 3360 1242 3421 dum
1259 3360 1317 3421 Dei
1332 3359 1497 3433 timorem,
1521 3361 1553 3422 et
1567 3359 1656 3422 beati
1675 3360 1838 3424 Benedicti
1852 3371 1926 3432 regu·
1989 3387 1990 3458 l

317 3457 461 3528 Pastum,
483 3458 516 3517 et
536 3455 621 3517 alias
645 3455 680 3516 in
704 3455 818 3518 eodem
840 3455 976 3518 flumine
996 3457 1110 3520 subtus
1164 3458 1230 3518 lam
1259 3457 1299 3520 de
1325 3459 1400 3535 ipsa
1433 3458 1703 3534 congregatione,
1735 3459 1764 3519 si
1788 3453 1926 3520 mmeuin
1989 3485 1990 3548 3

317 3555 464 3614 Romam.
494 3553 692 3632 Passiones,
723 3555 755 3615 et
784 3553 908 3627 hortos,
936 3558 969 3617 et
1000 3557 1110 3617 omnia
1164 3568 1203 3614 ea
1230 3567 1289 3630 per
1314 3552 1595 3614 examinationem
1622 3553 1764 3616 Romani
1791 3549 1927 3614 Pontincis

315 3667 389 3727 quae
408 3651 496 3712 intra
517 3649 650 3723 Urbem,
668 3653 701 3712 et
718 3653 813 3714 extra
833 3651 920 3714 idem
936 3655 1109 3716 monaste·
1164 3649 1350 3729 reperiatur
1364 3650 1514 3722 idoneae,
1531 3650 1689 3712 duxerint
1703 3650 1885 3728 eligendum.
1901 3645 1926 3706 Si

314 3747 402 3808 rium
417 3748 566 3810 noscitur
582 3747 742 3830 obtinere.
1164 3763 1254 3817 vero,
1271 3747 1355 3825 quod
1372 3746 1469 3820 absit,
1497 3747 1532 3808 in
1549 3748 1664 3810 eodem
1680 3747 1868 3810 monasterio
1880 3757 1926 3803 uon

353 3845 401 3907 Ad
418 3846 489 3908 haec
504 3845 685 3918 libertates,
709 3848 742 3908 et
761 3847 985 3909 immanitates
1003 3847 1110 3910 eidem
1165 3845 1268 3922 possit
1304 3845 1477 3923 quisquam
1514 3845 1653 3907 idoneus
1688 3845 1842 3926 reperiri;
1869 3843 1928 3903 tunc

313 3943 554 4005 monasterioa
582 3943 882 4021 praedecessoribus
904 3946 1027 4026 postris
1051 3945 1109 4006 in·
1147 3937 1332 4006 'Romanus
1362 3942 1516 4005 Pontifex
1538 3943 1580 4007 de
1601 3943 1668 4005 alia
1692 3942 1925 4020 congregatione,

313 4041 438 4116 duitas;
463 4040 677 4102 rationabiles
702 4057 832 4118 quoque
854 4042 1109 4105 eonsuetudines
1164 4039 1300 4118 praelato
1311 4041 1513 4102 monasterio
1526 4043 1927 4120 personamidoneampra

315 4135 475 4198 hacteuus
497 4137 689 4200 observatas
711 4140 905 4200 auctoritate
920 4141 1109 4218 Apostolica
1164 4138 1253 4199 liciat
1267 4139 1301 4199 iu
1317 4137 1479 4200 abbatem.
1506 4140 1671 4201 Praeterea
1685 4133 1928 4201 felicisrecorda·

314 4236 557 4298 confirmamus.
586 4236 766 4298 Statulmus
788 4237 934 4314 iusuper,
961 4240 997 4299 ut
1018 4254 1108 4316 prae·
1163 4235 1263 4297 tionis
1285 4237 1437 4312 Gregorii
1452 4239 1480 4298 V
1493 4238 1557 4298 ΡΡ.
1579 4235 1829 4314 praedecessoris
1848 4227 1927 4293 uonri

312 4333 416 4394 latum
427 4332 675 4406 monasterium,
693 4333 775 4394 nulli
789 4349 925 4410 prorsus
935 4335 971 4396 in
983 4335 1107 4414 aliquo,
1162 4333 1312 4410 vestigiis
1323 4333 1536 4408 inhaerentes,
1547 4335 1747 4397 remittimus
1759 4327 1927 4395 monasterio

314 4431 377 4492 nisi
403 4433 552 4494 Romano
578 4433 703 4493 tantum
729 4432 881 4494 Pontltlci
903 4432 945 4494 sit
974 4433 1109 4510 subjec·
1163 4433 1343 4494 memorato
1366 4429 1523 4504 debitum,
1544 4432 1626 4503 vini,
1644 4433 1762 4504 verris,
1785 4434 1816 4493 et
1831 4440 1926 4494 rauce.

311 4532 396 4606 tum;
414 4545 474 4590 uec
489 4529 535 4591 ibi
548 4529 681 4607 aliquis,
696 4531 913 4608 praeteream,
928 4530 1110 4614 quamlibet
1163 4530 1249 4610 quod
1266 4529 1411 4607 antiquis
1435 4529 1638 4607 temporibus
1661 4523 1926 4608 praedecessoribus

307 4627 574 4707 jurisdictionem
591 4629 756 4700 exerceat,
780 4628 838 4690 aut
861 4628 1006 4706 aliquam
1021 4645 1108 4690 ren·
1162 4627 1284 4690 nostris
1309 4631 1528 4689 consueverat
1555 4627 1723 4704 exhiberi3
1754 4626 1848 4689 saluis
1869 4635 1928 4699 gra·

311 4727 398 4788 dicet
412 4726 617 4803 potestatem.
642 4725 760 4788 Abbati
780 4739 859 4788 vero
879 4726 985 4803 ipsius
1003 4741 1107 4788 rene-
1162 4724 1255 4787 tultis
1277 4723 1455 4802 obsequiis,
1479 4727 1512 4788 et
1531 4726 1700 4787 eonsuetis
1720 4723 1852 4790 exeniis,
1872 4729 1925 4796 (111ae

314 4823 426 4885 rabilis
451 4824 527 4895 loci,
559 4825 732 4902 praesentis
755 4823 921 4902 privilegii
956 4825 1106 4886 auctori·
1161 4824 1196 4884 in
1207 4822 1290 4888 testo
1301 4822 1504 4895 Natiuitatis,
1519 4828 1551 4885 et
1566 4822 1828 4885 Resurrectionis
1839 4813 1926 4881 Domi·

243 4961 245 4966 ·
310 4923 388 4993 tate,
401 4921 624 4994 concedimus,
642 4922 677 4984 at
689 4923 728 4984 ad
741 4922 913 4994 honorem,
930 4923 962 4984 et
977 4922 1107 4984 laudem
1161 4923 1256 4993 nlcae,
1273 4919 1471 4998 Apostollcee
1483 4920 1560 4983 Sedi
1575 4919 1864 4982 debentannuatim
1877 4913 1924 4974 in·

309 5019 480 5094 ultissimi,
502 5035 577 5080 cum
596 5019 706 5091 mitra,
729 5021 762 5082 et
776 5019 911 5091 annulo,
933 5019 1104 5093 sandaliis,
1161 5017 1270 5096 pendi.
1291 5019 1404 5082 Liceat
1424 5033 1552 5096 quoque
1574 5018 1697 5092 abbati,
1724 5021 1758 5080 et
1780 5005 1924 5078 conventui

308 5117 433 5189 tunica,
459 5114 647 5188 dalmatica,
669 5118 845 5180 missarum
870 5117 1031 5182 solemnia
1046 5133 1106 5196 pro
1160 5117 1552 5189 monasterlimemoratl,
1567 5115 1706 5179 fratrum
1721 5103 1924 5178 suorumtesti·

309 5219 375 5278 tuae
397 5214 541 5277 celebret
566 5215 753 5276 reverentia
774 5215 970 5287 sanctitatis,
998 5218 1030 5278 et
1051 5232 1107 5278 as·
1161 5213 1328 5277 moniisin
1344 5213 1486 5293 propriis
1502 5215 1614 5276 causis
1638 5215 1698 5287 uti,
1722 5215 1791 5276 sire
1808 5207 1922 5272 civilem.

308 5313 393 5376 tanti
417 5313 518 5386 clero,
545 5327 584 5374 ac
606 5311 726 5390 populo
748 5310 931 5375 benedicat.
959 5316 1007 5374 lta
1032 5313 1107 5391 qui·
1160 5313 1231 5374 sive
1259 5311 1465 5376 criminalem
1496 5313 1689 5376 contineant
1724 5309 1922 5388 questionem

310 5413 394 5482 dem,
413 5416 448 5473 ut
469 5412 498 5472 si
513 5427 572 5488 per
589 5426 707 5471 manus
722 5411 863 5472 Romani
881 5411 1052 5473 Pontificis
1070 5411 1106 5473 in
1161 5427 1202 5473 ue
1228 5427 1288 5488 pro
1308 5409 1435 5472 delectu
1459 5411 1603 5482 testium,
1631 5413 1687 5488 Jus
1709 5423 1818 5471 eorum
1839 5397 1924 5464 raleii

310 5509 514 5572 sacerdotem
534 5509 633 5571 luerit
659 5508 842 5579 ordinatus,
871 5525 971 5586 super
998 5513 1106 5586 majus
1160 5508 1323 5586 deperire.
1338 5509 1483 5570 Clericos
1493 5507 1606 5580 etiam,
1621 5509 1692 5570 sire
1706 5507 1805 5568 laicos
1816 5500 1922 5564 liberos·

309 5605 414 5668 altare
434 5603 601 5666 licentiam
619 5603 740 5666 babeat
760 5603 959 5666 celebrandi.
983 5605 1107 5667 Conse·
1160 5609 1192 5668 et
1220 5604 1388 5668 absolutos
1412 5621 1430 5667 e
1457 5606 1581 5668 saeoulo
1607 5605 1769 5682 rugientes
1794 5599 1872 5662 licite
1892 5589 1922 5652 ad

311 5703 475 5767 crationes
498 5688 607 5766 autom
626 5702 794 5774 altarium,
820 5703 852 5766 et
880 5701 1105 5768 ordinationes
1160 5703 1409 5768 consensionem
1424 5703 1598 5782 recipiant,
1621 5704 1654 5766 et
1668 5717 1724 5766 eos
1747 5699 1858 5777 absque
1873 5689 1921 5754 all·
