4072 6314
87 362 150 424 005
724 309 952 416 arrsronm.
977 357 1132 452 murt
1688 360 1748 424 000
1845 389 1847 394 .

93 522 216 582 Nonne
230 517 310 580 saul
324 531 385 596 per
398 513 657 580 inobedientiam
671 529 812 593 regnum
833 514 894 578 de·
947 513 1004 577 sed
1025 513 1067 576 ab
1089 514 1163 594 ipso
1183 516 1251 580 Deo
1274 512 1410 579 bomine
1431 516 1511 578 Jesu
1534 515 1676 591 Christo,
1700 519 1750 582 sic

88 616 215 678 meruit
227 616 327 693 etper
336 611 825 676 obedientiambenedictionem
834 613 894 675 ob-
948 612 1159 675 contemnere
1179 611 1375 690 jussionem.
1402 615 1525 675 Verum
1551 615 1663 676 tamen
1690 615 1751 678 ad-

88 715 196 777 tinuit
207 712 386 786 Abrabam,
402 712 434 775 et
448 711 663 790 multiplicari
672 727 784 774 semen
798 727 893 772 suum
913 699 917 752 j
947 709 1012 772 buc
1036 710 1071 771 in
1096 709 1243 772 lenitatis
1271 709 1391 787 spiritu
1428 711 1574 788 experiri
1600 713 1750 776 volentes

90 809 265 874 sicntcoeli
278 810 393 872 stellas
408 811 441 872 et
455 824 569 872 omnes
583 811 699 886 gentes
714 808 748 870 in
764 823 825 871 suo
840 824 895 869 se-
914 853 916 861 .
948 808 1059 870 utrum
1074 808 1145 869 haec
1160 806 1347 885 objurgatio
1369 807 1432 869 sibi
1452 808 1580 871 dederit
1599 809 1752 872 intellec-

92 909 184 971 mine
198 908 370 970 benedicit
390 909 510 975 «Quia
532 909 684 980 caecata,
709 907 756 969 ait
781 906 896 968 Domi·
914 909 917 959 ἰ
947 907 1029 978 tum,
1053 907 1112 968 aut
1132 922 1175 968 an
1190 904 1251 978 sal,
1268 905 1355 983 quod
1369 907 1420 968 est
1438 905 1510 983 ipse
1525 907 1632 969 salliri
1647 909 1753 986 possit

90 1023 168 1080 nus,
184 1010 259 1069 0001
281 1021 369 1068 meae
388 1006 680 1086 teneatueatarta
694 1002 895 1086 tesserariae
949 1003 984 1064 in
999 1003 1122 1080 aliquo,
1139 1004 1192 1065 vel
1207 1001 1255 1066 sic
1270 1004 1444 1066 evanuerit
1458 1019 1501 1066 ex
1512 1004 1580 1068 toto
1596 1006 1682 1083 quod
1707 1006 1749 1067 ad

39 1091 45 1100 '
92 1119 216 1166 omnes
234 1104 364 1181 qeates.
380 1119 398 1164 s
915 1160 917 1170 ,
950 1100 1092 1162 nihilum
1107 1101 1194 1163 ultra
1209 1101 1332 1171 valeat,
1347 1103 1545 1180 Apostolicis
1560 1119 1636 1164 eum
1652 1104 1752 1165 dusi-

134 1203 297 1264 Miramur
316 1217 397 1262 sane
418 1216 484 1263 non
498 1200 664 1263 modicum
679 1200 712 1262 et
725 1213 897 1262 movemur
951 1215 1024 1260 mus
1038 1199 1160 1261 litteris
1174 1199 1398 1272 excitandum,
1410 1200 1446 1261 in
1458 1200 1581 1262 virtute
1596 1200 1750 1263 obedien-

92 1299 194 1376 quod,
212 1299 298 1361 sicut
320 1315 362 1360 ex
382 1300 478 1376 parte
503 1298 636 1360 dilectae
662 1297 793 1359 Christo
819 1297 896 1356 filiae
951 1296 1006 1358 tiae
1020 1296 1083 1374 ipsi
1098 1297 1247 1362 districte
1259 1296 1493 1376 praecipienda,
1505 1298 1700 1361 mandantes
1717 1302 1752 1361 ut

90 1397 218 1458 nobilis
233 1395 383 1458 mulieris
395 1399 432 1458 Β.
447 1395 625 1459 comitissae
636 1395 826 1474 Campaniae
836 1393 899 1472 fuit
951 1395 1019 1457 tam
1033 1394 1195 1456 Erardum
1218 1396 1252 1457 et
1274 1394 1463 1475 Philippam
1482 1395 1648 1473 praefatos,
1671 1413 1753 1474 quos

92 1494 300 1572 propositum
316 1509 429 1556 coram
453 1494 560 1566 nobis,
578 1509 678 1570 quum
700 1492 763 1554 sibi
778 1493 810 1556 et
822 1492 898 1554 aliis
952 1507 1013 1553 nos
1028 1492 1389 1554 excommunicavimus
1402 1493 1661 1571 proptereorum
1672 1509 1754 1556 con-

93 1591 262 1670 episcopis
276 1592 373 1668 regni
388 1592 538 1653 Franciae
553 1590 741 1653 dederimus
756 1591 792 1652 in
807 1605 898 1667 prae-
952 1589 1131 1651 tumaciam
1159 1589 1379 1662 manifestam,
1403 1591 1626 1668 praecipiendo
1649 1591 1754 1652 nihil-

93 1690 201 1767 ceptis
223 1691 260 1751 nt
281 1688 443 1750 Erardum
467 1688 508 1750 de
521 1690 631 1751 Brena
650 1689 683 1750 et
697 1688 896 1766 Philippum,
953 1687 1084 1749 ominus
1109 1686 1265 1764 praefatas
1286 1688 1468 1750 sententias
1486 1687 1625 1750 firmiter
1639 1689 1755 1751 obser-

93 1788 128 1849 si
155 1786 240 1849 forte
267 1786 383 1848 contra
411 1785 569 1848 dilectum
596 1786 719 1859 fllium,
754 1784 899 1847 nobilem
952 1784 1027 1847 vari
1040 1787 1138 1862 prout
1151 1785 1187 1846 in
1200 1785 1413 1861 generalibus
1427 1785 1548 1848 litteris
1562 1786 1754 1848 continetur

94 1883 220 1952 virum,
248 1885 284 1944 Τ.
314 1885 512 1945 Trecensem
538 1883 692 1944 comitem
718 1896 900 1958 praesume-
954 1898 1052 1959 quam
1082 1897 1196 1944 omnes
1228 1881 1404 1960 praedictos
1432 1884 1557 1946 arctius
1596 1883 1754 1962 tanquam

96 1979 376 2057 rentmafignari,
395 1981 499 2042 Deum
514 1979 666 2042 habendo
690 1993 759 2057 prae
782 1976 897 2050 oculis,
954 1980 1257 2041 excommunicatos
1276 1980 1417 2054 evitans,
1440 1979 1595 2057 praefatas
1618 1980 1756 2044 senten-

95 2077 231 2139 sublato
246 2076 424 2154 cujuslibet
447 2076 719 2143 contradictionis
736 2074 899 2152 etappel-
954 2077 1086 2150 tentiae,
1110 2077 1229 2154 gratia,
1253 2077 1329 2140 odio
1355 2081 1388 2141 et
1407 2079 1526 2141 timore
1550 2080 1753 2158 postpositis,

94 2174 235 2236 lationis
271 2174 458 2248 obstaculo,
498 2173 725 2236 ecclesiastica
759 2187 899 2236 censura
955 2175 1096 2251 singulis
1108 2174 1224 2238 diebus
1235 2176 1409 2239 dominicis
1420 2177 1452 2238 et
1465 2177 1603 2250 festivis
1615 2177 1755 2255 pulsatis

96 2270 366 2349 compescerent;
382 2272 470 2334 idem
499 2272 691 2348 episcopus,
706 2285 773 2331 non
794 2269 901 2331 solum
955 2274 1125 2350 campanis
1140 2278 1173 2336 et
1193 2273 1340 2335 candelis
1361 2274 1523 2348 accensis,
1549 2274 1754 2347 solemniter,

97 2369 134 2430 id
159 2369 298 2448 exsequi
312 2385 379 2431 non
394 2369 533 2443 curavit,
550 2369 629 2430 licet
642 2368 730 2429 idem
741 2367 899 2440 Erardus,
955 2370 1085 2432 sublato
1105 2371 1339 2448 appellationis
1363 2371 1545 2444 obstaculo,
1563 2371 1708 2449 publicet
1722 2374 1755 2435 et

98 2465 378 2528 cumfautoribus
393 2467 474 2540 suis,
490 2467 526 2528 in
540 2468 662 2528 terram
675 2465 823 2544 ejusdem
838 2479 900 2526 co·
956 2467 1057 2531 faciat
1075 2468 1111 2530 in
1131 2468 1282 2531 ecclesiis
1300 2469 1364 2530 sibi
1383 2468 1523 2531 subditis
1537 2469 1634 2532 modo
1652 2468 1757 2531 simili

96 2563 193 2626 mitis
207 2564 368 2626 nonnulla
384 2562 574 2626 exercuerit
587 2562 742 2626 incendia
753 2563 786 2624 et
809 2561 903 2638 rapi·
956 2564 1137 2642 publicari,
1167 2565 1393 2649 denuntiando
1408 2565 1628 2628 nihilominus
1667 2566 1754 2645 quod

100 2677 177 2733 nas,
204 2677 320 2723 rerum
346 2662 457 2736 etiam,
483 2677 558 2723 cum
573 2660 775 2724 venerabilis
798 2659 903 2722 frater
956 2661 1063 2724 dictus
1078 2662 1235 2737 Erardus,
1253 2665 1387 2740 propter
1400 2665 1540 2725 nimium
1562 2679 1757 2728 excommu-

102 2760 221 2820 noster
245 2758 503 2822 silvanectensis
531 2759 706 2838 episcopus
734 2758 768 2822 et
789 2757 903 2820 dilecti
957 2760 1135 2822 nicationis
1150 2761 1384 2838 contemptum,
1407 2776 1481 2822 cum
1498 2764 1570 2840 jam
1585 2762 1629 2824 sit
1649 2761 1755 2838 ipsius

100 2855 165 2916 tilii
181 2854 283 2918 abbas
296 2857 418 2918 sanctae
434 2856 610 2918 Genovefae
631 2857 664 2919 et
677 2857 769 2934 prior
789 2854 902 2917 Sancti
957 2857 1079 2936 duplici
1101 2858 1234 2920 vinculo
1259 2858 1447 2932 innodatus,
1464 2859 1584 2936 poterit
1605 2875 1673 2921 non
1692 2859 1758 2921 im-

98 2953 242 3014 Martini
264 2953 304 3014 de
324 2953 455 3031 Campis
470 2953 684 3027 Parisiensis,
701 2952 764 3015 sibi
787 2953 904 3014 aucta-
957 2956 1074 3018 merito
1089 2953 1267 3018 formidare
1277 2972 1319 3017 ne
1334 2957 1446 3018 notam
1458 2956 1607 3019 incurrat
1619 2956 1756 3018 baereti·

100 3051 204 3113 ritate
216 3052 330 3113 nostra
342 3050 403 3112 sub
414 3067 510 3129 poena
524 3050 763 3129 suspensionis,
778 3065 904 3127 praece-
957 3055 1032 3116 ticae
1056 3053 1242 3132 pravitatis,
1272 3055 1305 3116 et
1326 3069 1386 3116 nos
1408 3055 1544 3131 propter
1557 3053 1620 3116 boc
1638 3056 1755 3116 contra

103 3149 217 3226 perint
241 3150 279 3211 ut
293 3147 454 3210 Erardum
478 3149 511 3210 et
530 3148 719 3226 Philippam
733 3146 901 3226 praefatos,
958 3168 1034 3214 eum
1042 3149 1181 3213 forsitan
1191 3151 1420 3229 procedamus,
1435 3152 1534 3227 prout
1543 3151 1658 3213 contra
1671 3150 1756 3213 tales

101 3244 263 3306 Milonem
291 3244 333 3307 de
354 3245 499 3318 Noeriis,
529 3245 686 3307 Milonem
714 3242 754 3306 de
783 3246 904 3306 sancto
959 3249 1131 3311 consuevit
1145 3249 1290 3326 procedi,
1308 3264 1409 3327 quum
1423 3249 1458 3310 in
1477 3246 1686 3325 hocnegotio
1701 3263 1756 3324 pa·

101 3343 310 3416 Florentiae,
329 3343 496 3404 Simonem
507 3342 548 3404 de
561 3342 781 3415 Glaromonte,
797 3342 907 3402 Simo-
960 3362 1031 3408 cem
1060 3347 1094 3408 et
1123 3345 1288 3423 iustitiam
1321 3345 1560 3424 amplexemur.
1594 3345 1757 3418 Quocirca

101 3439 236 3501 nemde
249 3439 429 3502 Saxofonte
445 3439 704 3517 acilaynaldum
718 3439 759 3501 de
774 3438 905 3500 Ghoisel
961 3443 1154 3507 discretioni
1178 3445 1298 3506 vestrae
1324 3459 1384 3520 par
1413 3443 1604 3521 Apostolica
1634 3442 1758 3520 scripta

103 3535 285 3612 diligenter
307 3538 458 3598 moneret
480 3536 517 3598 ut
530 3535 618 3598 infra
633 3535 822 3613 quindecim
835 3535 905 3596 dies
961 3541 1155 3602 mandamus
1183 3541 1357 3618 quatenus,
1390 3541 1420 3601 si
1446 3541 1554 3603 dictus
1583 3541 1757 3618 episcopus

102 3633 232 3696 inirent
254 3633 405 3714 treugam
420 3649 495 3696 cum
510 3634 679 3696 comitissa
702 3633 860 3712 praedicta
874 3633 907 3694 et
961 3638 1160 3716 praeceptum
1189 3639 1338 3700 nostrum
1359 3637 1544 3714 neglexerit
1564 3636 1757 3714 adimplere,

102 3733 144 3793 T·
162 3731 241 3793 113ῒο
255 3731 372 3809 ipsius,
389 3747 493 3809 118111ιθ
507 3731 549 3793 ad
563 3733 693 3807 tempus
707 3730 743 3791 1¹1
757 3729 907 3806 generali
961 3750 1020 3799 vos
1038 3735 1170 3798 eumad
1190 3734 1262 3796 haec
1276 3751 1336 3812 per
1359 3750 1491 3812 poenam
1517 3733 1757 3812 suspensionis,

104 3827 259 3892 Concilio
274 3827 465 3902 diffinitum,
477 3829 624 3907 alioquin
639 3829 731 3905 ipsos
746 3829 778 3889 et
793 3843 907 3889 eorum
962 3831 1092 3893 sublato
1105 3831 1282 3910 cujuslibet
1301 3831 1575 3894 contradictionis
1592 3831 1625 3893 et
1644 3831 1761 3909 appel-

104 3927 142 3988 10
169 3925 233 3988 bac
247 3927 341 4005 parte
352 3926 500 3989 fautores
523 3924 826 4014 excommunicatos
841 3941 907 4003 pu·
962 3929 1096 3993 lationis
1109 3927 1292 4002 obstacula,
1306 3929 1525 4006 compellatis,
1537 3928 1569 3990 et
1580 3943 1642 3990 nos
1660 3928 1760 3991 etiam

103 4025 195 4086 blice
218 4025 399 4098 nuntiaret,
416 4025 449 4086 et
462 4039 577 4087 eorum
593 4025 701 4086 terras
721 4022 908 4100 suppositas
963 4043 1081 4089 manus
1096 4027 1227 4090 nostras
1240 4027 1275 4088 in
1287 4042 1363 4088 eum
1371 4027 1484 4090 taliter
1498 4041 1683 4102 aggravare
1697 4042 1758 4087 cu-

106 4120 304 4197 interdicto;
329 4123 407 4184 licet
421 4123 463 4184 ad
487 4121 665 4184 ineundam
686 4121 837 4197 treugam
852 4136 909 4182 eos
963 4124 1122 4187 rabimus.
1134 4123 1224 4197 Quod
1232 4123 1459 4202 experimento
1472 4125 1648 4200 cognoscet
1660 4140 1760 4202 quam

107 4219 287 4291 monuerit,
308 4219 506 4296 contempsit
525 4220 561 4280 in
585 4219 661 4281 aliis
677 4220 808 4296 penitus
825 4217 908 4281 obe·
963 4222 1178 4285 temerarium
1193 4221 1237 4283 sit
1255 4222 1370 4284 contra
1386 4221 1555 4283 stimulum
1570 4221 1758 4284 calcitrare.

107 4315 192 4386 dire,
209 4314 246 4374 in
266 4314 466 4391 Apostolicae
488 4315 583 4376 Sedis
602 4315 771 4392 inJuriam,
788 4314 821 4376 et
842 4330 909 4375 non
966 4320 1058 4393 Quod
1074 4320 1180 4381 sinon
1194 4336 1308 4381 omnes
1320 4319 1363 4381 iis
1376 4318 1596 4397 exsequendis
1613 4319 1764 4396 potueri-

108 4410 218 4473 solum
240 4411 387 4489 ejusdem
405 4412 537 4474 comitis
552 4428 668 4473 verum
689 4412 790 4473 etiam
808 4411 910 4474 totius
964 4418 1009 4479 tis
1033 4417 1195 4479 interesse
1219 4416 1284 4478 duo
1305 4418 1452 4479 vestrum
1474 4432 1515 4477 ea
1542 4415 1761 4477 nibilominus

108 4509 207 4584 magni
225 4511 403 4586 jacturam,
424 4509 458 4571 θῑ
478 4508 748 4588 impedimentum
773 4524 912 4570 succur·
966 4515 1202 4592 exsequantur.
1226 4514 1345 4576 Datum
1369 4511 1524 4574 Laterani
1538 4513 1582 4574 Vl
1599 4510 1761 4572 kalendas

109 4622 168 4667 811⁵
183 4605 536 4702 mihiIOmissU⁵‚T0r¹‘ae
562 4607 709 4682 Sanctaei
726 4607 825 4679 unde.
845 4606 911 4667 misi
966 4612 1138 4685 februarii,
1154 4611 1366 4691 pontificatus
1380 4610 1486 4672 nostri
1498 4624 1588 4670 anno
1604 4607 1762 4670 secunde.

109 4700 330 4762 mansuetudo
347 4702 471 4762 motum
486 4702 593 4763 nostri
605 4701 708 4762 animi
723 4702 911 4778 temperas-

108 4801 171 4868 set,
195 4799 419 4876 contemptum
433 4797 626 4874 hujusmodi
641 4798 782 4860 forsitan
800 4797 914 4861 taliter
1307 4789 1428 4877 CXVI

109 4896 334 4974 puniasemns,
347 4895 434 4973 quod
449 4898 608 4972 quantum
623 4895 667 4956 sit
679 4895 912 4958 inobedientiae

111 4993 243 5066 vitium,
260 5009 358 5070 poena
372 4994 522 5067 docente,
539 4994 765 5069 cognosceret,
782 4992 838 5070 qui
853 5009 915 5054 ne-
1255 5030 1472 5092 &cessionem

107 5091 207 5168 gligit
230 5090 314 5152 illud
340 5090 529 5169 intelligere
553 5105 612 5170 per
638 5091 854 5169 scripturam.
878 5090 914 5152 Si
1316 5149 1321 5159 ,

109 5189 201 5251 enim
229 5188 314 5250 illud
342 5190 421 5252 ante
452 5189 573 5252 mentis
601 5187 715 5251 oculos
743 5187 915 5250 habuisset
1262 5149 1462 5277 '²⁷¹⁸n·¹²¹⁸'
1690 5265 1695 5276 ¹

110 5287 197 5364 quod
209 5288 264 5350 tir
282 5288 354 5361 Dei,
371 5303 431 5367 pro
452 5303 491 5349 ee
506 5286 592 5364 quod
611 5287 648 5348 in
662 5285 776 5349 Betbel
799 5290 914 5348 contra
1007 5269 1116 5334 [311111-
1129 5267 1174 5322 ffl'·
1187 5267 1302 5334 11,ap1st.
1312 5265 1369 5318 ⁸⁶³·
1382 5267 1441 5318 ³¹⁸³·
1451 5267 1489 5318 ¹⁴³
1502 5265 1578 5318 ΡΟ*
1587 5266 1621 5318 ‘¹⁰
1635 5265 1727 5327 mat]

111 5383 374 5462 prohihitionem
399 5385 531 5448 Domini
558 5400 676 5462 panem
701 5383 852 5456 comedit,
873 5382 915 5446 ab
989 5379 1082 5450 Rogat
1094 5382 1125 5434 111
1139 5382 1254 5449 neptem
1268 5373 1394 5476 cantoris
1414 5373 1559 5432 suession.
1575 5371 1605 5429 ill
1618 5385 1747 5430 sororem

104 5471 264 5558 'ejusdem
285 5483 352 5544 leci
374 5483 536 5561 propheta
551 5483 718 5562 deceptus,
738 5484 775 5544 in
788 5481 843 5545 ria
858 5483 915 5544 in·
1292 5464 1441 5536 mmmm·

113 5581 207 5642 teriit
227 5595 247 5642 a
269 5581 366 5643 leone
390 5597 579 5658 percussus,
596 5581 737 5644 forsitan
751 5581 917 5644 timuisset
1011 5574 1189 5647 Honorius,
1206 5572 1280 5646 etc,
1298 5572 1427 5634 dilectis
1441 5571 1519 5632 filiis
1534 5569 1710 5636 abbatissae
1733 5573 1768 5634 et

113 5678 315 5754 Apostolieae
333 5679 440 5753 Sedis,
463 5695 536 5757 quae
555 5695 622 5743 non
647 5681 698 5742 est
712 5679 754 5743 ab
768 5678 914 5750 bomine,
971 5673 1148 5736 conventui
1162 5673 1270 5736 beatae
1285 5669 1400 5733 Mariae
1417 5669 1630 5732 suessionen.

967 4939 1019 4997 Aa
1032 4885 1239 4996 abbatissam
1251 4931 1284 4992 at
1298 4931 1504 4992 conventam
1519 4931 1625 4994 beata
1639 4933 1765 4994 Martae
