4014 6312
288 325 347 384 aot
904 324 1081 388 HONORII
1103 326 1148 386 111
1170 324 1318 386 OPERA.
1843 327 1884 388 aaa

288 484 401 547 tamen
413 481 628 560 dispositione
643 484 758 546 nostra
772 484 861 546 cirea
874 484 982 562 ipsum
997 485 1082 546 Car·
1177 484 1226 547 Ad
1247 480 1465 546 ecclesiastici
1488 479 1618 542 decoris
1641 480 1831 557 augmentum
1848 501 1887 548 re

288 596 367 656 pum
394 582 426 642 et
447 580 690 655 Mombarazon,
711 581 849 660 insuper
872 583 990 643 cuncta
1005 584 1084 660 jura
1139 583 1230 661 per'ta
1249 580 1325 643 sunt
1341 579 1488 655 insignia
1507 578 1712 654 dignitatum,
1725 595 1888 656 quassem-

290 678 324 738 et
336 677 495 750 redditus,
516 679 749 755 responsiones
771 681 804 741 et
820 679 1082 757 jurisdictiones,
1139 681 1253 742 sancta
1264 683 1414 740 Romana
1425 676 1574 738 Ecclesia
1583 691 1726 751 congrua
1735 677 1888 754 insingulos

289 772 446 846 bonores,
464 777 596 848 usus,et
609 775 815 852 albergarias
829 777 988 854 quaesunt
1005 775 1084 838 dicti
1139 776 1338 839 liberalitate
1353 774 1530 846 distribuit,
1546 775 1579 836 et
1590 773 1716 836 devotis
1729 774 1810 843 liliis,
1820 777 1890 852 prout

289 870 422 946 poderis
448 871 483 932 in
507 870 640 934 seudum
661 873 721 935 tibi
741 873 901 944 concessi,
920 874 953 936 et
977 873 1012 934 in
1032 873 1085 934 his
1140 874 1275 951 dignum
1284 872 1423 953 judicat,
1432 870 1610 934 obtinenda
1621 871 1774 932 concedit.
1787 873 1841 932 Nos
1849 875 1891 949 igi·

289 967 372 1030 locis
392 969 591 1048 specialiter,
609 971 678 1032 sive
697 971 918 1048 pertinentiis,
931 969 1087 1032 videlicet
1140 973 1195 1035 tur
1219 971 1369 1034 ecclesiae
1397 971 1462 1032 tuae
1489 970 1643 1030 decorem
1666 969 1754 1030 tanto
1772 969 1891 1046 ampliori

289 1064 326 1128 in
349 1067 504 1140 Sablono,
532 1069 661 1141 Gazolo,
691 1069 882 1146 Felligaria,
911 1069 1084 1140 llioltorto,
1141 1070 1317 1132 dilectione
1340 1068 1496 1140 zelantes,
1513 1068 1636 1145 quanto
1651 1066 1815 1143 specialius
1826 1067 1892 1126 illan

290 1165 478 1238 Dinazano,
508 1167 619 1229 casali
647 1183 778 1246 magno,
805 1167 914 1228 Gasali
938 1167 1085 1243 Zigonio,
1141 1168 1183 1230 ad
1207 1168 1322 1246 juset
1350 1166 1586 1245 proprietatem
1618 1163 1893 1242 apostolicaesedis

290 1264 466 1339 Tragasso,
484 1267 670 1342 Preguano,
687 1267 883 1338 CaverianO,
901 1264 1086 1337 Runcaliis,
1142 1266 1310 1328 noscimus
1331 1263 1509 1342 pertinere,
1527 1279 1624 1324 usum
1644 1261 1746 1322 mitrae
1764 1261 1794 1321 et
1809 1261 1894 1320 annuli

292 1361 427 1433 Platiae,
465 1363 574 1423 castro
608 1364 781 1432 Comusiae,
816 1367 953 1441 ejusque
982 1361 1086 1434 curia,
1141 1365 1203 1427 tibi
1222 1365 1262 1426 de
1282 1363 1485 1438 benignitate
1504 1359 1693 1438 Apostolica
1710 1357 1893 1432 indulgemus

293 1460 455 1531 Fontana,
473 1461 741 1542 Campogaliano,
757 1462 877 1523 Sancto
889 1460 1033 1524 Martino
1048 1459 1089 1520 de
1144 1463 1326 1526 statuentes
1346 1461 1382 1521 ιιι
1400 1459 1436 1522 ιιι
1455 1456 1733 1536 processionibus,
1755 1454 1866 1532 synodis
1874 1457 1897 1514 et

295 1555 357 1620 Rio
382 1557 537 1632 Sustiolo,
560 1559 689 1631 Pradis,
707 1560 876 1635 Corregia,
894 1562 1007 1630 Fossa,
1027 1559 1091 1620 Ga·
1144 1551 1894 1639 praecipuisfestivitatibuslibereutariseisdem.

284 1654 394 1726 ‚mulis
410 1655 603 1725 Miliarinia,
621 1657 838 1733 Gurgacellis
855 1657 1016 1729 Fossulis,
1029 1658 1091 1718 Bu·
1144 1657 1236 1720 Nulli
1257 1672 1348 1732 ergo,
1369 1657 1445 1728 eto,
1469 1657 1592 1716 nostrae
1615 1651 1833 1721 concessionis,
1852 1651 1896 1708 etc.

296 1752 425 1822 driono,
442 1754 581 1826 soleria,
598 1756 631 1818 et
645 1755 679 1816 in
698 1756 768 1817 toto
782 1771 821 1818 eo
837 1755 923 1833 quod
938 1758 989 1817 est
1000 1757 1092 1832 eJ'us-
1185 1755 1303 1818 Datum
1321 1752 1488 1823 Laterani,
1502 1755 1561 1814 XV
1579 1750 1737 1812 kalendas
1749 1747 1827 1820 maii,
1842 1761 1898 1823 pou

295 1850 368 1911 dem
384 1850 527 1928 poderis,
542 1853 628 1928 quod
643 1853 851 1915 detinebatur
867 1853 945 1926 ate,
960 1851 1091 1931 quando
1144 1853 1288 1916 titicatus
1301 1852 1405 1914 nostri
1420 1866 1509 1914 anno
1521 1850 1642 1927 primo.

296 1947 380 2009 illud
399 1949 475 2010 sedi
489 1950 688 2028 Apostolicae
702 1952 891 2027 resignasti,
912 1951 947 2011 in
962 1951 1093 2028 episco-

297 2046 428 2123 patibus
449 2049 665 2122 Bononiensi,
691 2049 884 2122 Mutinensi,
901 2049 1040 2125 Regino,
1060 2051 1093 2111 et
1479 2056 1615 2144 00οΠ

298 2145 483 2206 Parmensi.
500 2147 549 2206 Τιι
566 2162 645 2208 vero
665 2163 725 2224 pro
738 2147 835 2208 leudo
849 2148 922 2225 ipso
937 2147 1043 2220 nobis,
1060 2147 1092 2209 et

297 2242 455 2304 Ecclesiae
489 2245 646 2306 Romanae
685 2245 905 2322 quadraginta
937 2246 1092 2306 marchas
1147 2248 1199 2309 Ad
1218 2246 1420 2306 ministrum
1444 2243 1478 2305 et
1496 2242 1632 2318 fratres
1654 2241 1796 2302 eoeaesioe
1814 2235 1901 2298 soluti

297 2340 428 2416 argenti
440 2341 475 2401 in
490 2341 573 2403 sesto
588 2343 736 2404 omnium
751 2345 947 2405 Sanctorum
959 2343 1093 2405 nomine
1190 2347 1326 2405 Tdomce
1337 2345 1378 2403 cte
1392 2344 1532 2404 aaronis
1546 2339 1656 2411 ιινῠιι,
1672 2337 1794 2399 ordinis
1805 2333 1902 2396 scitoto

298 2453 418 2499 census
433 2440 605 2501 annuatim
620 2441 784 2513 exsolves
800 2442 983 2503 serviturus
997 2441 1095 2503 ιιιιιιι-
1190 2441 1383 2504 Trinitatis.

298 2538 429 2598 ominus
463 2537 530 2600 tuis
550 2536 733 2615 sumptibus
759 2539 795 2600 in
824 2538 1034 2610 Lombardia,
1061 2538 1094 2599 et
1442 2561 1475 2620 ῃ
1490 2575 1550 2635 ψ,
1569 2560 1651 2618 1²17.

298 2635 462 2696 Romania
494 2651 568 2696 cum
595 2636 727 2696 centum
752 2636 913 2698 militibus
943 2637 978 2696 in
1006 2636 1094 2698 valle

300 2732 491 2810 spoletana,
506 2733 560 2793 vel
581 2733 731 2794 Marohia
750 2750 825 2794 cum
843 2734 1092 2813 quinquaginta,

299 2828 340 2890 ab
356 2828 445 2890 Urbe
457 2829 578 2901 autem,
598 2829 630 2890 et
646 2829 733 2890 inira
748 2846 865 2892 versus
880 2831 1092 2904 Maritimam,
1148 2847 1306 2907 Nonnullflg
1338 2847 1552 2920 pomponam,
1586 2859 1662 2917 quas
1697 2841 1807 2900 ecelesia
1834 2833 1902 2894 sanci

300 2943 359 3004 per
380 2927 605 3004 Campaniam,
630 2927 788 2990 ettotam
811 2944 950 3006 regnum
971 2927 1094 2990 Siciliae
1183 2936 1301 2994 Thomas
1318 2935 1354 2993 de
1367 2936 1477 2996 Formis
1489 2933 1599 2992 restitui
1619 2932 1804 2998 mandaverat,
1817 2925 1900 2999 ipsiec·

300 3041 374 3087 cum
389 3025 521 3101 vrgrnt1
539 3041 598 3102 per
614 3041 761 3088 mensem
778 3026 954 3103 integrum,
977 3026 1095 3102 singu·
1184 3027 1280 3091 clasiae
1294 3025 1453 3084 confirmat.

299 3121 342 3184 lis
357 3124 465 3196 annis,
488 3123 760 3200 quandocumque
783 3122 887 3185 fueris
902 3125 1092 3200 requisitus,

300 3221 623 3297 temporeveniendi,
635 3220 1096 3283 etrecedendiminimecom-
1190 3225 1357 3288 Honorius
1366 3239 1551 3302 epascopus
1562 3237 1682 3285 servus
1692 3231 1842 3282 servorum
1851 3210 1901 3281 lter

300 3318 426 3395 putato,
445 3334 484 3378 ac
510 3317 628 3380 deinde
655 3319 813 3396 quantum
846 3319 1002 3379 Ecclesiae
1027 3322 1097 3382 Ro·
1150 3325 1279 3394 dilectis
1299 3323 1376 3384 liliis
1391 3321 1543 3384 ministro
1564 3322 1597 3382 et
1618 3319 1772 3382 iratribus
1788 3310 1903 3376 ecclesie

298 3430 407 3476 manae
424 3415 608 3492 placuerit
599 3433 635 3476 m
645 3416 913 3493 eJusdemtamen
926 3432 1092 3493 expensis.
1152 3423 1264 3486 sancti
1238 3421 1425 3485 t'rhomae
1450 3417 1491 3480 do
1519 3419 1652 3481 Formis
1680 3414 1782 3486 urhis,
1810 3406 1903 3473 ordinis

301 3513 517 3574 Decernimus
529 3528 619 3588 ergo,
634 3513 670 3575 ut
680 3513 763 3575 nulli
777 3514 912 3575 omnino
924 3513 1095 3576 bominum
1151 3521 1281 3583 sanotae
1295 3519 1468 3580 Trinitatis
1481 3518 1514 3578 et
1528 3517 1747 3593 captivorum,
1754 3509 1869 3572 salutem
1882 3502 1904 3562 et

300 3610 402 3673 liceat
429 3611 516 3672 hanc
539 3612 695 3688 paginam
721 3613 843 3674 nostrae
871 3613 1095 3674 concessionis
1150 3617 1374 3695 Apostolicam
1389 3614 1666 3678 benedictionem.

299 3708 494 3785 infringere,
511 3709 564 3770 vel
578 3710 610 3770 ei
627 3725 711 3770 ausu
723 3710 901 3771 temerario
913 3711 1093 3784 contraire,
1191 3718 1299 3788 Quum
1319 3730 1338 3776 a
1355 3713 1451 3774 nobis
1467 3712 1591 3791 petitur
1607 3710 1695 3789 quod
1710 3707 1823 3786 justum
1835 3695 1904 3762 estet

302 3808 332 3868 si
350 3809 425 3885 quis
440 3808 551 3868 autem
571 3808 634 3869 boc
651 3808 814 3871 attentare
834 3807 1095 3884 praesumpserit,
1150 3803 1338 3885 honestum,
1355 3815 1423 3874 tam
1443 3811 1540 3886 vigor
1560 3808 1729 3887 aequitatis
1747 3793 1904 3882 curamonta

213 3891 217 3900 ’
299 3905 562 3980 indignationem
582 3905 816 3982 omnipotentis
835 3905 906 3975 Dei,
923 3921 962 3968 ac
977 3905 1095 3968 beato-
1151 3911 1256 3988 exigit
1270 3909 1420 3982 rationis
1443 3909 1479 3970 ut
1492 3909 1526 3969 id
1545 3923 1607 3985 per
1622 3903 1855 3968 sollicitudinem
1867 3890 1904 3953 oi·

303 4017 377 4062 rum
407 4003 498 4066 Petri
520 4003 553 4066 et
585 4003 682 4063 Pauli
708 4000 940 4078 Apostolorum
965 4007 1036 4081 ejus
1060 4021 1096 4066 se
1151 4009 1219 4069 ficii
1233 4007 1339 4069 nostri
1354 4007 1394 4068 ad
1410 4005 1555 4068 debitum
1568 4005 1728 4083 perducat
1714 3997 1903 4064 tellectumur

303 4100 463 4160 noverit
455 4114 677 4161 incursurum.
700 4100 819 4160 Datum
841 4100 1013 4172 Laterani,
1036 4117 1097 4178 per
1151 4106 1349 4183 Eapropter,
1373 4104 1514 4166 dilecti
1506 4120 1540 4164 ιιι
1562 4103 1704 4165 Domino
1727 4099 1793 4169 lilii,
1814 4088 1903 4155 vestris

301 4210 437 4256 manum
460 4196 630 4272 Raynerii,
649 4196 777 4258 Sanctae
802 4199 960 4257 Romanae
979 4199 1096 4260 Eccle-
1147 4204 1248 4282 justis
1276 4199 1551 4280 postulationibus
1583 4201 1681 4276 grato
1710 4187 1904 4260 concurrentes

302 4293 362 4352 siae
380 4292 658 4363 vicecancellarii,
680 4291 924 4368 quintodecimo
935 4293 1095 4358 kalendas
1151 4315 1301 4372 assensu,
1312 4299 1549 4377 possessiones,
1565 4279 1904 4368 ειιιιιιιιιοιιιιιιιιιιι111

301 4389 393 4460 maii,
419 4388 600 4452 indictione
614 4388 740 4466 quinta,
765 4391 1006 4452 incarnationis
1025 4395 1095 4455 Do·
1151 4397 1290 4476 perfecti
1320 4397 1503 4473 vulgariter
1535 4395 1760 4474 appellantur,
1790 4378 1904 4449 eeclesia

301 4485 434 4550 minicae
445 4503 532 4549 anno
547 4487 724 4549 millesimo
735 4487 958 4550 ducentesimo
969 4490 1096 4553 decimo
1150 4497 1281 4568 vestrae,
1298 4494 1340 4556 ab
1354 4493 1473 4556 abbate
1490 4493 1603 4555 Sancti
1616 4491 1713 4555 Pauli
1727 4485 1904 4568 pernostraffl

300 4586 455 4662 septimo,
479 4584 689 4663 pontificatus
708 4599 788 4647 vero
812 4585 937 4650 domini
956 4590 1096 4650 Honorii
1150 4594 1350 4655 sententiam
1373 4592 1441 4668 ipsi
1472 4591 1623 4653 ecelesiae
1653 4587 1814 4652 restitutas
1837 4572 1904 4638 volis

299 4685 398 4760 Papae
413 4683 503 4753 tertii
516 4699 604 4750 anno
616 4682 736 4762 primo.
1150 4692 1184 4754 et
1201 4708 1260 4768 per
1280 4707 1340 4752 vos
1359 4689 1510 4752 ecclesiae
1532 4688 1730 4766 supradictae
1749 4673 1904 4744 auctoritate

1149 4789 1340 4867 Apostolioa
1354 4787 1587 4849 confirmamus
1602 4787 1636 4847 et
1646 4780 1886 4862 praesentisp
1819 4769 1903 4844 sonuit

1287 2703 1440 2770 [bullarium
1454 2701 1621 2761 Vaticanum,
1634 2705 1654 2751 t.
1667 2700 1691 2763 l,
1704 2713 1729 2764 p.
1743 2695 1802 2761 lull

592 4857 595 4866 .
645 4834 756 4924 CCCI
1151 4887 1338 4965 patrocinio
1351 4885 1605 4946 communimus
1617 4882 1711 4944 Nulli
1721 4877 1903 4954 ergoomu1n0

408 4980 460 5043 ⁴4⁶
476 4978 631 5040 abbatem
643 4980 678 5039 S·
694 4979 796 5041 Petri
810 4980 987 5052 corbejen.
1150 4986 1321 5048 hominum
1336 4983 1436 5046 liceat
1449 4984 1536 5044 hanc
1552 4981 1709 5059 paginam
1723 4976 1832 5038 nostra
1843 4978 1902 5026 001¹·

595 5099 627 5155 ll
644 5111 704 5171 apr.
719 5099 797 5157 lili.
1151 5063 1552 5156 firmationisiniringere,
1566 5079 1620 5140 vel
1631 5078 1663 5139 ei
1674 5058 1903 5138 ausutemerario

346 5203 453 5268 [aegest.
467 5201 503 5254 tib
525 5203 545 5260 ι,
556 5202 630 5266 epid
640 5201 695 5252 aaa.
711 5205 768 5254 uss.
780 5204 898 5256 barone
910 5205 1034 5257 darien
1007 5205 1047 5272 1]
1150 5180 1331 5254 contraire;
1349 5178 1378 5239 si
1390 5177 1464 5254 quis
1476 5178 1586 5241 autem
1600 5176 1664 5236 lroc
1681 5169 1904 5238 attentanda

1150 5277 1340 5354 sumpserit,
1357 5275 1619 5350 indignationem
1637 5247 1903 5346 omnipotentens

300 5348 389 5409 Usum
405 5347 495 5404 mitrae
512 5351 540 5402 et
558 5345 679 5404 annuli·
672 5345 726 5416 ipsi
746 5345 913 5407 auctoritate
931 5348 1094 5420 Apostolice
1150 5391 1189 5438 ac
1217 5373 1388 5438 beatorum
1417 5372 1508 5434 pem
1535 5373 1569 5433 et
1594 5369 1691 5432 pauli
1712 5358 1903 5442 Apostolorum

628 5433 766 5506 indulget.
1149 5476 1222 5552 ejus
1237 5489 1273 5533 se
1288 5471 1441 5533 noverit'
1431 5483 1655 5530 incursurum.

341 5561 518 5632 Honorius,
541 5562 617 5635 eto,
638 5562 758 5627 dilecto
778 5562 847 5625 tilio
863 5563 974 5627 abbati
990 5565 1094 5628 sancti
1189 5570 1308 5632 Datum
1341 5567 1513 5639 Laterani,
1543 5567 1617 5628 XIV
1652 5557 1803 5626 kalendas
1827 5543 1901 5612 maii

300 5658 392 5738 Peill
405 5657 576 5738 COlbejffli
783 5717 784 5722 ι
1149 5667 1361 5748 pontificatus
1377 5665 1482 5734 nostri
1497 5681 1585 5728 anno
1600 5663 1716 5744 primo.
