3994 6326
271 297 331 358 ote
888 299 1061 362 HONORII
1086 299 1129 360 ΙΙΙ
1151 299 1301 362 OPERA.
1856 309 1904 368 dib

271 458 370 527 dicto,
387 459 588 521 reservando
604 459 699 521 nobis
712 459 906 536 potestatem
919 459 1070 522 ecclesiae
1126 459 1310 521 venerabili
1331 458 1462 522 fratri...
1480 459 1654 524 colocensi
1669 463 1904 542 archiepiscopo

271 557 392 618 vestrae
404 556 585 619 secundum
596 556 698 619 offleii
714 557 819 619 nostri
832 556 977 620 debitum
992 572 1072 634 pro·
1124 557 1159 620 in
1175 557 1399 633 patriarcham
1416 557 1671 634 aquilegensem
1690 559 1807 633 electo,
1824 564 1903 624 salu-

271 653 417 715 uldendi.
431 658 517 716 Sane
529 653 641 716 hahita
656 655 862 732 postmodum
876 657 1071 732 snpereJus·
1125 657 1190 716 tem
1206 655 1240 716 et
1248 655 1462 732 apostolicam
1478 655 1752 718 benedictionem.

272 752 345 814 dem
387 752 539 814 ecclesiae
574 753 765 828 provisione
804 769 878 813 cum
911 752 1070 814 fratribus
1165 755 1270 824 Quum
1305 753 1392 815 sicut
1423 753 1624 830 accepimus,
1654 754 1796 817 dilectus
1831 757 1905 817 filius

271 851 394 911 nostris
415 849 566 926 diligenti
579 851 732 920 tractatu,
749 851 901 912 nolentes
920 851 957 912 ui
976 851 1070 926 gregi
1124 852 1167 910 Μ.
1183 851 1396 926 Tergestinus
1410 851 1547 922 electus,
1564 851 1606 914 de
1628 852 1798 916 voluntate
1824 852 1906 916 hona

270 947 441 1009 Dominico
460 947 591 1012 deesset
615 947 740 1010 diutius
764 963 845 1012 cura
866 949 1021 1025 pastoris,
1038 950 1071 1010 et
1124 947 1293 1010 memoriae
1303 949 1356 1008 W.
1369 947 1569 1025 patriarchae
1581 949 1824 1028 aquilegensis,
1837 952 1906 1012 cleri

271 1035 442 1109 credentes
468 1045 607 1108 tirmiter
621 1045 794 1123 praefatam
809 1045 985 1107 ecclesiam
1009 1046 1069 1108 suh
1124 1046 1157 1107 et
1171 1045 1283 1122 populi
1303 1046 1500 1122 Tergestini,
1522 1062 1616 1108 suam
1636 1049 1906 1110 consecrationem

271 1143 421 1222 praedicti
431 1143 673 1222 archiepiscopi
686 1143 848 1220 regimine
859 1143 979 1206 debere
992 1160 1071 1221 pro-
1124 1142 1302 1214 distulerit,
1320 1143 1398 1220 quia
1413 1144 1446 1204 id
1466 1144 1624 1222 expedire
1649 1146 1834 1206 commissae
1856 1146 1908 1206 sihi

272 1241 382 1313 licere,
403 1256 444 1302 ac
464 1257 484 1302 a
503 1241 723 1318 malignorum
739 1241 872 1318 injuriis
888 1241 1070 1304 consistere
1124 1241 1275 1302 ecclesiae
1288 1240 1473 1314 videbatur,
1487 1241 1640 1320 idemque
1653 1243 1844 1319 patriarcha
1858 1243 1908 1304 hoc

272 1353 370 1417 posse
387 1353 549 1411 securam,
567 1337 676 1416 ipsum
692 1338 797 1401 eidem
813 1339 963 1400 ecclesiae
977 1354 1068 1416 prra—
1124 1339 1283 1415 tempore,
1299 1339 1365 1400 nisi
1380 1337 1496 1401 fnisset
1510 1343 1614 1402 morte
1625 1342 1825 1418 praeventus,
1848 1358 1910 1400 mn-

273 1435 451 1498 iciendum
475 1435 690 1512 providimus,
711 1435 743 1498 et
759 1435 799 1497 ad
816 1439 888 1514 eJ'us
904 1451 1019 1500 curam
1038 1436 1071 1498 et
1124 1452 1187 1496 ntis
1202 1436 1464 1498 consecrationis
1482 1437 1698 1514 impendisset
1713 1437 1837 1500 eidem:
1853 1438 1910 1498 fra-

273 1532 529 1596 sollicitudinem
562 1531 840 1596 transferendum.
877 1533 963 1596 Hinc
997 1535 1067 1606 est,
1123 1533 1272 1595 tenuitati
1287 1536 1365 1605 tuae,
1377 1535 1475 1611 J'uxta
1491 1535 1575 1611 quod
1595 1533 1752 1610 praefatns
1766 1535 1907 1611 postula-

271 1629 358 1708 quod
384 1629 535 1692 eumdem
560 1629 848 1710 archiepiscopum
874 1647 893 1694 a
921 1631 1066 1704 uinculo,
1124 1630 1909 1708 vitatenus,parapostottcascrtpumandamus,

271 1741 337 1805 quo
364 1728 539 1790 tenebatur
562 1729 735 1789 colocensi
761 1728 930 1802 eeclesiae,
958 1728 1070 1792 absol·
1124 1730 1287 1806 quatenus
1300 1729 1441 1792 electum
1451 1729 1645 1806 praedictum
1654 1729 1695 1792 ad
1708 1732 1741 1792 te
1751 1729 1867 1791 devote
1878 1747 1910 1790 ac

269 1826 397 1898 ventes,
423 1825 465 1886 ad
491 1825 703 1903 saepedictam
727 1826 902 1888 ecclesiam
925 1827 1068 1890 vestram
1124 1827 1295 1888 humiliter
1326 1826 1548 1899 accedentem,
1576 1828 1641 1888 nisi
1670 1828 1702 1889 ei
1725 1828 1910 1889 canonicum

269 1921 513 1995 transferimus,
539 1925 573 1984 et
595 1923 765 1984 licentiam
787 1923 850 1985 sibi
863 1923 906 1986 ad
920 1939 993 1984 eam
1008 1925 1071 1986 tri·
1124 1925 1201 2002 quid
1218 1924 1366 1996 obsistat,
1386 1939 1452 1986 non
1476 1924 1623 1996 differas,
1640 1925 1742 2002 pallio
1757 1923 1801 1986 ab
1815 1927 1912 2000 Apos-

270 2019 403 2082 buimus
417 2020 624 2092 transeundi,
643 2020 788 2097 palleum
807 2020 871 2082 sibi
886 2021 927 2082 ad
949 2037 1069 2082 nomen
1124 2022 1224 2084 tolica
1240 2021 1324 2083 Sede
1338 2023 1481 2098 recepto,
1496 2039 1570 2083 cum
1591 2022 1633 2083 ab
1654 2038 1694 2084 eo
1709 2021 1802 2084 clero
1815 2023 1847 2083 et
1860 2037 1911 2098 po-

271 2119 304 2180 et
337 2134 434 2179 nsum
466 2118 613 2194 ejusdem
646 2118 797 2180 ecclesiae
827 2119 1068 2180 transmissuri.
1125 2119 1202 2196 pulo
1229 2119 1429 2197 supradictis
1453 2119 1633 2196 requisitus
1654 2119 1772 2192 fueris,
1795 2135 1906 2180 conse-

272 2216 434 2289 Quocirca
447 2215 640 2278 discretioni
659 2217 778 2278 vestra
799 2232 858 2293 per
880 2218 1070 2293 Apostolica
1125 2232 1230 2279 crare.
1244 2218 1362 2279 Datum
1378 2217 1533 2278 Laterani
1546 2218 1589 2279 Vl
1609 2215 1773 2278 kalendas
1788 2216 1908 2294 aprilis,

271 2312 394 2388 scripta
420 2311 627 2384 mandamus,
655 2313 818 2389 quatenus
842 2329 917 2373 cum
944 2313 1070 2375 honore
1125 2313 1339 2390 pontificatus
1351 2313 1457 2376 nostri
1472 2329 1560 2375 anno
1574 2313 1731 2376 secundo.

273 2409 383 2472 debito
407 2407 606 2486 recipientes
632 2409 795 2482 eumdem,
821 2409 884 2472 sibi
901 2411 1071 2486 tamquam

272 2507 410 2586 praelato
430 2508 541 2570 vestro
557 2507 590 2570 et
604 2506 729 2584 pastori
742 2508 929 2570 animarum
942 2509 1072 2570 vestra-
1436 2498 1609 2586 CLXXII

271 2621 347 2667 rum
379 2604 551 2666 humiliter
584 2604 779 2676 intendatis,
817 2607 889 2683 ejus
925 2605 1071 2667 salubria
1166 2603 1385 2718 Adprw‘rem
1401 2643 1532 2704 Montis
1545 2644 1624 2704 mvi
1638 2642 1672 2702 et
1685 2643 1874 2704 sacristam

273 2703 399 2764 monita
428 2703 462 2764 et
482 2702 649 2780 praecepta
669 2701 879 2780 suscipiendo
891 2702 1009 2764 devote
1032 2718 1071 2764 ao
1426 2742 1616 2802 Mamm
1710 2745 1711 2748 κ

274 2800 372 2877 plene
406 2799 442 2860 in
473 2798 627 2861 omnibus
652 2799 891 2875 observantes;
922 2800 1072 2878 alioquin

274 2896 483 2970 sententiam,
497 2911 596 2973 quam
613 2895 684 2974 ipse
699 2895 944 2958 rationabiliter
957 2897 1072 2959 tulerit
1315 2975 1322 2988 ⁵
1410 2863 1538 2987 'Imm‘
1556 2861 1634 2919 ¹²¹⁸·
1844 2976 1882 2990 .,

273 2995 309 3056 in
329 2993 485 3066 rebelles,
519 2995 627 3056 ratam
653 2993 859 3068 habebimus,
890 2995 923 3056 et
943 2995 1072 3058 servari
1174 2975 1881 3040 [ΜΒΝ-’Μ’θΡῙ*ῑ’970-Μ”·“Ρῠηθᾱ“““ἷ·]

272 3093 524 3170 drmitarusque
536 3091 577 3153 ad
587 3090 846 3154 satisfactionem
860 3093 1070 3170 condignam,
1127 3086 1168 3142 he
1180 3084 1369 3140 instrumento
1378 3082 1489 3156 publico
1503 3082 1682 3141 conficiendo
1699 3081 1776 3155 qnod
1790 3083 1912 3156 supplere

276 3192 412 3252 auctore
427 3189 578 3261 Domino,
596 3187 768 3252 faciemus,
1161 3174 1250 3245 possit
1260 3171 1415 3244 deperditis
1432 3169 1604 3229 authenticis
1624 3171 1739 3244 scriptis
1752 3170 1911 3244 quibusdan

314 3325 358 3384 J„
384 3325 543 3384 eumdem
571 3324 712 3383 modum
747 3322 905 3400 scriptum
936 3322 987 3385 est
1012 3322 1052 3384 ad
1162 3259 1354 3318 aSarracenls
1372 3261 1401 3317 io
1413 3274 1513 3317 eorum
1526 3259 1675 3317 invasione
1687 3259 1849 3317 destructis.

273 3420 391 3482 nocato
416 3423 449 3482 at
470 3417 744 3480 ministerialibus
764 3419 914 3481 ecclesias
935 3421 1074 3498 Aquile-

274 3519 396 3595 gensis,
418 3531 526 3592 usque
544 3517 785 3579 transmissuri.
807 3518 979 3589 Quocirca,
995 3521 1057 3580 etc.

272 3631 380 3692 usurae
390 3615 424 3678 in
438 3615 548 3677 linem.

1167 3378 1345 3450 Honorius,
1358 3380 1434 3449 etc„
1447 3377 1576 3440 dilectis
1589 3376 1705 3438 filiis...
1719 3376 1823 3454 priori
1834 3393 1913 3436 mon-

1127 3475 1171 3537 tis
1196 3475 1272 3537 Risi
1294 3475 1480 3536 Massilien.
1504 3475 1658 3538 dioecesis
1678 3475 1747 3536 et...
1776 3474 1913 3536 sacrista

1063 3564 1070 3591 '
1128 3571 1312 3633 Massilien.

1169 3671 1236 3730 Sua
1271 3669 1366 3732 nobis
1401 3667 1602 3731 venerabilis
1630 3667 1735 3731 frater
1771 3669 1911 3730 noster...

311 3743 521 3804 Ineumdem
529 3739 833 3818 mmumscripmffl
846 3741 1072 3820 estsupefhoe
1127 3767 1309 3829 Tholonen.
1324 3767 1499 3846 episcopus
1509 3765 1738 3830 insinuatione
1758 3767 1915 3828 monstra·

272 3837 456 3918 B(ertold0)
481 3839 653 3901 colocensi
680 3838 931 3916 archiepiscopo
950 3839 985 3900 in
1013 3856 1074 3917 pa·
1127 3865 1185 3940 vit,
1200 3865 1287 3944 quod
1303 3881 1403 3943 quum
1416 3864 1598 3926 Thomu,
1611 3863 1731 3926 civitas
1748 3863 1800 3926 bis
1812 3881 1831 3926 a
1845 3866 1914 3924 sar.

272 3936 1074 4014 triarcbamhquilegeusemelecto,mottetrans·
1127 3963 1260 4025 raceniS
1287 3962 1384 4040 cappa
1408 3961 1520 4034 suffit,
1547 3963 1581 4023 et
1606 3961 1793 4036 destructa,
1821 3961 1913 4022 multa

273 4033 456 4096 fefflndum·
481 4035 566 4096 ffl¹¹0
580 4036 640 4106 θεῖ’
658 4032 744 4110 q¹¹⁰d
764 4034 797 4095 te
811 4049 831 4094 ἃ
844 4033 989 4106 Vi¹²⁰¹¹¹⁰³
1009 4051 1073 4112 ‘1¹¹⁰
1128 4059 1348 4122 instrumenta
1356 4058 1911 4127 Tholonen.ecclesiaesuntamissa,

272 4130 442 4192 tenebaris
465 4131 638 4192 colocensi
661 4130 823 4204 ecclesia,
851 4130 1072 4204 absolventes,
1129 4160 1262 4236 propte,
1286 4174 1358 4236 Μ
1382 4157 1498 4235 gravia
1523 4159 1594 4237 jam
1622 4157 1764 4220 murm
1785 4155 1913 4220 ecclesi,

273 4227 315 4290 ad
353 4226 564 4305 saepedifflm
606 4226 862 4336 AquIlegenseffl
898 4229 1074 4290 ⁰⁰⁰¹⁰⁵i³m
1128 4255 1201 4332 ipsa
1214 4253 1397 4332 dispendia,
1413 4255 1447 4317 et
1465 4256 1620 4330 graviora
1639 4256 1831 4319 crediturin
1845 4269 1914 4331 pos·

273 4323 520 4397 transferimus,
538 4325 571 4386 et
584 4323 755 4387 licentiam
775 4325 834 4387 tibi
857 4326 985 4388 adeam
1009 4327 1074 4389 tri·
1111 4357 1236 4414 -terum
1249 4352 1435 4424 Incassum,
1448 4352 1514 4414 nisi
1524 4353 1555 4414 91
1569 4353 1740 4430 superhoc
1749 4369 1809 4430 pe,
1820 4357 1913 4428 Apos-

274 4422 407 4484 buifflus
421 4421 619 4484 “mundi
648 4421 785 4530 panium
814 4421 875 4484 tibi
897 4424 938 4485 ad
954 4439 1074 4486 nomen
1128 4450 1236 4512 tolicae
1253 4449 1347 4512 Sedis
1360 4441 1815 4526 providentiamconsulatur.
1832 4447 1912 4510 Unde

275 4522 414 4582 ⁰l¹¹⁸¹¹¹¹¹
429 4518 741 4628 ajueemacuesm
755 4519 996 4629 transmissuri.
1129 4547 1510 4624 nouistaemepiscopus
1526 4544 1909 4624 humilitersuppncavn

315 4619 435 4680 Datum
449 4618 606 4679 Laterani
621 4616 665 4678 VI
680 4615 748 4677 hal.
762 4616 880 4694 aprrhs
902 4631 990 4678 anuo
1015 4633 1073 4679 se·
1129 4649 1275 4721 utquum
1286 4644 1394 4706 adhuc
1411 4644 1545 4722 quidam
1565 4647 1745 4722 supersunt
1757 4645 1812 4722 qui
1825 4643 1910 4721 plene

277 4715 395 4778 ΝΜΟ·
1128 4743 1295 4805 noverunt
1321 4741 1362 4803 de
1382 4741 1648 4818 possessionibus
1671 4742 1704 4803 et
1726 4741 1824 4803 rebus
1842 4738 1910 4800 aliis

601 4829 753 4916 CLXXI
1129 4841 1235 4918 ipsius
1277 4839 1446 4912 ecclesia,
1471 4839 1658 4912 veritatem,
1690 4855 1732 4901 ue
1769 4849 1909 4916 processu
1988 4857 1989 4866 ¹

1129 4938 1287 5016 temporis
1298 4936 1503 5015 probationis
1518 4937 1613 5014 copia
1632 4937 1779 4999 fortuitis
1794 4932 1908 4997 casibus
1988 4925 1989 4970 t

1130 5035 1354 5106 subtrahatur,
1367 5035 1542 5112 providere
1558 5048 1657 5112 super
1671 5034 1735 5097 hoc
1749 5034 1811 5111 ipsi
1824 5031 1907 5092 mise

1130 5133 1304 5194 ricorditer
1316 5133 1540 5209 dignaremur.
1552 5133 1714 5204 Quocirca
1732 5125 1906 5193 discretioni
1988 5161 1989 5214 l

491 5305 496 5316 ι
568 5189 796 5316 ”mamma
1129 5231 1250 5293 vestrae
1276 5245 1335 5307 per
1360 5230 1550 5307 Apostolica
1574 5230 1698 5307 scripta
1715 5229 1903 5294 mandamus,
1988 5225 1989 5304 Ϊ

416 5305 554 5372 ’[Τ“θ’““’
571 5304 637 5356 ⁸⁰¹¹·
652 5305 796 5370 hungaria,
806 5306 827 5368 ¹¹
839 5319 865 5358 ¹¹·
880 5306 931 5372 ω’]
1130 5331 1305 5406 quatenus,
1320 5327 1349 5388 si
1365 5327 1481 5400 estita,
1494 5328 1590 5400 tales,
1601 5327 1630 5388 si
1645 5343 1682 5388 se
1696 5328 1811 5404 gratia,
1827 5322 1905 5388 odio,
1988 5305 1989 5374 Ψ

281 5413 396 5476 blandat
422 5413 566 5471 Honorius
588 5419 620 5469 ut
646 5410 879 5484 archiepiscopus
910 5413 1076 5488 cergeetino
1129 5425 1183 5488 vel
1212 5426 1331 5488 umore
1359 5425 1595 5498 subtraxerint,
1617 5425 1659 5486 ad
1686 5421 1906 5503 perhibendum
1988 5389 1989 5468 l

430 5501 654 5560 ⁰⁰⁰⁸e⁰f³²i⁰¹1¹⁸
667 5515 770 5558 ¹¹¹⁰¹¹¹¹⁸
784 5499 940 5574 impendffi·
1129 5523 1264 5586 veritati
1291 5522 1515 5586 testimoninm
1545 5523 1727 5585 monitione
1755 5518 1905 5600 praemissa

320 5617 488 5681 Honorius
503 5618 677 5696 episcopus
693 5631 992 5681 servassemorum
1002 5619 1072 5693 Dei,
1130 5636 1386 5699 percensuram
1411 5620 1675 5683 ecclesiasticam
1703 5616 1904 5698 appellatione
1988 5611 1989 5698 I

278 4975 330 5033 Ad
345 4975 638 5048 arehiepiscopum
655 4975 870 5036 colocensem
879 4975 916 5033 iu
923 4973 1075 5048 potator-

407 5073 506 5130 cham
520 5072 781 5146 metanensem
795 5071 949 5132 electum.
