3936 6318
88 325 130 386 173
528 320 651 381 XV.-
667 319 712 382 IN
734 317 865 380 Fusio
888 319 1037 382 SANCTI
1059 322 1213 410 Jacobs.
1553 389 1560 406 ι
1637 323 1695 384 174

79 483 216 560 acacium
232 479 297 542 sibi
316 480 501 542 manducat
515 480 550 543 et
569 479 841 560 billiacensis
895 480 1039 556 gratiam
1052 481 1276 554 iideitantum,
1289 479 1346 544 sed
1359 479 1695 546 secundumdebitum

84 581 133 659 ti).
897 579 1099 656 operationis
1115 597 1194 642 suae.
1210 580 1250 644 Ei
1258 596 1341 642 roro
1357 581 1412 658 qui
1427 597 1494 642 non
1510 583 1694 658 operatur»

114 678 187 740 Unde
208 676 346 754 legimus
377 677 464 755 quod
498 679 586 738 Deus
621 676 721 738 Pater
752 677 844 755 pavit
897 677 953 754 qui
968 694 1033 738 non
1048 678 1147 740 habet
1158 681 1286 756 ternpus
1300 679 1460 756 operandi
1475 679 1562 740 sicut
1579 677 1696 740 habuit

84 779 147 838 tilios
162 775 255 836 lsrael
275 789 398 836 manna
420 777 456 836 in
478 775 622 838 deserto.
639 776 718 838 Erat
732 777 842 838 autem
897 774 1064 838 Abraham
1080 793 1098 836 a
1112 775 1261 838 credenti
1276 778 1387 839 autem
1403 776 1437 838 in
1453 793 1539 849 eum,
1557 776 1613 854 qui
1625 779 1695 854 jus-

83 889 176 936 nanra
200 874 293 949 quasi
321 889 434 936 semen
460 873 629 935 coriandri
659 873 783 942 album,
811 874 844 935 et
897 873 1002 935 titicat
1016 874 1155 950 impium
1170 893 1188 934 a
1202 874 1298 946 idest,
1310 876 1340 936 si
1356 875 1463 936 credis
1476 875 1512 936 in
1527 874 1694 938 Christum

83 975 169 1048 gustus
180 973 245 1048 ejus
262 972 358 1048 quasi
371 972 491 1033 similae
507 988 581 1034 cum
598 971 707 1033 melle.
724 974 843 1032 Samen
897 970 951 1048 qui
971 973 1075 1048 graiis
1092 974 1227 1049 peccata
1240 972 1375 1034 dimittit
1388 990 1407 1033 a
1420 973 1592 1050 reputatur
1613 972 1694 1035 ssdes

83 1069 215 1132 coriandri
228 1085 368 1145 parrum
383 1070 515 1146 quidem
526 1070 587 1142 est,
605 1069 662 1132 sed
678 1069 773 1131 valde
785 1084 844 1130 ca·
897 1071 969 1146 eJ'us
982 1069 1022 1130 ad
1034 1069 1224 1147 justitiam»
1237 1069 1346 1150 (Rom.
1365 1086 1409 1142 rr,
1424 1068 1471 1149 4),
1488 1070 1584 1140 idest,
1599 1069 1697 1130 sulii-

82 1168 168 1228 lilum.
188 1169 309 1228 Manna
329 1167 415 1246 quod
438 1168 512 1230 erat
530 1169 627 1246 quasi
648 1184 761 1230 semen
780 1183 842 1229 co·
897 1168 942 1230 cii
960 1167 1041 1230 tides
1058 1171 1136 1246 ejus
1163 1169 1235 1230 sola
1259 1168 1301 1230 ad
1318 1168 1483 1246 justitiam
1508 1183 1605 1245 quam
1627 1184 1694 1230 non

81 1265 180 1326 riandri
199 1265 363 1340 figurabat
391 1265 508 1328 altaris
527 1267 784 1338 sacramentum,
806 1265 843 1328 in
862 1340 864 1348 Ι
896 1281 998 1342 opera
1013 1268 1086 1344 ejus
1107 1267 1311 1339 meruerunt,
1328 1266 1385 1328 sed
1401 1266 1606 1344 propositum
1621 1281 1696 1341 gra·

81 1364 209 1440 quoiatet
228 1362 345 1424 divina
359 1364 529 1442 majestas,
554 1365 641 1426 sicut
659 1364 694 1426 io
717 1365 843 1426 semine
896 1363 951 1426 tiae
971 1364 1041 1436 Dei,
1058 1364 1153 1438 idest,
1180 1365 1361 1426 secundum
1375 1363 1518 1440 gratiam
1537 1363 1597 1425 Dei
1611 1379 1693 1441 pro-

79 1460 212 1522 coriandri
233 1460 316 1522 latet
330 1461 438 1524 calida
462 1462 620 1539 potestas.
645 1465 683 1523 ln
701 1478 740 1524 eo
756 1463 842 1540 qnod
894 1461 1038 1538 positam
1069 1461 1223 1526 omnibus
1258 1461 1480 1535 erodentibus,
1515 1462 1593 1540 quia
1622 1461 1695 1523 sine

77 1574 165 1618 semen
184 1560 253 1621 erat
276 1559 399 1632 album,
426 1558 592 1636 significat
615 1560 701 1638 quod
723 1577 843 1638 corpus
896 1560 1052 1636 oporibus
1073 1559 1551 1638 prmcedentibusjustiticatur
1560 1559 1693 1636 impius.

78 1656 182 1716 bomini
191 1657 240 1718 est
249 1656 516 1720 mundissimum.
528 1660 566 1720 lu
576 1673 615 1720 eo
629 1658 715 1736 quod
727 1660 843 1735 gustus
894 1658 937 1718 m
951 1657 1104 1734 designat
1117 1659 1194 1720 illos
1216 1659 1273 1736 qui
1286 1657 1556 1736 contemplationi
1571 1657 1694 1720 ooeles-

76 1755 130 1814 erat
142 1754 225 1830 quasi
240 1755 362 1818 similae
374 1772 451 1818 cum
466 1756 576 1828 melle,
590 1756 844 1832 significabatur
896 1756 980 1818 tium
998 1757 1076 1818 sunt
1088 1757 1208 1820 intenti
1227 1773 1286 1835 per
1299 1757 1441 1832 gratiam
1460 1771 1534 1833 quaa
1553 1755 1630 1818 data
1645 1755 1696 1817 est

76 1849 187 1912 dulcedo
212 1851 335 1914 divinae
361 1853 492 1930 gratiae,
511 1871 584 1931 quae
608 1855 706 1916 datur
727 1855 763 1916 in
783 1871 842 1916 sa·
897 1855 957 1926 eis,
974 1855 1062 1916 sicut
1075 1855 1125 1916 est
1145 1855 1228 1918 illud
1241 1854 1407 1932 Apostoli:
1426 1857 1603 1916 Habemus
1616 1869 1696 1931 pra·

77 1951 213 2012 eramento
227 1950 356 2024 altaris,
378 1951 436 2012 sed
458 1967 525 2014 non
540 1952 723 2030 percipitur
738 1953 804 2014 nisi
823 1969 843 2014 a
861 1962 863 1977 '
894 1953 984 2022 tiam
995 1968 1061 2028 par
1081 1968 1185 2028 quana
1199 1957 1407 2026 serviamus,
1428 1952 1601 2027 ptacerctas
1623 1955 1695 2016 Deo

75 2044 160 2121 dignis
191 2047 379 2112 animabus.
415 2051 538 2112 Manna
570 2050 670 2112 etiam
701 2049 845 2114 babebat
894 2051 1128 2112 camnaetoct
1142 2051 1341 2114 reuerentia
1357 2047 1472 2129 (Hebr.
1488 2066 1549 2122 xn,
1568 2047 1634 2128 28).
1657 2049 1697 2111 nt

76 2158 178 2204 omnem
196 2161 360 2222 saporem,
384 2148 417 2208 et
435 2163 532 2208 omne
555 2147 841 2219 delectamentum,
861 2137 863 2145 '
891 2147 1002 2210 idem:
1018 2149 1175 2210 ‹Praesto
1190 2164 1320 2226 semper
1331 2148 1507 2224 estgratia,
1520 2163 1697 2225 quaenum-

74 2239 100 2298 in
111 2257 163 2317 quo
179 2241 394 2318 figurabatur,
417 2245 503 2322 quod
518 2245 554 2306 in
567 2246 778 2310 sacramento
792 2246 845 2306 al·
894 2262 995 2323 quam
1011 2247 1137 2308 recedit
1150 2246 1215 2308 nisi
1230 2247 1379 2324 expulsa,
1396 2247 1503 2308 einen
1516 2245 1696 2308 revertitur

75 2338 136 2398 iaris
147 2341 322 2418 percipitur
333 2343 441 2403 omnis
456 2344 576 2420 gratia,
600 2343 634 2405 et
655 2360 721 2405 non
735 2344 843 2406 solum
896 2344 963 2406 nisi
976 2360 1035 2421 per
1047 2343 1286 2422 poenitentiam.
1297 2344 1339 2404 Hi
1352 2343 1475 2405 habent
1483 2344 1627 2419 gratiam
1635 2341 1694 2404 Dei

74 2438 157 2498 omnis
170 2440 287 2513 gratia,
303 2439 362 2501 sed
374 2441 476 2502 etiam
488 2441 545 2502 ille
560 2441 616 2521 qui
630 2441 757 2504 confert
768 2458 844 2518 gra·
897 2441 1119 2504 abundantius
1145 2440 1232 2508 aliis.
1245 2441 1282 2503 ut
1302 2440 1487 2518 despiciant
1509 2440 1695 2516 voluptates

76 2532 146 2594 tiam·
896 2536 1694 2614 carnis,etsintsimilesangelisllei,etintuturo

103 2633 260 2696 Sciendum
286 2636 338 2698 est
355 2657 363 2696 ε
379 2636 510 2714 quando
533 2637 574 2700 ad
592 2638 842 2700 Sacramentum
860 2654 863 2723 j
891 2639 995 2702 erunt
1005 2637 1132 2715 fulgidi,
1143 2637 1308 2714 splendidi
1316 2636 1533 2714 atgloriticati
1547 2636 1583 2698 in
1596 2635 1692 2697 coelo.

74 2727 175 2799 altaris,
188 2732 274 2795 idest
287 2733 328 2795 ad
340 2735 502 2812 corpuset
513 2735 709 2814 sanguinem
720 2736 843 2799 Christi
937 2736 1092 2812 Legimus
1121 2735 1208 2813 quod
1226 2735 1368 2813 quatuor
1386 2733 1587 2812 principales
1601 2733 1693 2796 dotes

72 2828 271 2904 recipiendum
302 2832 501 2906 accedimus
533 2833 611 2910 quid
645 2833 755 2895 iacere
790 2816 863 2896 vel*
897 2835 1045 2911 corporis
1060 2834 1158 2897 erunt
1171 2832 1365 2910 glorificatis
1388 2832 1424 2894 in
1443 2832 1546 2894 coelo:
1572 2831 1692 2904 silicet,

74 2923 159 2987 dicere
172 2928 361 2992 debeamus.
383 2932 457 2994 Non
475 2930 631 2992 dehemus
647 2947 842 2996 sacramen·
893 2933 1073 3004 subtilitas,
1096 2932 1241 3009 agilitas,
1272 2930 1429 3008 splendor
1449 2931 1482 2992 ei
1498 2928 1694 3008 impassibi-

72 3021 124 3083 tum
140 3025 212 3087 illud
231 3029 384 3106 recipere
406 3028 515 3092 relato
537 3029 656 3106 capite,
679 3029 744 3092 nisi
764 3047 842 3092 mu·
896 3031 984 3106 litas,
997 3030 1095 3110 juxta
1109 3030 1212 3091 illud:
1230 3030 1421 3106 numerant
1433 3027 1525 3102 ,iusti
1537 3027 1628 3090 sicut
1645 3032 1696 3090 sot

74 3117 168 3197 liercs;
183 3141 247 3188 non
262 3125 415 3196 ridendo,
430 3143 497 3188 non
512 3127 666 3200 ludendo,
686 3144 842 3190 nonaum
895 3133 934 3190 lu
955 3143 1062 3206 repleo
1083 3128 1205 3190 Patris
1216 3130 1296 3200 mai,
1313 3127 1348 3188 at
1360 3127 1527 3202 tanquam
1539 3125 1697 3188 caristium

73 3217 139 3290 odio,
153 3238 213 3284 nen
237 3241 315 3286 cum
336 3225 474 3298 invidia,
494 3223 552 3286 sed
575 3241 650 3286 cum
673 3225 790 3309 timore
811 3226 844 3288 et
896 3231 934 3288 iu
947 3225 1156 3288 arundineto
1170 3224 1369 3286 discurrent
1389 3220 1692 3302 (Matth.xr11,43).

72 3315 199 3390 tremore,
210 3338 288 3383 cum
301 3322 455 3399 suspiriis
466 3323 498 3384 et
508 3323 707 3384 contritione
720 3323 840 3396 cordis,
895 3323 1082 3401 Fulgebunt
1110 3338 1169 3400 per
1194 3321 1403 3401 splendorem
1428 3320 1515 3383 sicut
1541 3321 1602 3394 sol,
1636 3336 1696 3397 per

72 3415 165 3478 etcum
178 3419 343 3480 effusione
356 3419 591 3497 lacrymarum.
607 3419 842 3482 Debemusdi-
896 3421 1196 3484 immutabilitatem
1205 3420 1277 3482 sive
1287 3418 1603 3497 impassibilitatem
1613 3420 1696 3481 tam·

73 3524 149 3574 cere:
169 3518 319 3590 Domine,
344 3533 410 3580 non
428 3533 502 3578 sum
524 3518 656 3595 dignus,
681 3519 717 3579 ut
738 3518 843 3581 intres
897 3536 995 3598 quam
1016 3519 1169 3580 scintillas
1186 3517 1374 3580 discurrent
1391 3534 1451 3595 per
1465 3516 1692 3586 subtilitatem,

71 3608 116 3670 suh
126 3614 239 3676 tectum
250 3631 373 3677 meum.
390 3616 541 3684 Domine,
554 3631 619 3677 non
633 3631 706 3676 sum
722 3616 842 3692 dignus
896 3614 967 3676 sive
987 3613 1181 3690 agilitatem.
1202 3612 1388 3688 Fulgebunt
1408 3611 1525 3684 sancti,
1542 3612 1575 3673 et
1596 3615 1695 3672 erunt

72 3705 98 3767 u
109 3724 228 3775 carnem
248 3714 284 3775 et
306 3714 501 3790 sanguinem
523 3713 616 3776 tuum
631 3714 792 3791 recipiam
808 3714 861 3775 in*
897 3713 1014 3788 fulgidi
1028 3713 1064 3774 in
1074 3727 1213 3789 corpore
1227 3713 1260 3772 et
1270 3711 1302 3771 in
1323 3710 1446 3772 anima.
1463 3711 1549 3771 Nam
1564 3709 1604 3770 de
1626 3709 1694 3770 sul-

71 3817 113 3864 ors
126 3824 200 3882 meo,
217 3810 300 3888 quia
312 3810 349 3870 in
363 3811 475 3872 multis
491 3810 614 3873 offendi
630 3811 674 3880 te,
687 3811 747 3872 sed
762 3811 842 3872 tan·
896 3825 977 3888 gore
998 3809 1148 3886 corporis
1163 3808 1244 3870 dicit
1260 3807 1436 3884 Apostolus
1452 3828 1461 3867 ι
1476 3807 1694 3870 Salvatorem

72 3899 121 3962 tnm
132 3903 179 3966 dic
193 3907 297 3970 uerbo
317 3908 351 3969 et
371 3907 545 3969 sanabitur
558 3923 641 3984 puer
655 3923 761 3969 meus.
779 3911 843 3969 Per
896 3907 1121 3981 aspectamus
1148 3909 1336 3968 omniuam
1355 3909 1475 3968 desum
1508 3905 1693 3976 Christum,

70 3999 227 4075 tepossum
251 4005 371 4066 sanari
392 4006 423 4067 et
445 4005 580 4068 salvari.
603 4008 709 4066 Tuum
732 4005 843 4068 dicere
896 4009 955 4080 qai
968 4005 1173 4080 reformabit
1191 4019 1316 4079 corpas
1338 4004 1543 4066 humititatis
1566 4003 1696 4064 nostra

70 4096 107 4158 est
121 4098 233 4164 tacere.
260 4103 354 4164 Dicis
368 4103 495 4164 tantum
519 4104 551 4165 et
567 4103 681 4164 salvus
701 4119 771 4166 ero.
793 4107 843 4165 Tu
895 4105 1151 4179 configuratum
1163 4105 1302 4177 corpori
1321 4102 1492 4164 claritatis
1510 4116 1584 4162 aaa
1599 4099 1697 4178 (Phi-

69 4195 137 4255 enim
150 4198 262 4262 dixisti
278 4198 413 4262 attacta
427 4201 506 4262 sunt
520 4200 643 4273 omnia,
659 4200 737 4277 quia
749 4202 786 4264 tu
807 4218 842 4264 es
896 4203 1013 4281 lip.111,
1025 4199 1092 4280 20).
1109 4197 1695 4276 Elinnvang01102nutqaoaacjasti

69 4295 176 4356 creator
184 4298 261 4358 coeli
276 4299 311 4360 et
324 4297 435 4378 terrae,
452 4299 485 4359 et
498 4298 646 4359 omniurn
659 4313 732 4375 quae
742 4298 779 4360 in
793 4297 842 4361 eis
895 4300 984 4362 sicat
996 4301 1092 4360 setin
1115 4310 1222 4372 ragno
1238 4296 1361 4357 Patris
1381 4297 1451 4357 mei
1468 4293 1598 4375 (Mattb.
1618 4309 1692 4358 mn.

69 4391 137 4450 sunt.
151 4393 310 4458 Diabolus
322 4396 434 4457 autem
449 4412 515 4457 non
530 4396 629 4458 estin
647 4397 769 4458 mundo
784 4413 843 4473 per
896 4393 962 4476 43).
973 4391 1504 4472 Quodexponensnngustinusait
1515 4408 1522 4452 :
1535 4389 1694 4452 «Celeris

69 4489 258 4566 creationem,
277 4493 336 4556 sed
351 4508 411 4570 per
423 4493 720 4571 principatumque
735 4508 862 4581 praee-2
897 4494 1033 4556 claritas
1043 4493 1167 4570 quanta
1180 4490 1285 4555 eritin
1298 4489 1692 4566 corporibuselectorum,

69 4583 258 4651 ninetmans
272 4591 309 4652 in
324 4591 388 4652 hoc
402 4591 536 4662 mundo,
553 4590 585 4652 et
600 4591 843 4668 suggeramus
898 4591 1028 4670 quando
1050 4589 1134 4667 justi
1153 4587 1325 4664 fulgebunt
1352 4587 1439 4648 sicut
1459 4586 1509 4648 sol
1534 4586 1569 4646 in
1591 4601 1694 4660 regno

68 4679 323 4750 addamnandum
336 4703 404 4750 eos.
418 4688 511 4751 Unde
526 4688 607 4750 Job:
622 4693 700 4764 lpse
711 4691 763 4751 est
775 4705 843 4751 rem
898 4690 1008 4752 Patris
1021 4703 1171 4750 eorum».
1189 4690 1268 4759 Qnae
1281 4685 1416 4746 claritas
1429 4684 1466 4744 in
1481 4682 1604 4744 Christi
1619 4698 1696 4743 cor-

69 4790 152 4851 mper
167 4789 351 4848 aciriacrses
371 4787 460 4860 lilios
475 4789 647 4861 superbia
664 4783 750 4866 (Job.
773 4802 841 4859 xm,
898 4804 977 4866 pore
1004 4784 1208 4860 resurgentis
1241 4781 1281 4843 ab
1320 4781 1425 4842 oculis
1457 4779 1695 4857 discipulorum

68 4874 117 4950 23).
898 4883 1089 4946 abscondita
1102 4881 1217 4952 luisse,
1230 4879 1441 4957 potiusquam
1460 4877 1604 4940 defuisse
1620 4893 1696 4939 cre-

97 4977 300 5058 loannesqui
314 4980 670 5058 interpretaturgratia
680 4981 750 5054 Dei,
762 4997 845 5042 mer·
898 4983 1005 5045 denda
1034 4983 1094 5042 esi.
1118 4982 1164 5040 lie
1186 4977 1337 5039 claritate
1365 4993 1445 5038 vero
1468 4977 1589 5038 animae
1617 4976 1698 5038 dicit

69 5069 158 5134 cedem
178 5078 350 5154 significat
370 5077 449 5140 boni
472 5079 593 5156 operia,
617 5094 689 5156 qnae
712 5094 779 5139 non
803 5085 863 5140 ex?
889 5085 1043 5146 loannes
1056 5076 1695 5152 :Gramapparucritsimilascicrincus,

71 5171 173 5232 ueritis
196 5176 334 5248 nostris,
357 5175 413 5237 sed
441 5191 515 5253 quae
541 5175 601 5238 Dei
626 5176 733 5252 gratia
748 5175 845 5237 datur
898 5183 979 5255 quia
993 5171 1575 5252 videbimuscancsicatiast·(ltoan.
1589 5189 1639 5245 111,
1650 5171 1695 5252 2).

71 5265 154 5328 nobis.
171 5273 265 5334 Unde
284 5273 483 5352 Apostolus:
513 5277 697 5350 Unicuique
718 5275 845 5336 donata
899 5275 1001 5349 Quasi
1016 5272 1159 5334 diceret:
1178 5269 1698 5344 Quandovidehitanimanosira

72 5364 425 5440 estqratiasacundam
435 5386 639 5433 marisiacum
653 5372 846 5434 deviationis
900 5373 1067 5434 Christum
1090 5385 1204 5434 veram
1229 5370 1347 5440 lucem,
1373 5367 1451 5445 quia
1471 5366 1545 5444 ipse
1565 5367 1616 5428 est
1639 5367 1699 5428 illa

72 5459 173 5526 eluisti
188 5467 289 5546 (ilph.
305 5483 353 5541 1v,
369 5466 415 5548 7).
430 5469 470 5531 Εῖ
482 5468 680 5545 Apostolus:
708 5469 771 5529 «nl
788 5469 845 5546 qui
900 5487 979 5534 vera
994 5470 1063 5542 lux,
1090 5485 1163 5546 quae
1184 5468 1351 5528 illuminat
1374 5480 1506 5527 omnem
1530 5465 1700 5526 hominem

73 5565 202 5632 operatur
220 5583 239 5626 a
264 5565 370 5640 idest,
401 5567 457 5643 qui
483 5565 583 5628 babet
615 5567 743 5644 tempus
767 5582 848 5644 ope·
899 5569 1088 5633 venientem
1100 5567 1135 5629 in
1151 5565 1239 5626 hunc
1253 5564 1420 5636 mundum,
1435 5563 1514 5625 tunc
1528 5563 1655 5625 similes
1668 5565 1702 5626 ei

73 5657 147 5720 randi
168 5679 336 5730 «merces
365 5680 433 5728 nou
457 5664 639 5742 imputatur
666 5663 846 5730 secundum
901 5669 1036 5733 erimus.
1062 5667 1148 5728 Nam
1167 5680 1242 5726 oum
1257 5663 1409 5729 Christus
1435 5663 1480 5724 sit
1494 5665 1594 5742 caput
1617 5679 1700 5726 nos-
