4014 6312
274 297 335 372 375
882 305 1059 372 HONORII
1080 310 1126 372 111
1147 313 1295 378 OPERA.
1856 337 1917 400 ,¹376

270 454 445 533 probatum
472 459 570 536 juxta
600 460 853 526 constitutiones
887 468 1065 530 canonicas
1119 472 1643 548 totacivitasEcclesiaeRomauae
1652 486 1919 567 temporeneces-

268 569 400 632 poenam
428 554 644 632 depositionis
666 558 819 634 inducat,
853 564 961 640 possis
990 581 1067 628 con·
1120 569 1229 635 sitatis
1238 575 1390 640 exhibuit
1405 579 1826 664 diligentiusattendentes,
1837 609 1918 656 con-

269 651 322 713 tra
334 652 453 730 ipsum,
468 653 605 730 probato
625 656 764 720 crimine
779 661 959 723 secundum
977 665 1065 740 juris
1121 669 1412 737 siderantesetiam
1425 679 1660 757 quantanobis,
1670 687 1702 746 et
1715 693 1916 754 successori-

271 750 435 822 ordinem,
448 751 663 830 depositionis
690 757 887 820 sententiam
919 761 1067 836 promul·
1120 765 1181 828 bus
1190 771 1312 832 nostris
1325 772 1541 850 incrementa,
1558 779 1591 841 et
1602 784 1775 845 commoda
1787 803 1849 863 per
1860 792 1917 850 Ja-

267 862 360 922 gare.
376 848 490 957 liceat
514 867 643 929 quoque
665 853 724 915 tibi
740 855 898 918 ecclesias
918 858 1066 921 dividere
1120 880 1279 928 nuensem
1297 869 1466 934 civitatem
1481 877 1660 952 potuerunt
1679 885 1870 957 provenire,
1886 889 1917 949 et

269 961 309 1006 ac
328 961 434 1020 unire,
456 948 624 1011 cessiones
643 952 873 1031 episcoporum
894 958 1063 1034 recipere3
1120 964 1342 1028 antecessoris
1364 972 1471 1033 nostri
1494 972 1601 1036 felicis
1625 981 1794 1042 memoriae
1817 985 1917 1045 Inno-

267 1057 397 1105 necnon
410 1045 439 1106 si
454 1045 600 1124 aliquem
614 1048 761 1126 ipsorum
777 1053 818 1114 ad
835 1055 1062 1132 episcopatum
1121 1063 1221 1123 centii
1247 1067 1346 1142 Papae
1375 1069 1525 1146 vestigiis
1552 1073 1766 1150 inhaerentes,
1783 1081 1842 1156 qui
1860 1084 1916 1144 Ja-

268 1142 372 1204 alium
390 1144 566 1222 contigerit
581 1149 754 1224 postulari,
772 1153 993 1228 postulatione
1010 1171 1067 1214 rc-
1119 1175 1279 1225 nuensem
1309 1165 1485 1228 ecclesiam
1520 1171 1815 1252 archiepiscopalis
1844 1179 1918 1255 dig-

268 1241 363 1316 cepta
376 1240 480 1303 libere
492 1244 599 1320 ipsum
612 1247 806 1322 transferas,
824 1251 854 1310 si
867 1253 1061 1324 necessitas,
1119 1261 1234 1324 nitatis
1254 1262 1452 1326 excellentia
1474 1266 1664 1333 sublimavit
1677 1271 1719 1332 ad
1743 1273 1916 1346 bonorem,

267 1338 301 1398 et
329 1339 456 1401 utilitas
480 1340 543 1403 hoo
571 1346 737 1422 exposcit3
761 1350 1065 1412 excommunicatos
1120 1357 1355 1420 exaltationem
1375 1361 1409 1423 et
1426 1361 1567 1436 gloriam
1588 1365 1735 1441 praeratae
1757 1369 1915 1444 civitatis,

267 1435 746 1506 nibilominus,etauctoritate
760 1446 854 1506 Sedis
866 1448 1064 1524 Apostolicae
1119 1471 1193 1532 quae
1205 1455 1302 1518 beato
1319 1459 1417 1520 Petro
1432 1460 1464 1522 et
1486 1463 1609 1524 sanctae
1627 1467 1784 1528 Romanae
1797 1469 1916 1531 Eccle-

267 1532 462 1596 interdictos
497 1536 665 1614 absolvas,
700 1541 805 1604 forma
835 1545 1064 1608 ecclesiastica
1119 1553 1178 1614 siae
1201 1553 1403 1629 fidelissima,
1425 1557 1519 1619 etad
1544 1563 1919 1637 sarriendumei‚sieut

207 1702 210 1712 Ι
268 1629 455 1706 observata,
472 1634 561 1697 otiis
581 1637 735 1715 injungas
749 1642 834 1718 quod
851 1643 977 1720 dejure
992 1642 1066 1705 lue-
1119 1651 1242 1713 dictum
1264 1655 1314 1716 est
1337 1656 1583 1732 promptissima
1602 1664 1803 1737 perseverat,
1821 1665 1855 1725 et
1875 1665 1918 1725 de

266 1728 312 1790 rit
323 1729 574 1807 injungendum.
590 1739 639 1798 Tu
648 1736 760 1799 tamen
775 1740 861 1802 sicut
875 1740 928 1802 vir
949 1743 1064 1818 provi·
1119 1749 1238 1811 eaetero
1253 1751 1341 1813 idem
1357 1769 1393 1814 se
1416 1753 1580 1817 facturum
1595 1761 1791 1835 propensius
1806 1763 1914 1838 polli-

266 1826 340 1897 dus,
355 1829 387 1888 et
402 1828 576 1906 discretus,
594 1833 628 1893 in
645 1835 698 1896 bis
713 1837 831 1900 honori
848 1839 943 1899 Sedis
957 1843 1065 1916 Apos-
1119 1847 1221 1920 cetur,
1239 1849 1280 1910 ad
1296 1851 1484 1928 exemplum
1498 1853 1566 1915 tam
1588 1854 1692 1932 ipsius
1716 1859 1915 1932 innocentii,

265 1923 375 1986 tolicae
397 1925 539 2001 deferas,
565 1947 640 1994 cnm
663 1933 788 1995 rideris
807 1936 975 2012 expedire.
996 1940 1065 1998 Da·
1119 1962 1216 2023 qnam
1227 1946 1334 2009 felicis
1345 1951 1509 2013 recordat.
1520 1953 1711 2028 Alexandri,
1724 1957 1916 2030 Clementis,

264 2023 335 2084 tum
357 2024 525 2099 Laterani,
546 2030 621 2091 VIII
643 2030 711 2092 kal.
732 2033 824 2106 maii,
850 2035 1063 2112 pontificatus
1119 2044 1288 2115 coelestini
1329 2047 1362 2110 et
1403 2051 1587 2113 innocentii
1629 2053 1916 2130 praedecessorum

265 2123 372 2184 nostri
386 2139 473 2186 anno
488 2126 606 2202 primo.
1117 2142 1317 2217 nostrorum,
1344 2149 1567 2210 Romanorum
1592 2151 1798 2226 Pontificum,
1821 2169 1918 2214 eam-

1118 2240 1192 2301 dem
1214 2241 1406 2318 dignitatem
1430 2245 1491 2307 tibi
1516 2249 1550 2309 et
1574 2249 1821 2312 successoribus
1845 2251 1917 2314 tuis

1117 2340 1284 2401 communi
1300 2339 1439 2405 fratrum
1453 2347 1642 2408 nostrorum
1657 2349 1797 2411 consilio
1811 2350 1917 2411 duxi-

567 2423 755 2513 GCGVHI
1118 2455 1190 2501 mus
1216 2441 1487 2503 confirmandam.
1505 2443 1595 2515 Quod
1621 2445 1709 2506 enim
1734 2449 1804 2524 jam
1830 2448 1918 2509 dicti

1116 2539 1344 2601 antecessores
1352 2541 1469 2610 nostri,
1479 2543 1701 2616 Innocentius,
1712 2544 1914 2618 Alexander,

263 2627 316 2687 Ad
342 2627 504 2689 Othonem
529 2630 743 2692 londensem
767 2632 1061 2705 archiepiscopum
1117 2637 1284 2710 Clemens,
1312 2639 1524 2713 coelestinus,
1555 2641 1588 2702 et
1616 2643 1828 2704 Innocentius
1853 2646 1918 2706 Ja-

469 2728 611 2800 ejtesqnc
630 2743 855 2790 successores.
1018 2778 1025 2790 .
1117 2751 1276 2797 nuensem
1301 2735 1468 2799 civitatem
1491 2737 1655 2815 insignem
1682 2740 1913 2814 reddiderunt,

1116 2833 1224 2909 gratia
1237 2834 1391 2910 ampliori
1404 2851 1465 2896 nos
1477 2837 1585 2898 ratam
1599 2837 1771 2911 habentes,
1782 2841 1817 2901 et
1831 2855 1917 2901 auc-

560 2883 594 2941 24
607 2898 667 2956 Ψ·
685 2885 763 2942 ¹²¹⁷·
1115 2931 1249 2993 toritate
1264 2931 1452 3008 Apostolica
1466 2933 1672 3008 roborantes,
1689 2936 1757 2998 tres
1777 2937 1914 3014 episco-

264 3037 420 3103 [Bullsrium
446 3042 603 3102 Romanum,
626 3048 644 3092 t.
667 3043 712 3102 lll,
735 3059 760 3109 p.
784 3043 841 3104 tte,
861 3058 888 3094 n.
909 3044 933 3103 s,
953 3043 1061 3108 Ugbclli,
1118 3030 1213 3104 patus
1248 3029 1283 3090 in
1320 3030 1472 3103 comicas
1512 3033 1702 3105 Μᾶΐᾶῐῑθῑῑη
1745 3033 1912 3106 Videlicet,

519 3122 732 3182 lullasaeralv,
745 3123 812 3189 esa]
1117 3125 1290 3199 Nebolen.,
1315 3129 1348 3188 et
1370 3129 1506 3189 tertium
1531 3133 1626 3207 cujus
1648 3129 1760 3192 sedem
1781 3147 1913 3193 memo-

1116 3225 1209 3285 ratus
1233 3225 1463 3298 Innocentius,
1490 3226 1665 3289 ecclesiam
1691 3229 1724 3290 S.
1754 3229 1843 3290 Petri
1870 3229 1912 3290 de

1116 3321 1201 3382 Atho
1230 3320 1411 3395 constituit,
1440 3323 1473 3385 et
1504 3324 1558 3386 cui
1586 3324 1840 3403 unamplebem
1867 3326 1910 3386 de

1116 3421 1293 3492 Maranna,
1319 3421 1353 3482 et
1378 3420 1479 3482 aliam
1505 3421 1546 3483 de
1568 3422 1697 3496 Aleria,
1726 3425 1909 3498 concessit;

1115 3517 1312 3580 Bobiensem
1322 3534 1452 3596 quoque
1469 3519 1707 3598 episcopatum,
1720 3523 1753 3583 et
1765 3522 1857 3582 illum
1870 3522 1910 3582 de

302 3621 469 3682 Honorius
504 3622 694 3700 episcopus,
731 3637 847 3685 servus
886 3638 1059 3685 servorum
1115 3616 1271 3677 Brumate
1287 3632 1361 3678 cum
1380 3617 1532 3678 ecclesiis
1554 3619 1635 3692 suis,
1652 3635 1735 3696 quas
1751 3620 1837 3682 circa
1861 3636 1907 3692 se,

261 3719 333 3792 Dei,
350 3720 470 3782 Othoni
493 3721 654 3782 Januensi
678 3720 939 3798 archiepiscopo,
964 3723 1058 3800 ejus·
1114 3713 1147 3774 et
1161 3714 1196 3773 in
1218 3715 1365 3775 castellis
1380 3713 1449 3775 suis
1468 3715 1578 3789 habet,
1596 3733 1692 3794 quem
1705 3717 1792 3779 idem
1812 3719 1907 3778 ante·

261 3831 325 3893 qua
356 3816 604 3879 successoribus
634 3817 795 3878 canonice
821 3817 1059 3879 substituendis
1114 3825 1228 3873 cessor
1242 3813 1356 3874 nOSter
1376 3811 1417 3873 de
1436 3829 1523 3875 novo
1538 3814 1719 3884 constituit,
1735 3814 1807 3888 tini,
1825 3815 1906 3876 tuis·

260 3912 297 3972 in
318 3915 524 3991 perpetuum,
540 3915 679 3976 salutem
701 3915 734 3976 et
753 3914 977 3992 Apostolicam
1000 3915 1060 3976 ba-
1114 3925 1177 3986 que
1197 3909 1457 3982 successoribus,
1476 3911 1562 3974 sicut
1583 3914 1616 3974 et
1633 3913 1708 3989 ipse
1720 3915 1906 3976 antecessor

262 4008 495 4072 nedictionem.
1113 4009 1226 4068 noster
1255 4007 1374 4069 secisse
1402 4008 1623 4086 dignoscitur,
1653 4011 1902 4088 metropolitano

303 4109 455 4183 Superna
469 4108 502 4169 et
515 4105 693 4167 ineffabilis
710 4109 919 4184 providentia
939 4111 1059 4188 majes—
1110 4107 1187 4182 jure
1203 4103 1409 4183 subjicimus.
1421 4107 1667 4169 verumtamem
1682 4109 1900 4188 episcopatum

259 4203 339 4266 tatis
370 4204 490 4264 divinae
523 4206 769 4266 sacrosanctam
789 4209 974 4268 Romanam
994 4211 1058 4268 Ec-
1111 4206 1324 4275 Jannensem,
1342 4203 1375 4264 et
1386 4205 1419 4266 te
1433 4204 1600 4277 videlicet,
1615 4221 1654 4267 ac
1672 4208 1822 4283 posteros
1833 4208 1901 4267 tuos

259 4302 396 4366 clesiam
416 4300 562 4363 omnium
584 4302 802 4363 ecclesiarum
822 4306 963 4366 matrem
986 4305 1058 4366 ins·
1112 4300 1154 4362 ab
1182 4301 1272 4362 omni
1298 4301 1524 4380 emancipatos
1541 4303 1747 4382 subjectione
1761 4304 1796 4365 in
1810 4319 1901 4364 manu

259 4399 364 4474 tituil,
394 4399 428 4462 et
454 4399 663 4475 magistram,
694 4399 731 4461 ut
754 4400 895 4476 praelata
925 4404 1056 4465 caeteris
1112 4399 1246 4475 propria
1279 4397 1383 4462 libere
1412 4400 1607 4462 retinemus.
1643 4401 1843 4473 statuentes,
1869 4401 1900 4460 ut

258 4498 378 4560 merita
399 4496 580 4574 respiceret
598 4495 817 4574 singulorum,
830 4499 863 4562 et
878 4498 920 4561 ad
935 4500 1057 4561 simili·
1110 4497 1289 4559 Januensis
1325 4497 1596 4574 archiepiscopus
1633 4513 1653 4560 a
1688 4498 1898 4576 suffraganeis

257 4596 407 4657 tudinem
429 4595 558 4664 aeterni,
574 4595 608 4656 et
621 4595 701 4672 justi
720 4595 859 4669 Judiois,
877 4597 1055 4675 unicuique
1111 4595 1181 4654 suis
1208 4593 1373 4671 episcopis
1400 4595 1631 4668 consecretur,
1659 4597 1798 4673 pallium
1819 4613 1895 4674 pon—

258 4710 318 4772 pro
348 4692 542 4754 meritorum
577 4692 792 4770 qualitatibus
826 4695 1053 4771 responderet.
1110 4692 1245 4764 tidoale,
1266 4691 1393 4754 scilicet
1415 4691 1516 4754 oltlcii
1536 4693 1895 4770 plenitudinemaSede

259 4791 363 4861 Unde,
380 4791 413 4852 et
426 4791 542 4852 eadem
566 4791 686 4852 Sancta
708 4792 856 4854 Ecclesia
878 4809 946 4865 eos,
973 4810 1055 4870 quos
1110 4788 1301 4866 Apostolica
1314 4790 1519 4866 recepturus.
1537 4793 1705 4854 Praeterea
1727 4793 1817 4854 illam
1832 4793 1894 4852 sin-

184 4927 186 4932 .
257 4889 372 4950 fideles
398 4887 485 4949 tilios
511 4889 650 4964 reperit,
678 4889 886 4952 clementiori
910 4891 1055 4954 tractare
1110 4887 1288 4949 cerrimam
1324 4887 1545 4962 devotionem,
1578 4891 1645 4951 tam
1675 4891 1779 4964 tuam,
1808 4902 1890 4968 quam
1999 4973 2000 4984 ἵ

258 4986 366 5062 gratia
386 4986 567 5057 consuevit,
587 4988 620 5047 et
636 5002 718 5062 quos
733 4987 951 5050 ferventiores
965 4989 1055 5050 circa
1110 4986 1255 5047 ciuitatis
1281 4985 1359 5056 tuae‚
1376 4986 1572 5048 multimoda
1586 4987 1818 5064 obsequiorum
1830 4999 1889 5046 ser·
1999 4985 2000 5054 ἶ

262 3279 446 3340 Confirmatio
483 3282 699 3356 privilegiorum
736 3285 866 3342 ecclesie
897 3284 1060 3354 lanueusis,

297 3369 417 3442 eiusque
435 3371 543 3428 civitati
562 3372 724 3430 medietatis
741 3373 843 3430 insule
862 3373 983 3432 Corsice
997 3389 1062 3431 con·

297 3458 390 3516 cessio
408 3459 462 3516 sub
481 3474 577 3517 annuo
595 3475 685 3518 censu
703 3462 788 3518 unius
806 3460 885 3519 libre
905 3463 976 3520 anri.

259 5099 354 5145 snum
374 5081 568 5160 obsequium
591 5083 749 5156 intuetur,
770 5085 946 5163 multiplici
967 5103 1056 5164 prae-
1108 5083 1201 5155 vitia,
1245 5098 1319 5159 quae
1359 5085 1518 5144 Romanae
1553 5084 1712 5146 Ecclesiae
1754 5085 1886 5151 fideliter,
1999 5095 2000 5156 ζ

257 5181 408 5258 rogatira
432 5179 569 5240 honoris
592 5180 642 5243 est
663 5181 761 5242 solita
777 5182 967 5245 sublimare.
985 5186 1054 5246 Nos
1109 5197 1148 5242 ao
1185 5178 1369 5242 liberaliter
1411 5180 1639 5257 impendistis,
1677 5183 1714 5242 in
1747 5177 1888 5243 memoria
1999 5173 2000 5240 ἶ

256 5278 371 5355 igitur,
391 5276 448 5354 qui
469 5276 504 5336 in
529 5275 612 5337 Sede
634 5278 823 5354 apostolica
842 5279 939 5342 beato
955 5283 1053 5344 Petro
1109 5278 1302 5349 retinentes,
1320 5278 1356 5340 ut
1376 5279 1555 5340 Januensis
1576 5278 1696 5352 clerus,
1716 5281 1750 5342 et
1767 5277 1890 5357 populus
1999 5287 2000 5332 f

257 5375 491 5452 Apostolorum
505 5373 665 5451 principi,
686 5375 764 5437 licet
782 5391 848 5438 non
870 5377 1055 5456 suffragan·
1109 5374 1151 5436 ad
1175 5375 1360 5446 servitium,
1386 5375 1419 5437 et
1445 5375 1605 5436 honorem
1631 5376 1787 5437 Ecclesia
1810 5371 1887 5436 mum

256 5472 346 5536 tibus
361 5473 498 5545 meritis,
512 5487 554 5533 ex
567 5471 680 5534 divina
697 5472 913 5550 dispositione
926 5491 1054 5538 succes·
1109 5472 1291 5535 ferventius
1320 5471 1538 5544 accendatur,
1567 5473 1690 5550 quanto
1719 5472 1885 5536 ecclesiam,
1999 5467 2000 5520 ἴ

256 5571 371 5641 simus,
387 5569 835 5642 reverentiamdevotionem
851 5572 1055 5636 etsedulita·
1109 5573 1142 5634 et
1164 5571 1332 5633 civitatem
1352 5573 1554 5633 Januensem
1573 5571 1694 5632 aSede
1716 5567 1886 5650 Apostolioa

255 5667 322 5732 tem
339 5665 506 5745 obsequii,
527 5681 625 5745 quam
648 5669 827 5731 tanuensis
847 5669 1000 5746 ecclesia,
1022 5674 1055 5736 et
1109 5669 1303 5746 cognouerit
1317 5668 1459 5746 amplius
1474 5667 1647 5741 honorari,
1665 5663 1888 5741 communicato
