<?xml version="1.0" encoding="UTF-8"?>
<!DOCTYPE html PUBLIC "-//W3C//DTD XHTML 1.0 Transitional//EN"
    "http://www.w3.org/TR/xhtml1/DTD/xhtml1-transitional.dtd">
<html xmlns="http://www.w3.org/1999/xhtml" xml:lang="en" lang="en">
 <head>
  <title>
</title>
<meta http-equiv="Content-Type" content="text/html;charset=utf-8" />
  <meta name='ocr-system' content='tesseract 3.04.00' />
  <meta name='ocr-capabilities' content='ocr_page ocr_carea ocr_par ocr_line ocrx_word'/>
</head>
<body>
  <div class='ocr_page' id='page_1' title='image "./mediiaevibiblio01unkngoog_0375.png"; bbox 0 0 3988 6308; ppageno 0'>
   <div class='ocr_carea' id='block_1_1' title="bbox 288 359 349 422">
    <p class='ocr_par' dir='ltr' id='par_1_1' title="bbox 288 359 349 422">
     <span class='ocr_line' id='line_1_1' title="bbox 288 359 349 422; baseline 0 0"><span class='ocrx_word' id='word_1_1' title='bbox 288 359 349 422; x_wconf 78' lang='lat'>275</span> 
     </span>
    </p>
   </div>
   <div class='ocr_carea' id='block_1_2' title="bbox 291 517 1090 1482">
    <p class='ocr_par' dir='ltr' id='par_1_2' title="bbox 291 517 1090 1482">
     <span class='ocr_line' id='line_1_2' title="bbox 291 517 1088 599; baseline -0.001 -16"><span class='ocrx_word' id='word_1_2' title='bbox 291 535 351 599; x_wconf 91' lang='lat' dir='ltr'>per</span> <span class='ocrx_word' id='word_1_3' title='bbox 384 518 566 598; x_wconf 90' lang='lat' dir='ltr'>apostolica</span> <span class='ocrx_word' id='word_1_4' title='bbox 606 517 699 580; x_wconf 93' lang='lat' dir='ltr'>vobis</span> <span class='ocrx_word' id='word_1_5' title='bbox 734 519 858 597; x_wconf 89' lang='lat' dir='ltr'>scripta</span> <span class='ocrx_word' id='word_1_6' title='bbox 893 519 1088 583; x_wconf 83' lang='lat' dir='ltr'><strong>mandantes</strong></span> 
     </span>
     <span class='ocr_line' id='line_1_3' title="bbox 291 618 1089 697; baseline -0.001 -17"><span class='ocrx_word' id='word_1_7' title='bbox 291 621 452 697; x_wconf 87' lang='lat' dir='ltr'>quatenus</span> <span class='ocrx_word' id='word_1_8' title='bbox 468 619 575 695; x_wconf 91' lang='lat' dir='ltr'>ipsum</span> <span class='ocrx_word' id='word_1_9' title='bbox 590 619 631 680; x_wconf 94' lang='lat' dir='ltr'>ob</span> <span class='ocrx_word' id='word_1_10' title='bbox 646 620 868 681; x_wconf 87' lang='lat' dir='ltr'>reverentiam</span> <span class='ocrx_word' id='word_1_11' title='bbox 894 619 1040 680; x_wconf 88' lang='lat' dir='ltr'>divinam</span> <span class='ocrx_word' id='word_1_12' title='bbox 1055 618 1089 680; x_wconf 90' lang='lat' dir='ltr'>et</span> 
     </span>
     <span class='ocr_line' id='line_1_4' title="bbox 291 715 1089 794; baseline 0 -16"><span class='ocrx_word' id='word_1_13' title='bbox 291 718 449 789; x_wconf 89' lang='lat' dir='ltr'>nostram,</span> <span class='ocrx_word' id='word_1_14' title='bbox 466 717 636 794; x_wconf 88' lang='lat' dir='ltr'>recipiatis</span> <span class='ocrx_word' id='word_1_15' title='bbox 651 717 686 778; x_wconf 94' lang='lat' dir='ltr'>in</span> <span class='ocrx_word' id='word_1_16' title='bbox 702 718 900 778; x_wconf 84' lang='lat' dir='ltr'>canonicum</span> <span class='ocrx_word' id='word_1_17' title='bbox 915 719 949 778; x_wconf 89' lang='lat' dir='ltr'>at</span> <span class='ocrx_word' id='word_1_18' title='bbox 965 717 1000 778; x_wconf 90' lang='lat' dir='ltr'>in</span> <span class='ocrx_word' id='word_1_19' title='bbox 1017 715 1089 778; x_wconf 89' lang='lat' dir='ltr'>lra-</span> 
     </span>
     <span class='ocr_line' id='line_1_5' title="bbox 291 814 1090 888; baseline -0.001 -11"><span class='ocrx_word' id='word_1_20' title='bbox 291 814 385 888; x_wconf 89' lang='lat' dir='ltr'>trem,</span> <span class='ocrx_word' id='word_1_21' title='bbox 414 815 447 877; x_wconf 89' lang='lat' dir='ltr'>et</span> <span class='ocrx_word' id='word_1_22' title='bbox 471 816 601 876; x_wconf 91' lang='lat' dir='ltr'>sincera</span> <span class='ocrx_word' id='word_1_23' title='bbox 621 816 656 876; x_wconf 93' lang='lat' dir='ltr'>in</span> <span class='ocrx_word' id='word_1_24' title='bbox 676 816 815 876; x_wconf 87' lang='lat' dir='ltr'>Domino</span> <span class='ocrx_word' id='word_1_25' title='bbox 836 815 974 877; x_wconf 89' lang='lat' dir='ltr'>caritate</span> <span class='ocrx_word' id='word_1_26' title='bbox 998 815 1090 876; x_wconf 90' lang='lat' dir='ltr'>trao-</span> 
     </span>
     <span class='ocr_line' id='line_1_6' title="bbox 292 913 1088 991; baseline -0.001 -16"><span class='ocrx_word' id='word_1_27' title='bbox 292 913 443 984; x_wconf 64' lang='grc'>11111111</span> <span class='ocrx_word' id='word_1_28' title='bbox 463 914 549 991; x_wconf 89' lang='lat' dir='ltr'>quod</span> <span class='ocrx_word' id='word_1_29' title='bbox 569 930 644 974; x_wconf 91' lang='lat' dir='ltr'>eum</span> <span class='ocrx_word' id='word_1_30' title='bbox 664 913 862 986; x_wconf 76' lang='lat' dir='ltr'>dilectionis,</span> <span class='ocrx_word' id='word_1_31' title='bbox 879 915 912 974; x_wconf 90' lang='lat' dir='ltr'>et</span> <span class='ocrx_word' id='word_1_32' title='bbox 926 929 1006 990; x_wconf 84' lang='lat' dir='ltr'>erga</span> <span class='ocrx_word' id='word_1_33' title='bbox 1028 928 1088 974; x_wconf 90' lang='lat' dir='ltr'>nos</span> 
     </span>
     <span class='ocr_line' id='line_1_7' title="bbox 291 1011 1090 1090; baseline 0 -18"><span class='ocrx_word' id='word_1_34' title='bbox 291 1011 488 1074; x_wconf 90' lang='lat' dir='ltr'>obedientiae</span> <span class='ocrx_word' id='word_1_35' title='bbox 511 1011 666 1074; x_wconf 84' lang='lat' dir='ltr'>affectum</span> <span class='ocrx_word' id='word_1_36' title='bbox 692 1027 808 1088; x_wconf 78' lang='lat' dir='ltr'>gerere</span> <span class='ocrx_word' id='word_1_37' title='bbox 834 1011 1021 1090; x_wconf 84' lang='lat' dir='ltr'>probemini</span> <span class='ocrx_word' id='word_1_38' title='bbox 1046 1027 1090 1073; x_wconf 84' lang='lat' dir='ltr'>ax</span> 
     </span>
     <span class='ocr_line' id='line_1_8' title="bbox 291 1109 1088 1182; baseline 0.001 -11"><span class='ocrx_word' id='word_1_39' title='bbox 291 1109 428 1182; x_wconf 82' lang='lat' dir='ltr'>effectu,</span> <span class='ocrx_word' id='word_1_40' title='bbox 457 1110 490 1171; x_wconf 90' lang='lat' dir='ltr'>et</span> <span class='ocrx_word' id='word_1_41' title='bbox 517 1125 579 1170; x_wconf 90' lang='lat' dir='ltr'>nos</span> <span class='ocrx_word' id='word_1_42' title='bbox 605 1109 698 1172; x_wconf 89' lang='lat' dir='ltr'>vobis</span> <span class='ocrx_word' id='word_1_43' title='bbox 725 1111 757 1172; x_wconf 90' lang='lat' dir='ltr'>et</span> <span class='ocrx_word' id='word_1_44' title='bbox 785 1110 936 1172; x_wconf 89' lang='lat' dir='ltr'>ecclesiae</span> <span class='ocrx_word' id='word_1_45' title='bbox 968 1109 1088 1172; x_wconf 77' lang='lat' dir='ltr'>vestras</span> 
     </span>
     <span class='ocr_line' id='line_1_9' title="bbox 291 1207 1088 1284; baseline -0.001 -15"><span class='ocrx_word' id='word_1_46' title='bbox 291 1207 438 1269; x_wconf 90' lang='lat' dir='ltr'>reddatis</span> <span class='ocrx_word' id='word_1_47' title='bbox 466 1207 667 1270; x_wconf 79' lang='lat' dir='ltr'>favorabiles</span> <span class='ocrx_word' id='word_1_48' title='bbox 701 1210 734 1270; x_wconf 90' lang='lat' dir='ltr'>et</span> <span class='ocrx_word' id='word_1_49' title='bbox 764 1208 935 1284; x_wconf 83' lang='lat' dir='ltr'>benignos.</span> <span class='ocrx_word' id='word_1_50' title='bbox 969 1209 1088 1269; x_wconf 89' lang='lat' dir='ltr'>Datum</span> 
     </span>
     <span class='ocr_line' id='line_1_10' title="bbox 292 1305 1088 1384; baseline 0 -18"><span class='ocrx_word' id='word_1_51' title='bbox 292 1305 460 1378; x_wconf 84' lang='lat' dir='ltr'>Laterani,</span> <span class='ocrx_word' id='word_1_52' title='bbox 475 1308 549 1368; x_wconf 86' lang='lat' dir='ltr'>XVI</span> <span class='ocrx_word' id='word_1_53' title='bbox 562 1306 723 1368; x_wconf 81' lang='lat' dir='ltr'>kalendas</span> <span class='ocrx_word' id='word_1_54' title='bbox 742 1307 865 1380; x_wconf 89' lang='lat' dir='ltr'>martii,</span> <span class='ocrx_word' id='word_1_55' title='bbox 878 1306 1088 1384; x_wconf 78' lang='lat' dir='ltr'>pontificatus</span> 
     </span>
     <span class='ocr_line' id='line_1_11' title="bbox 291 1403 635 1482; baseline 0.003 -18"><span class='ocrx_word' id='word_1_56' title='bbox 291 1403 399 1465; x_wconf 91' lang='lat' dir='ltr'>nestri</span> <span class='ocrx_word' id='word_1_57' title='bbox 414 1419 501 1466; x_wconf 91' lang='lat' dir='ltr'>anno</span> <span class='ocrx_word' id='word_1_58' title='bbox 515 1404 635 1482; x_wconf 84' lang='lat' dir='ltr'>primo.</span> 
     </span>
    </p>
   </div>
   <div class='ocr_carea' id='block_1_3' title="bbox 607 1653 779 1740">
    <p class='ocr_par' dir='ltr' id='par_1_3' title="bbox 607 1653 779 1740">
     <span class='ocr_line' id='line_1_12' title="bbox 607 1653 779 1740; baseline 0 0"><span class='ocrx_word' id='word_1_59' title='bbox 607 1653 779 1740; x_wconf 78' lang='lat' dir='ltr'>CCXXII</span> 
     </span>
    </p>
   </div>
   <div class='ocr_carea' id='block_1_4' title="bbox 293 1857 1090 2030">
    <p class='ocr_par' dir='ltr' id='par_1_4' title="bbox 293 1857 1090 2030">
     <span class='ocr_line' id='line_1_13' title="bbox 293 1857 1090 1919; baseline 0 -3"><span class='ocrx_word' id='word_1_60' title='bbox 293 1857 1090 1919; x_wconf 77' lang='lat' dir='ltr'>AdHenrieamaucemZiesiceetLaarenttam</span> 
     </span>
     <span class='ocr_line' id='line_1_14' title="bbox 424 1955 961 2030; baseline -0.006 -14"><span class='ocrx_word' id='word_1_61' title='bbox 424 1955 741 2018; x_wconf 60' lang='lat' dir='ltr'>wratislaviensem</span> <span class='ocrx_word' id='word_1_62' title='bbox 755 1959 961 2030; x_wconf 82' lang='lat' dir='ltr'>episcopam.</span> 
     </span>
    </p>
   </div>
   <div class='ocr_carea' id='block_1_5' title="bbox 339 2085 1042 2276">
    <p class='ocr_par' dir='ltr' id='par_1_5' title="bbox 339 2085 1042 2276">
     <span class='ocr_line' id='line_1_15' title="bbox 583 2085 797 2146; baseline 0.005 -1"><span class='ocrx_word' id='word_1_63' title='bbox 583 2085 702 2145; x_wconf 81' lang='grc'>111111.</span> <span class='ocrx_word' id='word_1_64' title='bbox 719 2089 797 2146; x_wconf 77' lang='lat' dir='ltr'>lali.</span> 
     </span>
     <span class='ocr_line' id='line_1_16' title="bbox 339 2210 1042 2276; baseline -0.001 -14"><span class='ocrx_word' id='word_1_65' title='bbox 339 2211 788 2276; x_wconf 70' lang='grc'>1111111111,111111111111111111,</span> <span class='ocrx_word' id='word_1_66' title='bbox 803 2213 832 2263; x_wconf 84' lang='grc' dir='ltr'>Τ.</span> <span class='ocrx_word' id='word_1_67' title='bbox 847 2212 868 2270; x_wconf 91' lang='grc'>1,</span> <span class='ocrx_word' id='word_1_68' title='bbox 878 2211 907 2262; x_wconf 88' lang='lat' dir='ltr'>P.</span> <span class='ocrx_word' id='word_1_69' title='bbox 920 2212 944 2270; x_wconf 79' lang='lat'>¹,</span> <span class='ocrx_word' id='word_1_70' title='bbox 960 2211 991 2262; x_wconf 86' lang='lat' dir='ltr'>N.</span> <span class='ocrx_word' id='word_1_71' title='bbox 1005 2210 1042 2276; x_wconf 79' lang='lat' dir='ltr'>tt]</span> 
     </span>
    </p>
   </div>
   <div class='ocr_carea' id='block_1_6' title="bbox 292 2354 1089 2592">
    <p class='ocr_par' dir='ltr' id='par_1_6' title="bbox 292 2354 1089 2592">
     <span class='ocr_line' id='line_1_17' title="bbox 292 2354 1089 2429; baseline 0 -17"><span class='ocrx_word' id='word_1_72' title='bbox 292 2355 362 2412; x_wconf 87' lang='lat' dir='ltr'>Duci</span> <span class='ocrx_word' id='word_1_73' title='bbox 378 2355 485 2413; x_wconf 82' lang='lat' dir='ltr'>silesiae</span> <span class='ocrx_word' id='word_1_74' title='bbox 495 2355 648 2427; x_wconf 86' lang='lat' dir='ltr'>quamdam</span> <span class='ocrx_word' id='word_1_75' title='bbox 662 2356 899 2428; x_wconf 88' lang='lat' dir='ltr'>compositionem</span> <span class='ocrx_word' id='word_1_76' title='bbox 913 2354 1089 2429; x_wconf 87' lang='lat' dir='ltr'>interipsum</span> 
     </span>
     <span class='ocr_line' id='line_1_18' title="bbox 327 2443 1087 2519; baseline 0 -18"><span class='ocrx_word' id='word_1_77' title='bbox 327 2449 355 2501; x_wconf 89' lang='lat' dir='ltr'>et</span> <span class='ocrx_word' id='word_1_78' title='bbox 374 2445 542 2519; x_wconf 84' lang='lat' dir='ltr'>eptscopum</span> <span class='ocrx_word' id='word_1_79' title='bbox 560 2445 825 2503; x_wconf 81' lang='lat' dir='ltr'>wratislaviensem</span> <span class='ocrx_word' id='word_1_80' title='bbox 845 2443 1006 2502; x_wconf 89' lang='lat' dir='ltr'>dedecimis</span> <span class='ocrx_word' id='word_1_81' title='bbox 1022 2460 1087 2518; x_wconf 87' lang='lat' dir='ltr'>por·</span> 
     </span>
     <span class='ocr_line' id='line_1_19' title="bbox 326 2532 760 2592; baseline 0.005 -3"><span class='ocrx_word' id='word_1_82' title='bbox 326 2532 471 2591; x_wconf 89' lang='lat' dir='ltr'>solvendis</span> <span class='ocrx_word' id='word_1_83' title='bbox 486 2533 586 2590; x_wconf 88' lang='lat' dir='ltr'>initam</span> <span class='ocrx_word' id='word_1_84' title='bbox 601 2533 760 2592; x_wconf 82' lang='grc'>1111111111.</span> 
     </span>
    </p>
   </div>
   <div class='ocr_carea' id='block_1_7' title="bbox 291 2689 1093 5799">
    <p class='ocr_par' dir='ltr' id='par_1_7' title="bbox 293 2689 1089 2858">
     <span class='ocr_line' id='line_1_20' title="bbox 332 2689 1089 2765; baseline 0 -17"><span class='ocrx_word' id='word_1_85' title='bbox 332 2689 499 2750; x_wconf 90' lang='lat' dir='ltr'>Honorius</span> <span class='ocrx_word' id='word_1_86' title='bbox 534 2689 729 2765; x_wconf 88' lang='lat' dir='ltr'>episcopus,</span> <span class='ocrx_word' id='word_1_87' title='bbox 765 2691 827 2750; x_wconf 88' lang='lat' dir='ltr'>stc.</span> <span class='ocrx_word' id='word_1_88' title='bbox 864 2689 984 2750; x_wconf 89' lang='lat' dir='ltr'>dilecto</span> <span class='ocrx_word' id='word_1_89' title='bbox 1020 2689 1089 2749; x_wconf 85' lang='lat' dir='ltr'>tilio</span> 
     </span>
     <span class='ocr_line' id='line_1_21' title="bbox 293 2785 1086 2858; baseline 0.001 -13"><span class='ocrx_word' id='word_1_90' title='bbox 293 2785 405 2845; x_wconf 89' lang='lat' dir='ltr'>Nobili</span> <span class='ocrx_word' id='word_1_91' title='bbox 431 2786 503 2847; x_wconf 91' lang='lat' dir='ltr'>viro</span> <span class='ocrx_word' id='word_1_92' title='bbox 527 2788 567 2846; x_wconf 91' lang='grc' dir='ltr'>Η.</span> <span class='ocrx_word' id='word_1_93' title='bbox 592 2785 666 2846; x_wconf 92' lang='lat' dir='ltr'>duci</span> <span class='ocrx_word' id='word_1_94' title='bbox 695 2786 822 2858; x_wconf 85' lang='lat' dir='ltr'>Zlesiae,</span> <span class='ocrx_word' id='word_1_95' title='bbox 846 2787 998 2858; x_wconf 88' lang='lat' dir='ltr'>salutem,</span> <span class='ocrx_word' id='word_1_96' title='bbox 1025 2788 1086 2847; x_wconf 89' lang='lat' dir='ltr'>oto.</span> 
     </span>
    </p>

    <p class='ocr_par' dir='ltr' id='par_1_8' title="bbox 291 2882 1093 5799">
     <span class='ocr_line' id='line_1_22' title="bbox 333 2882 1091 2955; baseline 0.001 -13"><span class='ocrx_word' id='word_1_97' title='bbox 333 2883 418 2942; x_wconf 91' lang='lat' dir='ltr'>Olim</span> <span class='ocrx_word' id='word_1_98' title='bbox 433 2882 520 2944; x_wconf 87' lang='lat' dir='ltr'>inter</span> <span class='ocrx_word' id='word_1_99' title='bbox 534 2883 855 2955; x_wconf 87' lang='lat' dir='ltr'>te‚acvsnerabilem</span> <span class='ocrx_word' id='word_1_100' title='bbox 867 2883 1001 2945; x_wconf 83' lang='lat' dir='ltr'>tratrem</span> <span class='ocrx_word' id='word_1_101' title='bbox 1017 2900 1091 2944; x_wconf 91' lang='lat' dir='ltr'>nos·</span> 
     </span>
     <span class='ocr_line' id='line_1_23' title="bbox 293 2981 1091 3058; baseline 0.003 -18"><span class='ocrx_word' id='word_1_102' title='bbox 293 2981 382 3040; x_wconf 90' lang='lat' dir='ltr'>trum</span> <span class='ocrx_word' id='word_1_103' title='bbox 393 2981 704 3042; x_wconf 81' lang='lat' dir='ltr'>wratislaviensem</span> <span class='ocrx_word' id='word_1_104' title='bbox 719 2982 908 3058; x_wconf 90' lang='lat' dir='ltr'>episcopum</span> <span class='ocrx_word' id='word_1_105' title='bbox 924 2997 1024 3058; x_wconf 90' lang='lat' dir='ltr'>super</span> <span class='ocrx_word' id='word_1_106' title='bbox 1038 2981 1091 3043; x_wconf 90' lang='lat' dir='ltr'>de-</span> 
     </span>
     <span class='ocr_line' id='line_1_24' title="bbox 292 3077 1087 3157; baseline 0.003 -19"><span class='ocrx_word' id='word_1_107' title='bbox 292 3077 389 3138; x_wconf 90' lang='lat' dir='ltr'>cimis</span> <span class='ocrx_word' id='word_1_108' title='bbox 413 3079 610 3156; x_wconf 82' lang='lat' dir='ltr'>praestandis</span> <span class='ocrx_word' id='word_1_109' title='bbox 630 3095 650 3140; x_wconf 90' lang='lat' dir='ltr'>a</span> <span class='ocrx_word' id='word_1_110' title='bbox 670 3079 867 3157; x_wconf 89' lang='lat' dir='ltr'>quibusdam</span> <span class='ocrx_word' id='word_1_111' title='bbox 886 3080 1087 3152; x_wconf 86' lang='lat' dir='ltr'>Teutonicis,</span> 
     </span>
     <span class='ocr_line' id='line_1_25' title="bbox 293 3176 1090 3253; baseline 0.004 -17"><span class='ocrx_word' id='word_1_112' title='bbox 293 3176 350 3253; x_wconf 84' lang='lat' dir='ltr'>qui</span> <span class='ocrx_word' id='word_1_113' title='bbox 365 3177 405 3237; x_wconf 92' lang='lat' dir='ltr'>de</span> <span class='ocrx_word' id='word_1_114' title='bbox 420 3193 506 3238; x_wconf 92' lang='lat' dir='ltr'>novo</span> <span class='ocrx_word' id='word_1_115' title='bbox 525 3177 567 3237; x_wconf 90' lang='lat' dir='ltr'>ad</span> <span class='ocrx_word' id='word_1_116' title='bbox 589 3177 679 3238; x_wconf 91' lang='lat' dir='ltr'>illius</span> <span class='ocrx_word' id='word_1_117' title='bbox 694 3179 793 3240; x_wconf 91' lang='lat' dir='ltr'>terrae</span> <span class='ocrx_word' id='word_1_118' title='bbox 816 3177 943 3239; x_wconf 90' lang='lat' dir='ltr'>inducti</span> <span class='ocrx_word' id='word_1_119' title='bbox 959 3176 1090 3239; x_wconf 87' lang='lat' dir='ltr'>inerant</span> 
     </span>
     <span class='ocr_line' id='line_1_26' title="bbox 294 3273 1092 3352; baseline 0.005 -20"><span class='ocrx_word' id='word_1_120' title='bbox 294 3273 487 3346; x_wconf 90' lang='lat' dir='ltr'>incolatum,</span> <span class='ocrx_word' id='word_1_121' title='bbox 509 3275 681 3351; x_wconf 89' lang='lat' dir='ltr'>questione</span> <span class='ocrx_word' id='word_1_122' title='bbox 699 3274 844 3348; x_wconf 88' lang='lat' dir='ltr'>suborta,</span> <span class='ocrx_word' id='word_1_123' title='bbox 861 3275 994 3336; x_wconf 88' lang='lat' dir='ltr'>tandem</span> <span class='ocrx_word' id='word_1_124' title='bbox 1017 3277 1092 3352; x_wconf 93' lang='lat' dir='ltr'>post</span> 
     </span>
     <span class='ocr_line' id='line_1_27' title="bbox 293 3369 1089 3450; baseline 0.004 -21"><span class='ocrx_word' id='word_1_125' title='bbox 293 3369 527 3446; x_wconf 79' lang='lat' dir='ltr'>altercationes</span> <span class='ocrx_word' id='word_1_126' title='bbox 552 3371 769 3449; x_wconf 90' lang='lat' dir='ltr'>multiplices,</span> <span class='ocrx_word' id='word_1_127' title='bbox 795 3371 978 3450; x_wconf 81' lang='lat' dir='ltr'>exquibus</span> <span class='ocrx_word' id='word_1_128' title='bbox 1014 3373 1089 3434; x_wconf 89' lang='lat' dir='ltr'>lites</span> 
     </span>
     <span class='ocr_line' id='line_1_28' title="bbox 293 3467 1090 3547; baseline 0.004 -19"><span class='ocrx_word' id='word_1_129' title='bbox 293 3483 338 3528; x_wconf 85' lang='lat' dir='ltr'>ex</span> <span class='ocrx_word' id='word_1_130' title='bbox 352 3467 465 3530; x_wconf 90' lang='lat' dir='ltr'>litibus</span> <span class='ocrx_word' id='word_1_131' title='bbox 485 3469 706 3531; x_wconf 89' lang='lat' dir='ltr'>nascebantur</span> <span class='ocrx_word' id='word_1_132' title='bbox 721 3471 753 3531; x_wconf 89' lang='lat' dir='ltr'>et</span> <span class='ocrx_word' id='word_1_133' title='bbox 768 3469 1008 3547; x_wconf 87' lang='lat' dir='ltr'>proveniebant</span> <span class='ocrx_word' id='word_1_134' title='bbox 1023 3470 1090 3531; x_wconf 91' lang='lat' dir='ltr'>odii</span> 
     </span>
     <span class='ocr_line' id='line_1_29' title="bbox 292 3565 1090 3631; baseline 0.005 -6"><span class='ocrx_word' id='word_1_135' title='bbox 292 3565 478 3629; x_wconf 86' lang='lat' dir='ltr'>simultates</span> <span class='ocrx_word' id='word_1_136' title='bbox 493 3567 528 3629; x_wconf 93' lang='lat' dir='ltr'>in</span> <span class='ocrx_word' id='word_1_137' title='bbox 543 3569 766 3630; x_wconf 87' lang='lat' dir='ltr'>venerabilem</span> <span class='ocrx_word' id='word_1_138' title='bbox 789 3568 924 3630; x_wconf 85' lang='lat' dir='ltr'>tratrem</span> <span class='ocrx_word' id='word_1_139' title='bbox 939 3569 1090 3631; x_wconf 88' lang='lat' dir='ltr'>nostrum</span> 
     </span>
     <span class='ocr_line' id='line_1_30' title="bbox 292 3664 1089 3744; baseline 0.004 -21"><span class='ocrx_word' id='word_1_140' title='bbox 292 3664 327 3723; x_wconf 86' lang='grc'>(1.</span> <span class='ocrx_word' id='word_1_141' title='bbox 344 3664 534 3743; x_wconf 91' lang='lat' dir='ltr'>episcopum</span> <span class='ocrx_word' id='word_1_142' title='bbox 550 3667 714 3744; x_wconf 87' lang='lat' dir='ltr'>quondam</span> <span class='ocrx_word' id='word_1_143' title='bbox 727 3667 1019 3739; x_wconf 86' lang='lat' dir='ltr'>Alverstalensem,</span> <span class='ocrx_word' id='word_1_144' title='bbox 1033 3667 1089 3729; x_wconf 90' lang='lat' dir='ltr'>vi-</span> 
     </span>
     <span class='ocr_line' id='line_1_31' title="bbox 291 3762 1090 3844; baseline 0.004 -21"><span class='ocrx_word' id='word_1_145' title='bbox 291 3778 366 3823; x_wconf 89' lang='lat' dir='ltr'>rum</span> <span class='ocrx_word' id='word_1_146' title='bbox 390 3763 564 3840; x_wconf 87' lang='lat' dir='ltr'>providum</span> <span class='ocrx_word' id='word_1_147' title='bbox 584 3765 616 3826; x_wconf 88' lang='lat' dir='ltr'>et</span> <span class='ocrx_word' id='word_1_148' title='bbox 640 3764 818 3826; x_wconf 89' lang='lat' dir='ltr'>discretum</span> <span class='ocrx_word' id='word_1_149' title='bbox 841 3762 933 3843; x_wconf 89' lang='lat' dir='ltr'>(pars</span> <span class='ocrx_word' id='word_1_150' title='bbox 951 3765 1090 3844; x_wconf 85' lang='lat' dir='ltr'>utraque</span> 
     </span>
     <span class='ocr_line' id='line_1_32' title="bbox 291 3860 1091 3940; baseline 0.003 -20"><span class='ocrx_word' id='word_1_151' title='bbox 291 3860 501 3922; x_wconf 91' lang='lat' dir='ltr'>concorditer</span> <span class='ocrx_word' id='word_1_152' title='bbox 515 3861 693 3940; x_wconf 84' lang='lat' dir='ltr'>promisit),</span> <span class='ocrx_word' id='word_1_153' title='bbox 711 3863 767 3939; x_wconf 88' lang='lat' dir='ltr'>qui</span> <span class='ocrx_word' id='word_1_154' title='bbox 781 3861 893 3924; x_wconf 87' lang='lat' dir='ltr'>habito</span> <span class='ocrx_word' id='word_1_155' title='bbox 909 3879 1010 3940; x_wconf 91' lang='lat' dir='ltr'>super</span> <span class='ocrx_word' id='word_1_156' title='bbox 1027 3863 1091 3923; x_wconf 91' lang='lat' dir='ltr'>hoo</span> 
     </span>
     <span class='ocr_line' id='line_1_33' title="bbox 292 3957 1088 4036; baseline 0.004 -17"><span class='ocrx_word' id='word_1_157' title='bbox 292 3957 444 4032; x_wconf 79' lang='lat' dir='ltr'>diligenti</span> <span class='ocrx_word' id='word_1_158' title='bbox 477 3960 635 4031; x_wconf 86' lang='lat' dir='ltr'>tractatu,</span> <span class='ocrx_word' id='word_1_159' title='bbox 657 3958 697 4020; x_wconf 91' lang='lat' dir='ltr'>de</span> <span class='ocrx_word' id='word_1_160' title='bbox 723 3961 867 4036; x_wconf 90' lang='lat' dir='ltr'>partium</span> <span class='ocrx_word' id='word_1_161' title='bbox 901 3960 1088 4032; x_wconf 85' lang='lat' dir='ltr'>voluntate,</span> 
     </span>
     <span class='ocr_line' id='line_1_34' title="bbox 294 4055 1088 4134; baseline 0.004 -19"><span class='ocrx_word' id='word_1_162' title='bbox 294 4055 383 4116; x_wconf 87' lang='lat' dir='ltr'>inter</span> <span class='ocrx_word' id='word_1_163' title='bbox 407 4071 466 4116; x_wconf 93' lang='lat' dir='ltr'>vos</span> <span class='ocrx_word' id='word_1_164' title='bbox 487 4071 617 4132; x_wconf 87' lang='lat' dir='ltr'>aequum</span> <span class='ocrx_word' id='word_1_165' title='bbox 649 4056 824 4117; x_wconf 89' lang='lat' dir='ltr'>arbitrium</span> <span class='ocrx_word' id='word_1_166' title='bbox 855 4057 1088 4134; x_wconf 83' lang='lat' dir='ltr'>promulgavit.</span> 
     </span>
     <span class='ocr_line' id='line_1_35' title="bbox 293 4152 1090 4232; baseline 0.004 -19"><span class='ocrx_word' id='word_1_167' title='bbox 293 4152 403 4223; x_wconf 89' lang='lat' dir='ltr'>Unde,</span> <span class='ocrx_word' id='word_1_168' title='bbox 430 4153 498 4212; x_wconf 87' lang='lat' dir='ltr'>lam</span> <span class='ocrx_word' id='word_1_169' title='bbox 524 4155 560 4212; x_wconf 90' lang='lat' dir='ltr'>tu</span> <span class='ocrx_word' id='word_1_170' title='bbox 587 4169 685 4229; x_wconf 92' lang='lat' dir='ltr'>quam</span> <span class='ocrx_word' id='word_1_171' title='bbox 710 4152 797 4213; x_wconf 91' lang='lat' dir='ltr'>idem</span> <span class='ocrx_word' id='word_1_172' title='bbox 834 4155 1024 4232; x_wconf 90' lang='lat' dir='ltr'>episcopus,</span> <span class='ocrx_word' id='word_1_173' title='bbox 1051 4169 1090 4216; x_wconf 88' lang='lat' dir='ltr'>ac</span> 
     </span>
     <span class='ocr_line' id='line_1_36' title="bbox 292 4248 1090 4314; baseline 0.003 -4"><span class='ocrx_word' id='word_1_174' title='bbox 292 4249 501 4311; x_wconf 90' lang='lat' dir='ltr'>venerabiles</span> <span class='ocrx_word' id='word_1_175' title='bbox 532 4248 652 4310; x_wconf 87' lang='lat' dir='ltr'>iratres</span> <span class='ocrx_word' id='word_1_176' title='bbox 681 4251 787 4311; x_wconf 90' lang='lat' dir='ltr'>nostri</span> <span class='ocrx_word' id='word_1_177' title='bbox 816 4254 857 4313; x_wconf 90' lang='grc' dir='ltr'>Η.</span> <span class='ocrx_word' id='word_1_178' title='bbox 888 4252 1090 4314; x_wconf 81' lang='lat' dir='ltr'>Gnaznansis</span> 
     </span>
     <span class='ocr_line' id='line_1_37' title="bbox 293 4347 1090 4424; baseline 0.003 -16"><span class='ocrx_word' id='word_1_179' title='bbox 293 4347 562 4424; x_wconf 80' lang='lat' dir='ltr'>archiepiscopus</span> <span class='ocrx_word' id='word_1_180' title='bbox 580 4349 613 4410; x_wconf 92' lang='lat' dir='ltr'>et</span> <span class='ocrx_word' id='word_1_181' title='bbox 630 4347 834 4424; x_wconf 84' lang='lat' dir='ltr'>suffraganei</span> <span class='ocrx_word' id='word_1_182' title='bbox 852 4349 915 4422; x_wconf 90' lang='lat' dir='ltr'>sui,</span> <span class='ocrx_word' id='word_1_183' title='bbox 939 4352 1090 4412; x_wconf 86' lang='lat' dir='ltr'>Decanus</span> 
     </span>
     <span class='ocr_line' id='line_1_38' title="bbox 295 4446 1091 4528; baseline 0.006 -22"><span class='ocrx_word' id='word_1_184' title='bbox 295 4462 425 4524; x_wconf 86' lang='lat' dir='ltr'>quoque</span> <span class='ocrx_word' id='word_1_185' title='bbox 456 4447 488 4508; x_wconf 92' lang='lat' dir='ltr'>et</span> <span class='ocrx_word' id='word_1_186' title='bbox 508 4446 694 4524; x_wconf 88' lang='lat' dir='ltr'>Capitulum</span> <span class='ocrx_word' id='word_1_187' title='bbox 715 4447 1008 4510; x_wconf 79' lang='lat' dir='ltr'>wratislavienses</span> <span class='ocrx_word' id='word_1_188' title='bbox 1032 4465 1091 4528; x_wconf 92' lang='lat' dir='ltr'>per</span> 
     </span>
     <span class='ocr_line' id='line_1_39' title="bbox 292 4543 1088 4623; baseline 0.004 -16"><span class='ocrx_word' id='word_1_189' title='bbox 292 4544 421 4607; x_wconf 89' lang='lat' dir='ltr'>vestras</span> <span class='ocrx_word' id='word_1_190' title='bbox 437 4545 565 4606; x_wconf 87' lang='lat' dir='ltr'>litteras</span> <span class='ocrx_word' id='word_1_191' title='bbox 580 4543 675 4605; x_wconf 91' lang='lat' dir='ltr'>nohis</span> <span class='ocrx_word' id='word_1_192' title='bbox 686 4544 856 4607; x_wconf 92' lang='lat' dir='ltr'>humiliter</span> <span class='ocrx_word' id='word_1_193' title='bbox 866 4546 1088 4623; x_wconf 87' lang='lat' dir='ltr'>supplicastis,</span> 
     </span>
     <span class='ocr_line' id='line_1_40' title="bbox 291 4643 1090 4707; baseline 0.001 -2"><span class='ocrx_word' id='word_1_194' title='bbox 291 4645 329 4705; x_wconf 94' lang='lat' dir='ltr'>ut</span> <span class='ocrx_word' id='word_1_195' title='bbox 342 4643 517 4705; x_wconf 90' lang='lat' dir='ltr'>arbitrium</span> <span class='ocrx_word' id='word_1_196' title='bbox 541 4644 706 4706; x_wconf 91' lang='lat' dir='ltr'>intervos</span> <span class='ocrx_word' id='word_1_197' title='bbox 728 4643 950 4705; x_wconf 89' lang='lat' dir='ltr'>amicabiliter</span> <span class='ocrx_word' id='word_1_198' title='bbox 971 4645 1090 4707; x_wconf 91' lang='lat' dir='ltr'>initum</span> 
     </span>
     <span class='ocr_line' id='line_1_41' title="bbox 292 4742 1091 4820; baseline 0.001 -16"><span class='ocrx_word' id='word_1_199' title='bbox 292 4759 330 4804; x_wconf 92' lang='lat' dir='ltr'>ao</span> <span class='ocrx_word' id='word_1_200' title='bbox 346 4743 461 4820; x_wconf 88' lang='lat' dir='ltr'>sponte</span> <span class='ocrx_word' id='word_1_201' title='bbox 477 4743 657 4819; x_wconf 90' lang='lat' dir='ltr'>receptum,</span> <span class='ocrx_word' id='word_1_202' title='bbox 669 4743 859 4820; x_wconf 80' lang='lat' dir='ltr'>Apostolico</span> <span class='ocrx_word' id='word_1_203' title='bbox 874 4742 1091 4818; x_wconf 84' lang='lat' dir='ltr'>dignaremur</span> 
     </span>
     <span class='ocr_line' id='line_1_42' title="bbox 292 4837 1093 4919; baseline 0.001 -17"><span class='ocrx_word' id='word_1_204' title='bbox 292 4837 475 4902; x_wconf 84' lang='lat' dir='ltr'>munimine</span> <span class='ocrx_word' id='word_1_205' title='bbox 491 4840 660 4902; x_wconf 91' lang='lat' dir='ltr'>roborare.</span> <span class='ocrx_word' id='word_1_206' title='bbox 679 4843 748 4903; x_wconf 91' lang='lat' dir='ltr'>Nos</span> <span class='ocrx_word' id='word_1_207' title='bbox 763 4841 866 4918; x_wconf 83' lang='lat' dir='ltr'>igitur</span> <span class='ocrx_word' id='word_1_208' title='bbox 878 4840 998 4903; x_wconf 89' lang='lat' dir='ltr'>vestris</span> <span class='ocrx_word' id='word_1_209' title='bbox 1015 4856 1093 4919; x_wconf 90' lang='lat' dir='ltr'>pre-</span> 
     </span>
     <span class='ocr_line' id='line_1_43' title="bbox 291 4937 1090 5017; baseline 0.001 -18"><span class='ocrx_word' id='word_1_210' title='bbox 291 4937 383 4999; x_wconf 89' lang='lat' dir='ltr'>cibus</span> <span class='ocrx_word' id='word_1_211' title='bbox 406 4940 501 5013; x_wconf 83' lang='lat' dir='ltr'>grato</span> <span class='ocrx_word' id='word_1_212' title='bbox 516 4939 751 5000; x_wconf 89' lang='lat' dir='ltr'>concurrentes</span> <span class='ocrx_word' id='word_1_213' title='bbox 775 4953 931 5010; x_wconf 90' lang='lat' dir='ltr'>assensu,</span> <span class='ocrx_word' id='word_1_214' title='bbox 951 4955 1090 5017; x_wconf 92' lang='lat' dir='ltr'>compo-</span> 
     </span>
     <span class='ocr_line' id='line_1_44' title="bbox 293 5036 1091 5114; baseline 0.003 -17"><span class='ocrx_word' id='word_1_215' title='bbox 293 5036 446 5097; x_wconf 89' lang='lat' dir='ltr'>sitionem</span> <span class='ocrx_word' id='word_1_216' title='bbox 468 5036 585 5112; x_wconf 88' lang='lat' dir='ltr'>ipsam,</span> <span class='ocrx_word' id='word_1_217' title='bbox 610 5037 696 5098; x_wconf 89' lang='lat' dir='ltr'>sicut</span> <span class='ocrx_word' id='word_1_218' title='bbox 721 5037 793 5098; x_wconf 91' lang='lat' dir='ltr'>sine</span> <span class='ocrx_word' id='word_1_219' title='bbox 817 5037 981 5114; x_wconf 90' lang='lat' dir='ltr'>pravitate</span> <span class='ocrx_word' id='word_1_220' title='bbox 1003 5037 1091 5100; x_wconf 86' lang='lat' dir='ltr'>facta</span> 
     </span>
     <span class='ocr_line' id='line_1_45' title="bbox 292 5133 1092 5213; baseline 0.001 -17"><span class='ocrx_word' id='word_1_221' title='bbox 292 5133 352 5203; x_wconf 90' lang='lat' dir='ltr'>est,</span> <span class='ocrx_word' id='word_1_222' title='bbox 369 5134 402 5194; x_wconf 91' lang='lat' dir='ltr'>et</span> <span class='ocrx_word' id='word_1_223' title='bbox 418 5133 459 5192; x_wconf 89' lang='lat' dir='ltr'>ab</span> <span class='ocrx_word' id='word_1_224' title='bbox 479 5134 620 5211; x_wconf 87' lang='lat' dir='ltr'>utraque</span> <span class='ocrx_word' id='word_1_225' title='bbox 641 5136 733 5211; x_wconf 89' lang='lat' dir='ltr'>parte</span> <span class='ocrx_word' id='word_1_226' title='bbox 760 5135 876 5212; x_wconf 88' lang='lat' dir='ltr'>sponte</span> <span class='ocrx_word' id='word_1_227' title='bbox 896 5137 1040 5213; x_wconf 89' lang='lat' dir='ltr'>recepta,</span> <span class='ocrx_word' id='word_1_228' title='bbox 1056 5137 1092 5198; x_wconf 92' lang='lat' dir='ltr'>ut</span> 
     </span>
     <span class='ocr_line' id='line_1_46' title="bbox 292 5231 1091 5311; baseline -0.003 -15"><span class='ocrx_word' id='word_1_229' title='bbox 292 5233 327 5296; x_wconf 92' lang='lat' dir='ltr'>in</span> <span class='ocrx_word' id='word_1_230' title='bbox 354 5231 583 5294; x_wconf 90' lang='lat' dir='ltr'>instrumentis</span> <span class='ocrx_word' id='word_1_231' title='bbox 617 5231 738 5292; x_wconf 85' lang='lat' dir='ltr'>exinde</span> <span class='ocrx_word' id='word_1_232' title='bbox 769 5231 928 5294; x_wconf 89' lang='lat' dir='ltr'>conlectis</span> <span class='ocrx_word' id='word_1_233' title='bbox 960 5234 1091 5311; x_wconf 87' lang='lat' dir='ltr'>plenius</span> 
     </span>
     <span class='ocr_line' id='line_1_47' title="bbox 293 5329 1090 5405; baseline 0 -13"><span class='ocrx_word' id='word_1_234' title='bbox 293 5331 491 5403; x_wconf 88' lang='lat' dir='ltr'>continetur,</span> <span class='ocrx_word' id='word_1_235' title='bbox 521 5330 717 5391; x_wconf 89' lang='lat' dir='ltr'>auctoritate</span> <span class='ocrx_word' id='word_1_236' title='bbox 745 5329 934 5405; x_wconf 79' lang='lat' dir='ltr'>apostolica</span> <span class='ocrx_word' id='word_1_237' title='bbox 963 5332 1090 5393; x_wconf 88' lang='lat' dir='ltr'>contir-</span> 
     </span>
     <span class='ocr_line' id='line_1_48' title="bbox 292 5427 1092 5506; baseline 0.003 -16"><span class='ocrx_word' id='word_1_238' title='bbox 292 5445 432 5498; x_wconf 89' lang='lat' dir='ltr'>mamus,</span> <span class='ocrx_word' id='word_1_239' title='bbox 446 5431 479 5490; x_wconf 90' lang='lat' dir='ltr'>et</span> <span class='ocrx_word' id='word_1_240' title='bbox 493 5428 666 5506; x_wconf 84' lang='lat' dir='ltr'>praesentis</span> <span class='ocrx_word' id='word_1_241' title='bbox 678 5427 793 5505; x_wconf 89' lang='lat' dir='ltr'>scripti</span> <span class='ocrx_word' id='word_1_242' title='bbox 806 5429 992 5506; x_wconf 88' lang='lat' dir='ltr'>patrocinio</span> <span class='ocrx_word' id='word_1_243' title='bbox 1006 5447 1092 5492; x_wconf 92' lang='lat' dir='ltr'>com·</span> 
     </span>
     <span class='ocr_line' id='line_1_49' title="bbox 293 5525 1092 5601; baseline 0 -13"><span class='ocrx_word' id='word_1_244' title='bbox 293 5527 472 5589; x_wconf 88' lang='lat' dir='ltr'>munimus.</span> <span class='ocrx_word' id='word_1_245' title='bbox 498 5525 589 5587; x_wconf 93' lang='lat' dir='ltr'>Nulli</span> <span class='ocrx_word' id='word_1_246' title='bbox 616 5541 707 5601; x_wconf 77' lang='lat' dir='ltr'>ergo,</span> <span class='ocrx_word' id='word_1_247' title='bbox 734 5527 796 5588; x_wconf 90' lang='lat' dir='ltr'>etc.</span> <span class='ocrx_word' id='word_1_248' title='bbox 821 5528 944 5588; x_wconf 85' lang='lat' dir='ltr'>nostrae</span> <span class='ocrx_word' id='word_1_249' title='bbox 969 5527 1092 5589; x_wconf 85' lang='lat' dir='ltr'>contir-</span> 
     </span>
     <span class='ocr_line' id='line_1_50' title="bbox 293 5623 1089 5699; baseline 0.001 -13"><span class='ocrx_word' id='word_1_250' title='bbox 293 5624 460 5686; x_wconf 89' lang='lat' dir='ltr'>mationis.</span> <span class='ocrx_word' id='word_1_251' title='bbox 480 5624 598 5686; x_wconf 90' lang='lat' dir='ltr'>Datum</span> <span class='ocrx_word' id='word_1_252' title='bbox 614 5623 781 5698; x_wconf 88' lang='lat' dir='ltr'>Laterani,</span> <span class='ocrx_word' id='word_1_253' title='bbox 800 5626 858 5687; x_wconf 83' lang='lat' dir='ltr'>XV</span> <span class='ocrx_word' id='word_1_254' title='bbox 874 5625 947 5686; x_wconf 88' lang='lat' dir='ltr'>Kal.</span> <span class='ocrx_word' id='word_1_255' title='bbox 966 5625 1089 5699; x_wconf 85' lang='lat' dir='ltr'>Martii,</span> 
     </span>
     <span class='ocr_line' id='line_1_51' title="bbox 295 5722 516 5799; baseline 0 -15"><span class='ocrx_word' id='word_1_256' title='bbox 295 5737 383 5784; x_wconf 90' lang='lat' dir='ltr'>anno</span> <span class='ocrx_word' id='word_1_257' title='bbox 399 5722 516 5799; x_wconf 89' lang='lat' dir='ltr'>primo.</span> 
     </span>
    </p>
   </div>
   <div class='ocr_carea' id='block_1_8' title="bbox 912 359 1324 424">
    <p class='ocr_par' dir='ltr' id='par_1_9' title="bbox 912 359 1324 424">
     <span class='ocr_line' id='line_1_52' title="bbox 912 359 1324 424; baseline 0.01 -4"><span class='ocrx_word' id='word_1_258' title='bbox 912 359 1089 420; x_wconf 84' lang='lat' dir='ltr'>HONORII</span> <span class='ocrx_word' id='word_1_259' title='bbox 1111 359 1155 420; x_wconf 92' lang='lat'>111</span> <span class='ocrx_word' id='word_1_260' title='bbox 1177 360 1324 424; x_wconf 79' lang='lat' dir='ltr'>OPERA.</span> 
     </span>
    </p>
   </div>
   <div class='ocr_carea' id='block_1_9' title="bbox 1449 529 1638 622">
    <p class='ocr_par' dir='ltr' id='par_1_10' title="bbox 1449 529 1638 622">
     <span class='ocr_line' id='line_1_53' title="bbox 1449 529 1638 622; baseline 0.021 -4"><span class='ocrx_word' id='word_1_261' title='bbox 1449 529 1638 622; x_wconf 81' lang='lat' dir='ltr'>CCXXIII</span> 
     </span>
    </p>
   </div>
   <div class='ocr_carea' id='block_1_10' title="bbox 1286 757 1794 832">
    <p class='ocr_par' dir='ltr' id='par_1_11' title="bbox 1286 757 1794 832">
     <span class='ocr_line' id='line_1_54' title="bbox 1286 757 1794 832; baseline 0.018 -16"><span class='ocrx_word' id='word_1_262' title='bbox 1286 757 1339 817; x_wconf 78' lang='lat' dir='ltr'>Aa</span> <span class='ocrx_word' id='word_1_263' title='bbox 1356 759 1552 832; x_wconf 80' lang='lat' dir='ltr'>episcopam</span> <span class='ocrx_word' id='word_1_264' title='bbox 1566 763 1794 825; x_wconf 80' lang='lat' dir='ltr'>Partsteasem.</span> 
     </span>
    </p>
   </div>
   <div class='ocr_carea' id='block_1_11' title="bbox 1191 928 1854 1134">
    <p class='ocr_par' dir='ltr' id='par_1_12' title="bbox 1191 928 1854 1134">
     <span class='ocr_line' id='line_1_55' title="bbox 1432 928 1654 989; baseline -0.005 -3"><span class='ocrx_word' id='word_1_265' title='bbox 1432 928 1555 986; x_wconf 81' lang='grc'>111111.</span> <span class='ocrx_word' id='word_1_266' title='bbox 1577 930 1654 989; x_wconf 75' lang='grc'>1217.</span> 
     </span>
     <span class='ocr_line' id='line_1_56' title="bbox 1191 1061 1854 1134; baseline 0.009 -22"><span class='ocrx_word' id='word_1_267' title='bbox 1191 1063 1298 1128; x_wconf 76' lang='grc'>[1111111.</span> <span class='ocrx_word' id='word_1_268' title='bbox 1312 1061 1348 1114; x_wconf 92' lang='lat' dir='ltr'>lib</span> <span class='ocrx_word' id='word_1_269' title='bbox 1372 1063 1392 1120; x_wconf 87' lang='lat' dir='ltr'>l,</span> <span class='ocrx_word' id='word_1_270' title='bbox 1403 1063 1477 1128; x_wconf 87' lang='lat' dir='ltr'>epist.</span> <span class='ocrx_word' id='word_1_271' title='bbox 1488 1063 1544 1114; x_wconf 74' lang='lat'>23⁷.</span> <span class='ocrx_word' id='word_1_272' title='bbox 1555 1066 1612 1116; x_wconf 81' lang='lat' dir='ltr'>tiss.</span> <span class='ocrx_word' id='word_1_273' title='bbox 1624 1066 1659 1117; x_wconf 89' lang='lat' dir='ltr'>Le</span> <span class='ocrx_word' id='word_1_274' title='bbox 1667 1067 1734 1117; x_wconf 87' lang='lat' dir='ltr'>Parte</span> <span class='ocrx_word' id='word_1_275' title='bbox 1745 1067 1854 1134; x_wconf 80' lang='grc'>11111111]</span> 
     </span>
    </p>
   </div>
   <div class='ocr_carea' id='block_1_12' title="bbox 1144 1215 1888 1630">
    <p class='ocr_par' dir='ltr' id='par_1_13' title="bbox 1144 1215 1888 1630">
     <span class='ocr_line' id='line_1_57' title="bbox 1144 1215 1886 1290; baseline 0.004 -14"><span class='ocrx_word' id='word_1_276' title='bbox 1144 1218 1180 1276; x_wconf 89' lang='lat' dir='ltr'>Ut</span> <span class='ocrx_word' id='word_1_277' title='bbox 1207 1215 1370 1290; x_wconf 87' lang='lat' dir='ltr'>Philippum</span> <span class='ocrx_word' id='word_1_278' title='bbox 1395 1216 1619 1276; x_wconf 86' lang='lat' dir='ltr'>Noviomensem</span> <span class='ocrx_word' id='word_1_279' title='bbox 1642 1217 1843 1278; x_wconf 81' lang='lat' dir='ltr'>archidiaconum</span> <span class='ocrx_word' id='word_1_280' title='bbox 1863 1222 1886 1279; x_wconf 85' lang='lat' dir='ltr'>cd</span> 
     </span>
     <span class='ocr_line' id='line_1_58' title="bbox 1178 1305 1886 1380; baseline 0.004 -17"><span class='ocrx_word' id='word_1_281' title='bbox 1178 1305 1370 1363; x_wconf 87' lang='lat' dir='ltr'>Parisiensem</span> <span class='ocrx_word' id='word_1_282' title='bbox 1389 1306 1541 1364; x_wconf 86' lang='lat' dir='ltr'>ecclesiam</span> <span class='ocrx_word' id='word_1_283' title='bbox 1565 1321 1667 1366; x_wconf 84' lang='lat' dir='ltr'>vacare</span> <span class='ocrx_word' id='word_1_284' title='bbox 1691 1307 1740 1380; x_wconf 88' lang='lat' dir='ltr'>ipsi</span> <span class='ocrx_word' id='word_1_285' title='bbox 1760 1309 1829 1366; x_wconf 83' lang='lat' dir='ltr'>liceat</span> <span class='ocrx_word' id='word_1_286' title='bbox 1848 1325 1886 1366; x_wconf 89' lang='grc'>111</span> 
     </span>
     <span class='ocr_line' id='line_1_59' title="bbox 1178 1393 1887 1471; baseline 0.006 -20"><span class='ocrx_word' id='word_1_287' title='bbox 1178 1393 1309 1452; x_wconf 87' lang='lat' dir='ltr'>obstante</span> <span class='ocrx_word' id='word_1_288' title='bbox 1329 1393 1441 1452; x_wconf 87' lang='lat' dir='ltr'>delectu</span> <span class='ocrx_word' id='word_1_289' title='bbox 1460 1395 1598 1454; x_wconf 87' lang='lat' dir='ltr'>natalium</span> <span class='ocrx_word' id='word_1_290' title='bbox 1618 1396 1691 1454; x_wconf 90' lang='lat' dir='ltr'>illios</span> <span class='ocrx_word' id='word_1_291' title='bbox 1715 1396 1828 1471; x_wconf 78' lang='lat' dir='ltr'>Phlippi,</span> <span class='ocrx_word' id='word_1_292' title='bbox 1843 1400 1887 1470; x_wconf 84' lang='grc'>1111</span> 
     </span>
     <span class='ocr_line' id='line_1_60' title="bbox 1179 1482 1888 1560; baseline 0 -18"><span class='ocrx_word' id='word_1_293' title='bbox 1179 1482 1309 1558; x_wconf 87' lang='lat' dir='ltr'>Philippo</span> <span class='ocrx_word' id='word_1_294' title='bbox 1322 1482 1523 1542; x_wconf 86' lang='lat' dir='ltr'>archidiacono</span> <span class='ocrx_word' id='word_1_295' title='bbox 1534 1483 1799 1557; x_wconf 79' lang='lat' dir='ltr'>quodamParisiensi</span> <span class='ocrx_word' id='word_1_296' title='bbox 1807 1488 1888 1560; x_wconf 83' lang='lat' dir='ltr'>genitu</span> 
     </span>
     <span class='ocr_line' id='line_1_61' title="bbox 1179 1569 1280 1630; baseline 0.01 -2"><span class='ocrx_word' id='word_1_297' title='bbox 1179 1569 1280 1630; x_wconf 84' lang='lat' dir='ltr'>luerat.</span> 
     </span>
    </p>
   </div>
   <div class='ocr_carea' id='block_1_13' title="bbox 1140 1753 1962 3695">
    <p class='ocr_par' dir='ltr' id='par_1_14' title="bbox 1140 1753 1888 1914">
     <span class='ocr_line' id='line_1_62' title="bbox 1183 1753 1888 1834; baseline 0 -18"><span class='ocrx_word' id='word_1_298' title='bbox 1183 1753 1364 1827; x_wconf 87' lang='lat' dir='ltr'>Honorius,</span> <span class='ocrx_word' id='word_1_299' title='bbox 1383 1756 1459 1827; x_wconf 79' lang='lat' dir='ltr'>ete,</span> <span class='ocrx_word' id='word_1_300' title='bbox 1475 1753 1660 1817; x_wconf 87' lang='lat' dir='ltr'>venerabili</span> <span class='ocrx_word' id='word_1_301' title='bbox 1672 1753 1761 1818; x_wconf 83' lang='lat' dir='ltr'>tratri</span> <span class='ocrx_word' id='word_1_302' title='bbox 1775 1755 1888 1834; x_wconf 89' lang='lat' dir='ltr'>episcope</span> 
     </span>
     <span class='ocr_line' id='line_1_63' title="bbox 1140 1851 1308 1914; baseline -0.006 -1"><span class='ocrx_word' id='word_1_303' title='bbox 1140 1851 1308 1914; x_wconf 79' lang='lat' dir='ltr'>Parisios.</span> 
     </span>
    </p>

    <p class='ocr_par' dir='ltr' id='par_1_15' title="bbox 1143 1949 1962 3695">
     <span class='ocr_line' id='line_1_64' title="bbox 1186 1949 1891 2027; baseline -0.001 -16"><span class='ocrx_word' id='word_1_304' title='bbox 1186 1953 1250 2012; x_wconf 91' lang='lat' dir='ltr'>Per</span> <span class='ocrx_word' id='word_1_305' title='bbox 1266 1949 1341 2013; x_wconf 89' lang='lat' dir='ltr'>tuas</span> <span class='ocrx_word' id='word_1_306' title='bbox 1363 1950 1459 2012; x_wconf 92' lang='lat' dir='ltr'>nobis</span> <span class='ocrx_word' id='word_1_307' title='bbox 1479 1951 1609 2014; x_wconf 89' lang='lat' dir='ltr'>litteras</span> <span class='ocrx_word' id='word_1_308' title='bbox 1624 1951 1784 2014; x_wconf 90' lang='lat' dir='ltr'>humililer</span> <span class='ocrx_word' id='word_1_309' title='bbox 1796 1949 1891 2027; x_wconf 90' lang='lat' dir='ltr'>suppli·</span> 
     </span>
     <span class='ocr_line' id='line_1_65' title="bbox 1144 2049 1891 2128; baseline -0.004 -18"><span class='ocrx_word' id='word_1_310' title='bbox 1144 2049 1238 2123; x_wconf 85' lang='lat' dir='ltr'>casti,</span> <span class='ocrx_word' id='word_1_311' title='bbox 1256 2049 1292 2111; x_wconf 87' lang='lat' dir='ltr'>ut</span> <span class='ocrx_word' id='word_1_312' title='bbox 1307 2049 1462 2111; x_wconf 85' lang='lat' dir='ltr'>dilectum</span> <span class='ocrx_word' id='word_1_313' title='bbox 1484 2049 1589 2112; x_wconf 89' lang='lat' dir='ltr'>illium</span> <span class='ocrx_word' id='word_1_314' title='bbox 1605 2049 1785 2128; x_wconf 90' lang='lat' dir='ltr'>Philippum</span> <span class='ocrx_word' id='word_1_315' title='bbox 1797 2049 1891 2109; x_wconf 86' lang='lat' dir='ltr'>Nevio-</span> 
     </span>
     <span class='ocr_line' id='line_1_66' title="bbox 1144 2145 1893 2210; baseline -0.004 -2"><span class='ocrx_word' id='word_1_316' title='bbox 1144 2164 1231 2208; x_wconf 89' lang='lat' dir='ltr'>men.</span> <span class='ocrx_word' id='word_1_317' title='bbox 1257 2148 1530 2209; x_wconf 87' lang='lat' dir='ltr'>archidiaconum</span> <span class='ocrx_word' id='word_1_318' title='bbox 1550 2147 1611 2210; x_wconf 89' lang='lat' dir='ltr'>tibi</span> <span class='ocrx_word' id='word_1_319' title='bbox 1635 2163 1750 2210; x_wconf 87' lang='lat' dir='ltr'>vocare</span> <span class='ocrx_word' id='word_1_320' title='bbox 1771 2145 1893 2208; x_wconf 76' lang='grc'>111111-</span> 
     </span>
     <span class='ocr_line' id='line_1_67' title="bbox 1144 2243 1893 2324; baseline -0.007 -18"><span class='ocrx_word' id='word_1_321' title='bbox 1144 2245 1287 2308; x_wconf 90' lang='lat' dir='ltr'>siensem</span> <span class='ocrx_word' id='word_1_322' title='bbox 1314 2246 1490 2307; x_wconf 92' lang='lat' dir='ltr'>ecclesiam</span> <span class='ocrx_word' id='word_1_323' title='bbox 1521 2245 1561 2308; x_wconf 91' lang='lat' dir='ltr'>de</span> <span class='ocrx_word' id='word_1_324' title='bbox 1585 2248 1698 2309; x_wconf 92' lang='lat' dir='ltr'>nostra</span> <span class='ocrx_word' id='word_1_325' title='bbox 1721 2243 1893 2324; x_wconf 87' lang='lat' dir='ltr'>permissione</span> 
     </span>
     <span class='ocr_line' id='line_1_68' title="bbox 1143 2341 1893 2424; baseline -0.005 -20"><span class='ocrx_word' id='word_1_326' title='bbox 1143 2344 1269 2418; x_wconf 86' lang='lat' dir='ltr'>liceret,</span> <span class='ocrx_word' id='word_1_327' title='bbox 1296 2344 1381 2424; x_wconf 84' lang='lat' dir='ltr'>quod</span> <span class='ocrx_word' id='word_1_328' title='bbox 1402 2360 1421 2405; x_wconf 90' lang='lat' dir='ltr'>a</span> <span class='ocrx_word' id='word_1_329' title='bbox 1440 2343 1536 2406; x_wconf 89' lang='lat' dir='ltr'>bonae</span> <span class='ocrx_word' id='word_1_330' title='bbox 1560 2345 1727 2406; x_wconf 88' lang='lat' dir='ltr'>memoriae</span> <span class='ocrx_word' id='word_1_331' title='bbox 1747 2343 1799 2404; x_wconf 87' lang='lat' dir='ltr'>Th.</span> <span class='ocrx_word' id='word_1_332' title='bbox 1823 2341 1893 2402; x_wconf 88' lang='lat' dir='ltr'>Pari·</span> 
     </span>
     <span class='ocr_line' id='line_1_69' title="bbox 1145 2437 1894 2518; baseline -0.007 -16"><span class='ocrx_word' id='word_1_333' title='bbox 1145 2442 1229 2503; x_wconf 89' lang='lat' dir='ltr'>sien.</span> <span class='ocrx_word' id='word_1_334' title='bbox 1246 2441 1482 2504; x_wconf 89' lang='lat' dir='ltr'>archidiacono</span> <span class='ocrx_word' id='word_1_335' title='bbox 1496 2442 1630 2518; x_wconf 89' lang='lat' dir='ltr'>genitus</span> <span class='ocrx_word' id='word_1_336' title='bbox 1646 2441 1752 2504; x_wconf 84' lang='lat' dir='ltr'>extitit</span> <span class='ocrx_word' id='word_1_337' title='bbox 1767 2455 1823 2501; x_wconf 91' lang='lat' dir='ltr'>non</span> <span class='ocrx_word' id='word_1_338' title='bbox 1839 2437 1894 2498; x_wconf 90' lang='lat' dir='ltr'>obs·</span> 
     </span>
     <span class='ocr_line' id='line_1_70' title="bbox 1143 2537 1896 2616; baseline -0.007 -16"><span class='ocrx_word' id='word_1_339' title='bbox 1143 2541 1244 2602; x_wconf 88' lang='lat' dir='ltr'>tante.</span> <span class='ocrx_word' id='word_1_340' title='bbox 1262 2540 1425 2613; x_wconf 88' lang='lat' dir='ltr'>Quoniam</span> <span class='ocrx_word' id='word_1_341' title='bbox 1437 2541 1539 2616; x_wconf 83' lang='lat' dir='ltr'>igitur</span> <span class='ocrx_word' id='word_1_342' title='bbox 1554 2557 1631 2602; x_wconf 89' lang='lat' dir='ltr'>cum</span> <span class='ocrx_word' id='word_1_343' title='bbox 1647 2540 1756 2602; x_wconf 89' lang='lat' dir='ltr'>eodem</span> <span class='ocrx_word' id='word_1_344' title='bbox 1767 2537 1896 2600; x_wconf 87' lang='lat' dir='ltr'>archidia-</span> 
     </span>
     <span class='ocr_line' id='line_1_71' title="bbox 1145 2631 1896 2715; baseline -0.011 -16"><span class='ocrx_word' id='word_1_345' title='bbox 1145 2654 1228 2699; x_wconf 91' lang='lat' dir='ltr'>cone</span> <span class='ocrx_word' id='word_1_346' title='bbox 1244 2637 1286 2698; x_wconf 89' lang='lat' dir='ltr'>ad</span> <span class='ocrx_word' id='word_1_347' title='bbox 1295 2637 1454 2700; x_wconf 90' lang='lat' dir='ltr'>humilem</span> <span class='ocrx_word' id='word_1_348' title='bbox 1470 2637 1651 2700; x_wconf 89' lang='lat' dir='ltr'>multorum</span> <span class='ocrx_word' id='word_1_349' title='bbox 1666 2639 1866 2715; x_wconf 88' lang='lat' dir='ltr'>episcoporum</span> <span class='ocrx_word' id='word_1_350' title='bbox 1875 2631 1896 2692; x_wconf 87' lang='lat' dir='ltr'>et</span> 
     </span>
     <span class='ocr_line' id='line_1_72' title="bbox 1144 2731 1898 2812; baseline -0.009 -16"><span class='ocrx_word' id='word_1_351' title='bbox 1144 2736 1287 2798; x_wconf 91' lang='lat' dir='ltr'>aliorum</span> <span class='ocrx_word' id='word_1_352' title='bbox 1307 2736 1521 2812; x_wconf 90' lang='lat' dir='ltr'>praelatorum</span> <span class='ocrx_word' id='word_1_353' title='bbox 1550 2735 1742 2798; x_wconf 87' lang='lat' dir='ltr'>instantiam</span> <span class='ocrx_word' id='word_1_354' title='bbox 1760 2733 1795 2795; x_wconf 94' lang='lat' dir='ltr'>de</span> <span class='ocrx_word' id='word_1_355' title='bbox 1811 2731 1863 2794; x_wconf 84' lang='lat' dir='ltr'>vita</span> <span class='ocrx_word' id='word_1_356' title='bbox 1876 2731 1898 2790; x_wconf 90' lang='lat' dir='ltr'>el</span> 
     </span>
     <span class='ocr_line' id='line_1_73' title="bbox 1145 2827 1898 2908; baseline -0.007 -15"><span class='ocrx_word' id='word_1_357' title='bbox 1145 2833 1284 2896; x_wconf 88' lang='lat' dir='ltr'>scientia</span> <span class='ocrx_word' id='word_1_358' title='bbox 1307 2833 1371 2895; x_wconf 90' lang='lat' dir='ltr'>sibi</span> <span class='ocrx_word' id='word_1_359' title='bbox 1390 2833 1617 2896; x_wconf 91' lang='lat' dir='ltr'>testimenium</span> <span class='ocrx_word' id='word_1_360' title='bbox 1641 2832 1798 2894; x_wconf 90' lang='lat' dir='ltr'>laudabile</span> <span class='ocrx_word' id='word_1_361' title='bbox 1816 2827 1898 2908; x_wconf 91' lang='lat' dir='ltr'>perhi-</span> 
     </span>
     <span class='ocr_line' id='line_1_74' title="bbox 1144 2925 1898 3010; baseline -0.011 -18"><span class='ocrx_word' id='word_1_362' title='bbox 1144 2931 1303 3005; x_wconf 89' lang='lat' dir='ltr'>bentium,</span> <span class='ocrx_word' id='word_1_363' title='bbox 1323 2948 1425 3009; x_wconf 89' lang='lat' dir='ltr'>super</span> <span class='ocrx_word' id='word_1_364' title='bbox 1441 2931 1633 3010; x_wconf 91' lang='lat' dir='ltr'>hujusmodi</span> <span class='ocrx_word' id='word_1_365' title='bbox 1648 2931 1772 2993; x_wconf 86' lang='lat' dir='ltr'>delectu</span> <span class='ocrx_word' id='word_1_366' title='bbox 1784 2925 1898 2990; x_wconf 86' lang='lat' dir='ltr'>deberi-</span> 
     </span>
     <span class='ocr_line' id='line_1_75' title="bbox 1145 3026 1898 3106; baseline -0.009 -17"><span class='ocrx_word' id='word_1_367' title='bbox 1145 3030 1270 3106; x_wconf 82' lang='lat' dir='ltr'>gnitate</span> <span class='ocrx_word' id='word_1_368' title='bbox 1299 3029 1394 3091; x_wconf 87' lang='lat' dir='ltr'>Sedis</span> <span class='ocrx_word' id='word_1_369' title='bbox 1425 3028 1625 3106; x_wconf 86' lang='lat' dir='ltr'>Apostolicae</span> <span class='ocrx_word' id='word_1_370' title='bbox 1656 3026 1898 3106; x_wconf 89' lang='lat' dir='ltr'>dispensavimus,</span> 
     </span>
     <span class='ocr_line' id='line_1_76' title="bbox 1144 3120 1900 3204; baseline -0.013 -16"><span class='ocrx_word' id='word_1_371' title='bbox 1144 3126 1204 3189; x_wconf 90' lang='lat' dir='ltr'>tibi</span> <span class='ocrx_word' id='word_1_372' title='bbox 1220 3128 1433 3204; x_wconf 90' lang='lat' dir='ltr'>praesentium</span> <span class='ocrx_word' id='word_1_373' title='bbox 1452 3127 1653 3188; x_wconf 86' lang='lat' dir='ltr'>auctoritate</span> <span class='ocrx_word' id='word_1_374' title='bbox 1669 3125 1864 3192; x_wconf 86' lang='lat' dir='ltr'>concedimus,</span> <span class='ocrx_word' id='word_1_375' title='bbox 1877 3120 1900 3178; x_wconf 91' lang='lat' dir='ltr'>ut</span> 
     </span>
     <span class='ocr_line' id='line_1_77' title="bbox 1144 3221 1900 3303; baseline -0.011 -17"><span class='ocrx_word' id='word_1_376' title='bbox 1144 3226 1382 3303; x_wconf 90' lang='lat' dir='ltr'>impedimento</span> <span class='ocrx_word' id='word_1_377' title='bbox 1395 3241 1462 3286; x_wconf 93' lang='lat' dir='ltr'>non</span> <span class='ocrx_word' id='word_1_378' title='bbox 1480 3225 1633 3286; x_wconf 87' lang='lat' dir='ltr'>obstante</span> <span class='ocrx_word' id='word_1_379' title='bbox 1649 3223 1808 3302; x_wconf 85' lang='lat' dir='ltr'>praedicto,</span> <span class='ocrx_word' id='word_1_380' title='bbox 1821 3221 1900 3296; x_wconf 89' lang='lat' dir='ltr'>ipsun</span> 
     </span>
     <span class='ocr_line' id='line_1_78' title="bbox 1144 3320 1902 3396; baseline -0.013 -12"><span class='ocrx_word' id='word_1_381' title='bbox 1144 3323 1186 3384; x_wconf 88' lang='lat' dir='ltr'>ad</span> <span class='ocrx_word' id='word_1_382' title='bbox 1200 3324 1292 3384; x_wconf 87' lang='lat' dir='ltr'>tuam</span> <span class='ocrx_word' id='word_1_383' title='bbox 1307 3323 1412 3385; x_wconf 91' lang='lat' dir='ltr'>libere</span> <span class='ocrx_word' id='word_1_384' title='bbox 1422 3339 1521 3384; x_wconf 88' lang='lat' dir='ltr'>voces</span> <span class='ocrx_word' id='word_1_385' title='bbox 1534 3322 1723 3394; x_wconf 88' lang='lat' dir='ltr'>ecclesiam,</span> <span class='ocrx_word' id='word_1_386' title='bbox 1744 3320 1770 3380; x_wconf 91' lang='lat' dir='ltr'>si</span> <span class='ocrx_word' id='word_1_387' title='bbox 1787 3322 1846 3396; x_wconf 91' lang='lat' dir='ltr'>ejus</span> <span class='ocrx_word' id='word_1_388' title='bbox 1861 3330 1902 3374; x_wconf 85' lang='grc'>11</span> 
     </span>
     <span class='ocr_line' id='line_1_79' title="bbox 1146 3416 1900 3498; baseline -0.017 -16"><span class='ocrx_word' id='word_1_389' title='bbox 1146 3422 1315 3482; x_wconf 81' lang='lat' dir='ltr'>sationem</span> <span class='ocrx_word' id='word_1_390' title='bbox 1333 3421 1398 3498; x_wconf 92' lang='lat' dir='ltr'>ipsi</span> <span class='ocrx_word' id='word_1_391' title='bbox 1413 3421 1562 3482; x_wconf 89' lang='lat' dir='ltr'>ecclesiae</span> <span class='ocrx_word' id='word_1_392' title='bbox 1579 3419 1704 3481; x_wconf 90' lang='lat' dir='ltr'>videris</span> <span class='ocrx_word' id='word_1_393' title='bbox 1724 3416 1900 3497; x_wconf 78' lang='lat' dir='ltr'>profuturam.</span> 
     </span>
     <span class='ocr_line' id='line_1_80' title="bbox 1145 3510 1901 3595; baseline -0.016 -15"><span class='ocrx_word' id='word_1_394' title='bbox 1145 3521 1264 3580; x_wconf 86' lang='lat' dir='ltr'>Datum</span> <span class='ocrx_word' id='word_1_395' title='bbox 1292 3517 1459 3590; x_wconf 88' lang='lat' dir='ltr'>Laterani,</span> <span class='ocrx_word' id='word_1_396' title='bbox 1483 3517 1610 3578; x_wconf 90' lang='lat' dir='ltr'>decimo</span> <span class='ocrx_word' id='word_1_397' title='bbox 1639 3517 1753 3595; x_wconf 89' lang='lat' dir='ltr'>quinto</span> <span class='ocrx_word' id='word_1_398' title='bbox 1777 3510 1901 3576; x_wconf 85' lang='lat' dir='ltr'>kalendas</span> 
     </span>
     <span class='ocr_line' id='line_1_81' title="bbox 1145 3615 1962 3695; baseline -0.006 -17"><span class='ocrx_word' id='word_1_399' title='bbox 1145 3617 1267 3692; x_wconf 90' lang='lat' dir='ltr'>martii,</span> <span class='ocrx_word' id='word_1_400' title='bbox 1282 3616 1492 3695; x_wconf 81' lang='lat' dir='ltr'>pontificatus</span> <span class='ocrx_word' id='word_1_401' title='bbox 1505 3615 1611 3677; x_wconf 93' lang='lat' dir='ltr'>nostri</span> <span class='ocrx_word' id='word_1_402' title='bbox 1628 3631 1716 3678; x_wconf 90' lang='lat' dir='ltr'>anno</span> <span class='ocrx_word' id='word_1_403' title='bbox 1732 3615 1836 3694; x_wconf 90' lang='lat' dir='ltr'>primo.</span> <span class='ocrx_word' id='word_1_404' title='bbox 1959 3625 1962 3688; x_wconf 74' lang='grc'>1</span> 
     </span>
    </p>
   </div>
   <div class='ocr_carea' id='block_1_14' title="bbox 1448 3884 1638 3972">
    <p class='ocr_par' dir='ltr' id='par_1_16' title="bbox 1448 3884 1638 3972">
     <span class='ocr_line' id='line_1_82' title="bbox 1448 3884 1638 3972; baseline 0.005 -1"><span class='ocrx_word' id='word_1_405' title='bbox 1448 3884 1638 3972; x_wconf 80' lang='lat' dir='ltr'>GCXXIV</span> 
     </span>
    </p>
   </div>
   <div class='ocr_carea' id='block_1_15' title="bbox 1144 4070 1906 4541">
    <p class='ocr_par' dir='ltr' id='par_1_17' title="bbox 1144 4070 1906 4541">
     <span class='ocr_line' id='line_1_83' title="bbox 1144 4070 1903 4147; baseline -0.021 -7"><span class='ocrx_word' id='word_1_406' title='bbox 1144 4079 1196 4140; x_wconf 79' lang='lat' dir='ltr'>Aa</span> <span class='ocrx_word' id='word_1_407' title='bbox 1221 4079 1414 4140; x_wconf 69' lang='lat' dir='ltr'>albericum</span> <span class='ocrx_word' id='word_1_408' title='bbox 1426 4077 1643 4147; x_wconf 77' lang='lat' dir='ltr'>Remeasem,</span> <span class='ocrx_word' id='word_1_409' title='bbox 1667 4075 1808 4137; x_wconf 69' lang='lat' dir='ltr'>Petraea</span> <span class='ocrx_word' id='word_1_410' title='bbox 1822 4070 1903 4130; x_wconf 80' lang='lat' dir='ltr'>sem</span> 
     </span>
     <span class='ocr_line' id='line_1_84' title="bbox 1184 4173 1906 4249; baseline -0.017 -11"><span class='ocrx_word' id='word_1_411' title='bbox 1184 4190 1326 4238; x_wconf 75' lang='lat' dir='ltr'>oensem</span> <span class='ocrx_word' id='word_1_412' title='bbox 1339 4175 1372 4236; x_wconf 87' lang='lat' dir='ltr'>et</span> <span class='ocrx_word' id='word_1_413' title='bbox 1386 4175 1593 4236; x_wconf 80' lang='lat' dir='ltr'>Ruinaldum</span> <span class='ocrx_word' id='word_1_414' title='bbox 1606 4173 1854 4249; x_wconf 71' lang='lat' dir='ltr'>Laedaneascm</span> <span class='ocrx_word' id='word_1_415' title='bbox 1862 4173 1906 4222; x_wconf 80' lang='grc'>11·</span> 
     </span>
     <span class='ocr_line' id='line_1_85' title="bbox 1184 4255 1905 4347; baseline -0.031 -11"><span class='ocrx_word' id='word_1_416' title='bbox 1184 4276 1422 4347; x_wconf 71' lang='lat' dir='ltr'>chwpiseepos,</span> <span class='ocrx_word' id='word_1_417' title='bbox 1441 4285 1628 4346; x_wconf 75' lang='lat' dir='ltr'>eorumque</span> <span class='ocrx_word' id='word_1_418' title='bbox 1650 4271 1868 4346; x_wconf 66' lang='lat' dir='ltr'>suffrapaeeos</span> <span class='ocrx_word' id='word_1_419' title='bbox 1883 4255 1905 4316; x_wconf 84' lang='lat' dir='ltr'>cl</span> 
     </span>
     <span class='ocr_line' id='line_1_86' title="bbox 1184 4359 1904 4444; baseline -0.025 -10"><span class='ocrx_word' id='word_1_420' title='bbox 1184 4373 1322 4434; x_wconf 83' lang='lat' dir='ltr'>abbates</span> <span class='ocrx_word' id='word_1_421' title='bbox 1344 4369 1377 4431; x_wconf 87' lang='lat' dir='ltr'>el</span> <span class='ocrx_word' id='word_1_422' title='bbox 1398 4372 1550 4444; x_wconf 79' lang='lat' dir='ltr'>priores,</span> <span class='ocrx_word' id='word_1_423' title='bbox 1580 4359 1904 4440; x_wconf 72' lang='grc'>1111111111111111·</span> 
     </span>
     <span class='ocr_line' id='line_1_87' title="bbox 1185 4463 1841 4541; baseline -0.017 -10"><span class='ocrx_word' id='word_1_424' title='bbox 1185 4484 1287 4532; x_wconf 84' lang='lat' dir='ltr'>eonos</span> <span class='ocrx_word' id='word_1_425' title='bbox 1299 4469 1334 4530; x_wconf 89' lang='lat' dir='ltr'>et</span> <span class='ocrx_word' id='word_1_426' title='bbox 1347 4469 1432 4530; x_wconf 76' lang='lat' dir='ltr'>aiios</span> <span class='ocrx_word' id='word_1_427' title='bbox 1444 4469 1670 4529; x_wconf 80' lang='lat' dir='ltr'>ecclesiaram</span> <span class='ocrx_word' id='word_1_428' title='bbox 1679 4463 1841 4541; x_wconf 76' lang='lat' dir='ltr'>praela.</span> 
     </span>
    </p>
   </div>
   <div class='ocr_carea' id='block_1_16' title="bbox 1193 4678 1874 4882">
    <p class='ocr_par' dir='ltr' id='par_1_18' title="bbox 1193 4678 1874 4882">
     <span class='ocr_line' id='line_1_88' title="bbox 1431 4678 1656 4738; baseline -0.009 0"><span class='ocrx_word' id='word_1_429' title='bbox 1431 4678 1553 4738; x_wconf 75' lang='grc'>1511111.</span> <span class='ocrx_word' id='word_1_430' title='bbox 1577 4679 1656 4738; x_wconf 72' lang='lat' dir='ltr'>till.</span> 
     </span>
     <span class='ocr_line' id='line_1_89' title="bbox 1193 4798 1874 4882; baseline -0.007 -15"><span class='ocrx_word' id='word_1_431' title='bbox 1193 4815 1344 4882; x_wconf 79' lang='lat' dir='ltr'>[Maurique.</span> <span class='ocrx_word' id='word_1_432' title='bbox 1355 4813 1468 4866; x_wconf 79' lang='lat' dir='ltr'>Annales</span> <span class='ocrx_word' id='word_1_433' title='bbox 1481 4813 1670 4876; x_wconf 80' lang='lat' dir='ltr'>cistercienses,</span> <span class='ocrx_word' id='word_1_434' title='bbox 1690 4816 1710 4863; x_wconf 91' lang='lat' dir='ltr'>t.</span> <span class='ocrx_word' id='word_1_435' title='bbox 1729 4811 1770 4870; x_wconf 78' lang='lat' dir='ltr'>lt,</span> <span class='ocrx_word' id='word_1_436' title='bbox 1784 4823 1807 4874; x_wconf 84' lang='lat' dir='ltr'>p·</span> <span class='ocrx_word' id='word_1_437' title='bbox 1821 4798 1874 4862; x_wconf 60' lang='lat'>¹⁰¹]</span> 
     </span>
    </p>
   </div>
   <div class='ocr_carea' id='block_1_17' title="bbox 1146 4973 1907 5334">
    <p class='ocr_par' dir='ltr' id='par_1_19' title="bbox 1146 4973 1907 5334">
     <span class='ocr_line' id='line_1_90' title="bbox 1146 4973 1905 5066; baseline -0.032 -12"><span class='ocrx_word' id='word_1_438' title='bbox 1146 4993 1327 5066; x_wconf 80' lang='grc'>1111111111,</span> <span class='ocrx_word' id='word_1_439' title='bbox 1352 5009 1417 5052; x_wconf 91' lang='lat' dir='ltr'>cum</span> <span class='ocrx_word' id='word_1_440' title='bbox 1441 4993 1543 5052; x_wconf 88' lang='lat' dir='ltr'>abbate</span> <span class='ocrx_word' id='word_1_441' title='bbox 1570 5000 1598 5051; x_wconf 96' lang='grc'>11</span> <span class='ocrx_word' id='word_1_442' title='bbox 1623 4997 1766 5051; x_wconf 87' lang='lat' dir='ltr'>convento</span> <span class='ocrx_word' id='word_1_443' title='bbox 1788 4973 1905 5047; x_wconf 80' lang='lat' dir='ltr'>claraval-</span> 
     </span>
     <span class='ocr_line' id='line_1_91' title="bbox 1180 5066 1907 5156; baseline -0.032 -15"><span class='ocrx_word' id='word_1_444' title='bbox 1180 5085 1253 5141; x_wconf 87' lang='lat' dir='ltr'>lensi</span> <span class='ocrx_word' id='word_1_445' title='bbox 1270 5084 1367 5142; x_wconf 87' lang='lat' dir='ltr'>Cister.</span> <span class='ocrx_word' id='word_1_446' title='bbox 1389 5083 1449 5141; x_wconf 89' lang='lat' dir='ltr'>ord.</span> <span class='ocrx_word' id='word_1_447' title='bbox 1471 5081 1507 5140; x_wconf 89' lang='lat' dir='ltr'>de</span> <span class='ocrx_word' id='word_1_448' title='bbox 1528 5083 1587 5140; x_wconf 89' lang='lat' dir='ltr'>suis</span> <span class='ocrx_word' id='word_1_449' title='bbox 1612 5078 1790 5156; x_wconf 88' lang='lat' dir='ltr'>parochianis</span> <span class='ocrx_word' id='word_1_450' title='bbox 1807 5066 1907 5145; x_wconf 83' lang='lat' dir='ltr'>querelas</span> 
     </span>
     <span class='ocr_line' id='line_1_92' title="bbox 1182 5154 1907 5246; baseline -0.029 -16"><span class='ocrx_word' id='word_1_451' title='bbox 1182 5174 1354 5246; x_wconf 87' lang='grc'>1111111111,</span> <span class='ocrx_word' id='word_1_452' title='bbox 1371 5187 1421 5229; x_wconf 88' lang='grc'>111</span> <span class='ocrx_word' id='word_1_453' title='bbox 1436 5169 1472 5229; x_wconf 89' lang='lat' dir='ltr'>ad</span> <span class='ocrx_word' id='word_1_454' title='bbox 1486 5170 1679 5229; x_wconf 85' lang='lat' dir='ltr'>exhibendam</span> <span class='ocrx_word' id='word_1_455' title='bbox 1692 5167 1824 5244; x_wconf 85' lang='lat' dir='ltr'>justitiam</span> <span class='ocrx_word' id='word_1_456' title='bbox 1838 5154 1907 5216; x_wconf 83' lang='lat' dir='ltr'>ecclc·</span> 
     </span>
     <span class='ocr_line' id='line_1_93' title="bbox 1182 5259 1613 5334; baseline -0.002 -15"><span class='ocrx_word' id='word_1_457' title='bbox 1182 5261 1295 5319; x_wconf 88' lang='lat' dir='ltr'>siastica</span> <span class='ocrx_word' id='word_1_458' title='bbox 1308 5259 1484 5318; x_wconf 89' lang='lat' dir='ltr'>districtione</span> <span class='ocrx_word' id='word_1_459' title='bbox 1496 5266 1613 5334; x_wconf 83' lang='lat' dir='ltr'>cogant.</span> 
     </span>
    </p>
   </div>
   <div class='ocr_carea' id='block_1_18' title="bbox 1146 5391 1910 5786">
    <p class='ocr_par' dir='ltr' id='par_1_20' title="bbox 1146 5391 1910 5786">
     <span class='ocr_line' id='line_1_94' title="bbox 1186 5391 1906 5502; baseline -0.025 -24"><span class='ocrx_word' id='word_1_460' title='bbox 1186 5415 1354 5478; x_wconf 87' lang='lat' dir='ltr'>Honorius</span> <span class='ocrx_word' id='word_1_461' title='bbox 1365 5415 1540 5492; x_wconf 92' lang='lat' dir='ltr'>episcopus</span> <span class='ocrx_word' id='word_1_462' title='bbox 1552 5427 1669 5476; x_wconf 89' lang='lat' dir='ltr'>servus</span> <span class='ocrx_word' id='word_1_463' title='bbox 1681 5417 1842 5473; x_wconf 90' lang='lat' dir='ltr'>servorum</span> <span class='ocrx_word' id='word_1_464' title='bbox 1855 5391 1906 5502; x_wconf 73' lang='lat' dir='ltr'>hei·</span> 
     </span>
     <span class='ocr_line' id='line_1_95' title="bbox 1147 5495 1908 5586; baseline -0.032 -9"><span class='ocrx_word' id='word_1_465' title='bbox 1147 5513 1337 5585; x_wconf 85' lang='lat' dir='ltr'>Rhemensi,</span> <span class='ocrx_word' id='word_1_466' title='bbox 1352 5511 1548 5582; x_wconf 79' lang='lat' dir='ltr'>senonensi,</span> <span class='ocrx_word' id='word_1_467' title='bbox 1571 5505 1782 5586; x_wconf 78' lang='lat' dir='ltr'>Lugdunensi</span> <span class='ocrx_word' id='word_1_468' title='bbox 1800 5495 1908 5562; x_wconf 80' lang='lat' dir='ltr'>archie-</span> 
     </span>
     <span class='ocr_line' id='line_1_96' title="bbox 1146 5589 1910 5690; baseline -0.03 -17"><span class='ocrx_word' id='word_1_469' title='bbox 1146 5611 1302 5690; x_wconf 89' lang='lat' dir='ltr'>piscopis,</span> <span class='ocrx_word' id='word_1_470' title='bbox 1328 5611 1495 5673; x_wconf 88' lang='lat' dir='ltr'>eteorum</span> <span class='ocrx_word' id='word_1_471' title='bbox 1518 5605 1748 5684; x_wconf 81' lang='lat' dir='ltr'>suffraganeis,</span> <span class='ocrx_word' id='word_1_472' title='bbox 1775 5601 1805 5662; x_wconf 87' lang='lat' dir='ltr'>et</span> <span class='ocrx_word' id='word_1_473' title='bbox 1831 5589 1910 5656; x_wconf 85' lang='lat' dir='ltr'>abba·</span> 
     </span>
     <span class='ocr_line' id='line_1_97' title="bbox 1146 5683 1910 5786; baseline -0.016 -14"><span class='ocrx_word' id='word_1_474' title='bbox 1146 5710 1248 5783; x_wconf 91' lang='lat' dir='ltr'>tibus,</span> <span class='ocrx_word' id='word_1_475' title='bbox 1273 5707 1452 5786; x_wconf 91' lang='lat' dir='ltr'>prioribus,</span> <span class='ocrx_word' id='word_1_476' title='bbox 1476 5706 1624 5780; x_wconf 87' lang='lat' dir='ltr'>decanis,</span> <span class='ocrx_word' id='word_1_477' title='bbox 1645 5693 1864 5766; x_wconf 82' lang='lat' dir='ltr'>orbiniaconis</span> <span class='ocrx_word' id='word_1_478' title='bbox 1886 5683 1910 5743; x_wconf 67' lang='lat'>0²</span> 
     </span>
    </p>
   </div>
   <div class='ocr_carea' id='block_1_19' title="bbox 0 0 2002 6308">
    <p class='ocr_par' dir='ltr' id='par_1_21' title="bbox 0 0 2002 6308">
     <span class='ocr_line' id='line_1_98' title="bbox 0 0 2002 6308; baseline 0 0"><span class='ocrx_word' id='word_1_479' title='bbox 0 0 2002 6308; x_wconf 95' lang='lat' dir='ltr'> </span> 
     </span>
    </p>
   </div>
  </div>
 </body>
</html>
