4014 6312
81 299 139 394 nr

76 490 206 569 rigando
225 489 368 566 tepidus,
391 489 424 550 et
450 487 572 550 fratres
599 471 721 566 saepius
748 488 864 551 moniti

76 588 312 666 incorrigibiles
343 587 602 666 permanserint,
638 586 682 648 ad
707 589 863 663 generale

76 688 249 765 capitulum
265 685 444 758 referatur,
463 675 495 747 at
516 685 602 747 sicut
616 684 734 746 melius
756 685 863 746 visum

75 787 176 856 luerit,
204 784 346 846 consilio
368 783 534 860 generalis
552 783 688 860 capituli
707 784 865 844 emende-

74 887 133 956 tur,
149 885 181 944 et
200 883 365 944 sententia
385 883 420 942 in
443 882 506 943 bac
528 883 621 957 parte
639 881 776 959 capituli
792 883 864 943 sina

74 981 268 1044 retractione
281 981 393 1058 aliqua
409 980 614 1042 observetur.

110 1079 239 1151 Quoties
264 1094 344 1140 vero
370 1079 511 1140 ecclesia
535 1077 862 1142 Praemonstratensis

76 1179 140 1238 siue
154 1176 272 1239 abbate
285 1175 395 1248 fuerit,
413 1176 454 1239 ad
468 1175 624 1255 praefatos
639 1177 709 1238 tres
727 1175 862 1238 abbatas

75 1279 139 1352 ejus
161 1290 241 1336 cura
265 1275 434 1352 respiciat,
463 1277 496 1336 et
525 1289 544 1336 a
568 1273 739 1336 canonicis
758 1274 863 1351 ipsius

76 1373 228 1446 ecclesiae,
252 1387 463 1434 cumeorum
487 1373 642 1445 consilio,
665 1387 807 1450 persona
828 1372 862 1433 in

74 1469 215 1532 abbatem
256 1469 377 1532 idonea
416 1470 576 1547 eligatur,
614 1470 655 1532 ad
686 1468 863 1532 consilium

75 1585 160 1630 suum
188 1569 333 1646 quatuor
356 1568 433 1630 aliis
457 1568 631 1631 abbatibus
654 1565 696 1629 ad
713 1567 863 1629 eamdem

75 1667 237 1728 ecclesiam
257 1666 511 1744 pertinentibus
530 1667 657 1744 pariter
676 1666 860 1738 advocans,

75 1781 147 1842 quos
162 1764 225 1841 ipsi
240 1765 395 1826 canonici
411 1764 619 1841 providerint
639 1763 860 1826 advocandos.

75 1863 176 1924 Liceat
204 1877 336 1940 quoque
365 1863 545 1940 unicuique
578 1861 676 1924 matri
709 1861 862 1924 ecclesias

76 1959 189 2020 ordinis
209 1959 328 2033 vestri,
349 1975 423 2021 cum
445 1960 587 2022 consilio
612 1959 742 2022 abbatis
764 1963 862 2021 Prae-

75 2058 328 2130 monstratensis,
359 2056 400 2120 de
423 2057 598 2120 abbatibus
625 2058 861 2132 ecclesiarum,

76 2173 138 2232 quaa
150 2155 188 2217 ab
199 2171 236 2216 aa
246 2151 451 2233 processisse
464 2157 658 2228 noscuntur,
675 2157 746 2218 sive
760 2157 862 2218 etiam

76 2254 110 2313 de
135 2254 196 2315 alia
215 2254 367 2331 eJusdam
385 2254 513 2315 ordinis
532 2254 691 2316 inferiore
707 2253 860 2327 ecclesia,

78 2350 140 2423 slbi,
163 2367 401 2430 quemcumque
422 2351 600 2423 voluerint,
620 2353 650 2414 si
664 2353 775 2414 tamen
789 2351 864 2413 ido-

78 2465 150 2509 neus
167 2450 326 2522 extiterit,
345 2449 381 2510 ln
400 2448 552 2512 abbatem
575 2465 757 2511 assumere.
779 2451 864 2511 Per-

79 2561 179 2607 sonam
206 2547 318 2610 autem
342 2547 382 2609 de
408 2547 475 2608 alio
492 2546 619 2621 ordine,
641 2548 733 2609 nul-la
755 2547 864 2608 eccle-

79 2643 189 2705 siarum
216 2648 406 2709 vestrarum
428 2645 492 2707 sibi
512 2645 614 2722 eligat
640 2647 675 2707 in
697 2644 860 2716 abbatem,

79 2757 129 2802 neo
143 2743 239 2804 vestri
250 2743 380 2805 ordinis
391 2743 502 2822 aliqua
512 2743 548 2804 in
561 2742 712 2805 abbatem
723 2759 861 2805 monas-

80 2839 145 2900 terii
168 2841 305 2902 alferius
334 2841 471 2913 ordinis,
500 2841 566 2902 nisi
594 2843 634 2903 de
663 2843 862 2904 auctoritate

81 2937 220 3000 llomanae
243 2939 404 3000 Ecclesiae
433 2938 615 3001 ordinetur.
641 2939 734 3001 Nulli
761 2939 862 3001 etiam

82 3035 241 3096 canonicos
255 3036 310 3098 vel
325 3050 505 3112 conversos
518 3023 660 3108 vestros,
676 3036 749 3097 sine
762 3035 863 3096 licen·

80 3131 119 3191 tia
129 3131 274 3194 abbatum
289 3150 439 3206 suorum,
456 3133 607 3211 recipere
621 3135 680 3218 aut
692 3136 862 3211 susceptos

80 3225 167 3292 liceat
184 3233 341 3294 retinere.
368 3234 455 3294 Sane
476 3230 560 3292 nulli
583 3232 734 3296 ecclesiae
758 3231 863 3294 vestri

80 3327 188 3388 ordinis
207 3329 309 3391 liceat
331 3328 372 3390 ad
388 3329 534 3407 aliquam
559 3329 661 3390 aliam
680 3329 863 3406 professio-

80 3438 142 3484 nem
164 3425 350 3493 temeritate
367 3426 515 3505 qualibet
537 3441 573 3488 se
596 3426 792 3489 transferre.
824 3427 858 3487 Si

81 3537 141 3595 qua
165 3541 239 3585 vero
273 3524 428 3586 ecclesiae
456 3525 693 3587 canonicorum
722 3525 861 3586 alterius

80 3617 199 3693 ordinis,
220 3623 259 3683 ad
280 3622 432 3684 ordinem
455 3623 602 3684 vestrum
627 3623 795 3698 venerint3
820 3623 861 3684 ad

80 3716 234 3780 ecclesiam
263 3719 371 3782 vestri
396 3720 522 3781 ordinis
546 3721 690 3781 babeant
709 3721 782 3780 sine
807 3735 864 3782 re-

80 3811 243 3890 fragatione
258 3820 458 3894 respectum,
475 3817 511 3878 in
529 3834 595 3896 qua
612 3818 794 3879 noscuntur
810 3833 863 3879 or·

82 3907 175 3974 dinem
189 3915 337 3976 vestrum
351 3915 565 3991 assumpisse.

113 4010 266 4074 Praeterea
281 4013 312 4073 si
327 4012 415 4074 inter
434 4012 563 4090 aliquas
585 4011 745 4073 ecclesias
758 4011 862 4073 vestri

82 4105 191 4169 ordinis
207 4110 245 4172 de
260 4109 499 4187 temporalibus
515 4110 654 4187 quaestio
676 4110 859 4182 emerserit,

82 4217 136 4264 non
149 4209 237 4270 extra
259 4208 411 4270 ordinem
431 4207 659 4270 ecclesiastica
675 4209 729 4270 vel
751 4223 861 4270 saeou-

82 4297 150 4363 laris
168 4306 336 4369 audientia
365 4306 579 4382 requiratur3
610 4307 666 4367 sed
696 4306 861 4368 mediante

84 4398 375 4467 premonstratensi
392 4403 510 4465 abbate
526 4404 697 4465 etcaateris
711 4419 793 4481 quos
808 4419 863 4465 vo·

84 4499 202 4573 caverit,
218 4502 275 4564 aut
286 4501 461 4564 caritative
469 4502 620 4563 intereas
634 4502 859 4578 componatur,

83 4596 130 4654 aut
156 4598 272 4661 auditis
306 4599 479 4677 utriusque
513 4599 710 4670 rationibus,
746 4599 860 4660 eadem

83 4693 288 4758 controversia
311 4698 402 4775 justo
425 4696 552 4774 jndicio
575 4693 782 4761 terminetur.
812 4696 859 4758 Ad

83 4792 222 4866 majorem
235 4811 365 4873 quoque
378 4795 504 4856 ordinis
523 4796 627 4856 vestri
646 4811 760 4883 pacem
776 4811 860 4856 con-

84 4891 270 4965 servandam,
286 4893 468 4954 districtius
485 4892 710 4969 probibemus,
730 4909 772 4954 ne
792 4893 859 4954 ali-

84 4985 145 5056 quis
156 4990 362 5062 praelatorum
377 4991 429 5051 vel
441 4989 647 5052 subditorum
660 4979 858 5063 vestrorum,

84 5077 112 5138 in
126 5081 160 5142 iis
175 5103 243 5163 quae
256 5089 297 5150 ad
306 5087 516 5165 disciplinam
527 5089 560 5150 et
571 5088 722 5150 instituta
734 5088 860 5150 ordinis

85 5183 224 5256 spectant,
236 5186 366 5257 audeat,
383 5185 480 5264 prout
501 5186 658 5247 statutum
674 5186 725 5248 est
743 5186 777 5246 in
793 5189 859 5247 La-

84 5273 235 5342 teranensi
251 5284 409 5356 Concilio,
426 5283 594 5360 appellare
611 5305 619 5346 :
637 5282 694 5344 sed
716 5281 745 5344 si
765 5285 860 5361 quis-

87 5371 159 5444 liam
174 5379 333 5456 appellare
348 5381 536 5450 tentaverit,
570 5380 787 5442 nihilominus
810 5381 859 5441 illi

87 5484 207 5542 quorum
247 5478 386 5541 interest
422 5478 610 5555 regularem
649 5479 858 5555 disciplinam

87 5579 223 5635 exercere
248 5575 417 5638 debebunt.
442 5579 489 5638 De
517 5578 638 5638 caetero
661 5577 858 5654 quoniame

89 5665 251 5744 strepitust
266 5675 407 5738 tumultu
421 5673 633 5738 secularium
648 5676 776 5748 remoti,
794 5691 851 5758 pa·
892 5713 896 5722 =

707 305 937 390 arrsrours.
961 329 1039 390 nra.
1063 331 1088 392 1.

1660 337 1719 400 402

910 471 991 550 'c'em
1007 491 1039 552 et
1053 489 1197 568 quietem
1212 485 1362 567 diligitis,
1376 493 1533 570 grangias
1545 495 1674 557 vestras
1689 495 1722 558 at

919 587 1041 659 curtes,
1064 589 1150 650 sicut
1171 589 1204 650 et
1218 589 1303 651 atria
1319 591 1351 652 et
1366 590 1582 653 eeclesiarum
1603 609 1621 654 a
1637 609 1720 670 pra-

919 701 1036 746 vorum
1050 686 1187 747 incursu
1200 691 1233 748 et
1245 688 1403 749 violentia
1423 689 1545 750 liberas
1562 690 1632 751 fore
1647 707 1722 751 san·

919 783 1024 844 cimus
1041 805 1047 844 :
1065 783 1277 861 prohibentes
1293 788 1328 846 ut
1350 787 1460 846 nullus
1483 787 1529 848 ibi
1552 787 1720 849 hominem

918 897 1049 958 capere,
1067 882 1224 958 spoliare,
1238 882 1427 956 verberare,
1443 901 1502 944 seu
1519 885 1718 958 interficere,

918 980 975 1041 ant
987 980 1109 1042 furtum
1127 980 1179 1042 vel
1195 980 1346 1058 rapinam
1363 983 1567 1045 committere
1586 984 1718 1047 audeat.

959 1077 1005 1138 Ob
1029 1077 1200 1140 evitandas
1232 1094 1312 1140 vero
1340 1078 1541 1140 secularium
1570 1081 1719 1143 virorum

919 1174 1133 1253 frequentias,
1158 1175 1298 1238 liberum
1323 1177 1366 1239 sit
1391 1177 1495 1250 vobis,
1526 1179 1618 1240 salvo
1642 1183 1720 1256 Jure

918 1272 1181 1336 dioecesanorum
1218 1275 1469 1352 episcoporum,
1504 1277 1651 1338 oratoria
1683 1277 1719 1338 in

918 1371 1068 1448 grangiis
1082 1372 1114 1434 et
1126 1371 1275 1434 curtibus
1286 1374 1407 1435 vestris
1418 1375 1622 1446 construere,
1640 1374 1672 1436 et
1685 1375 1720 1436 in

918 1468 1001 1546 ipsis
1016 1469 1110 1531 vobis
1132 1471 1164 1532 et
1180 1469 1315 1533 familiae
1330 1471 1450 1533 vestrae
1468 1471 1581 1533 divina
1597 1472 1718 1545 officia,

919 1581 1019 1643 quum
1035 1583 1171 1629 necasse
1186 1567 1286 1630 fuerit
1300 1569 1482 1641 celebrare,
1501 1571 1533 1632 et
1548 1571 1653 1648 ipsam
1669 1569 1722 1632 fa-

918 1664 1056 1738 miliam,
1070 1666 1135 1726 nisi
1144 1665 1249 1744 aliqui
1257 1667 1325 1729 sint
1336 1666 1391 1744 qui
1405 1667 1572 1729 invicinia
1585 1668 1718 1745 propria

918 1761 1062 1824 habeant
1086 1763 1266 1833 domicilia,
1288 1763 1328 1824 ad
1349 1764 1603 1838 confessionem,
1624 1781 1718 1826 com-

918 1861 1109 1922 munionem
1120 1864 1153 1924 et
1164 1862 1580 1939 sepulturam,cumvestri
1592 1863 1719 1924 ordinis

918 1947 1090 2036 suscipere
1117 1959 1301 2022 honestate.
1330 1959 1445 2022 Liceat
1471 1976 1601 2039 quoque
1626 1961 1718 2022 vobis

918 2072 1078 2133 personas
1100 2056 1224 2119 liberas
1244 2058 1277 2119 et
1298 2057 1467 2120 absolutas
1494 2074 1512 2120 a
1534 2059 1646 2120 seculo
1662 2059 1718 2119 fu-

917 2153 1058 2230 gientes.
1082 2155 1122 2216 ad
1145 2156 1396 2217 conversionem
1415 2156 1577 2234 recipere,
1605 2173 1644 2218 ac
1661 2172 1718 2218 aas

918 2251 1099 2313 cumrebus
1111 2254 1181 2314 suis
1195 2252 1320 2331 absque
1332 2253 1593 2316 contradictione
1606 2253 1718 2333 aliqua

917 2351 1079 2426 retinere;
1096 2351 1247 2412 infirmos
1270 2367 1400 2429 quoque
1417 2351 1597 2424 absolutos,
1615 2352 1719 2428 quiin

917 2449 1065 2510 extrema
1080 2448 1251 2510 voluntate
1265 2449 1306 2510 ad
1323 2465 1383 2510 vos
1400 2465 1436 2510 se
1449 2449 1637 2523 transferri,
1661 2451 1719 2512 aut

917 2545 1004 2622 apud
1040 2562 1100 2609 vos
1136 2545 1272 2624 sepeliri
1301 2545 1569 2620 deliberaverint,
1606 2547 1717 2609 nullus

916 2643 1078 2720 impedire
1100 2660 1160 2704 seu
1183 2659 1239 2705 res
1261 2660 1376 2706 sorum
1392 2645 1558 2721 legitimas
1572 2646 1718 2708 retinere

917 2743 1107 2818 praesumat,
1134 2741 1360 2804 salvatamen
1382 2742 1553 2804 haeredum
1568 2743 1719 2819 legitima

917 2839 1079 2916 portione,
1096 2840 1130 2901 et
1144 2839 1304 2901 canonica
1315 2837 1447 2918 justitia
1462 2840 1596 2902 illarum
1610 2839 1720 2904 eccle-

917 2937 1043 2998 siarum
1058 2953 1077 2998 a
1094 2937 1213 3015 quibus
1228 2938 1433 2999 mortuorum
1453 2954 1593 3016 corpora
1616 2955 1716 2999 assu-

919 3035 1063 3096 montur.

958 3133 1008 3193 Ad
1030 3133 1166 3210 majoris
1181 3132 1281 3194 etiam
1295 3131 1422 3194 ordinis
1435 3133 1539 3196 vestri
1554 3149 1716 3220 reveren-

916 3229 1009 3303 tiam,
1024 3233 1056 3292 et
1070 3230 1235 3306 regularis
1246 3230 1431 3309 disciplinae
1459 3231 1715 3304 observantiam,

917 3327 1023 3398 vobis,
1040 3328 1101 3388 filii
1114 3327 1260 3402 abbates,
1276 3328 1441 3407 subjectos
1449 3333 1576 3392 vestros
1589 3329 1718 3407 ligandi

917 3427 950 3487 et
965 3425 1125 3499 solvendi,
1136 3425 1269 3504 plenam
1286 3427 1497 3489 concedimus
1513 3428 1715 3490 facultatem.

918 3523 1001 3596 Quia
1014 3539 1092 3586 vera
1109 3524 1239 3601 singula
1256 3541 1328 3602 quae
1343 3526 1385 3587 ad
1395 3525 1570 3602 religionis
1586 3525 1720 3603 profec-

916 3623 985 3682 tum
1001 3623 1034 3682 et
1048 3621 1234 3683 animarum
1250 3622 1390 3684 salutem
1411 3623 1600 3697 ordinastis,
1625 3639 1716 3700 prae-

917 3719 1003 3780 senti
1029 3717 1272 3780 abbreviationi
1299 3719 1521 3797 nequivarunt
1557 3721 1715 3783 annecti:

917 3832 978 3878 nos
993 3832 1068 3877 cum
1079 3817 1121 3877 ils
1132 3831 1205 3894 quaa
1217 3816 1340 3894 scripta
1354 3818 1441 3889 sunt,
1458 3817 1715 3879 consuetudines

916 3915 1056 3986 vestras,
1090 3929 1173 3992 quas
1203 3914 1290 3976 inter
1317 3930 1377 3976 vos
1400 3913 1572 3991 religionis
1594 3915 1717 3978 intuitu

917 4011 1118 4088 regulariter
1146 4011 1321 4086 statuistis,
1347 4014 1380 4075 et
1400 4013 1557 4090 deinceps
1582 4015 1717 4075 auctore

918 4110 1058 4171 Domino
1075 4109 1238 4182 statuetis,
1254 4110 1452 4173 auctoritate
1465 4110 1654 4188 Apostolica
1664 4127 1717 4174 ro·

916 4207 1085 4281 boramus,
1102 4209 1135 4270 et
1149 4207 1242 4270 vobis
1256 4209 1443 4286 vestrisque
1456 4210 1714 4283 successoribus,

916 4307 950 4368 et
976 4305 1128 4368 omnibus
1152 4305 1209 4383 qui
1238 4306 1387 4368 ordinem
1410 4309 1555 4370 vestrum
1576 4307 1718 4385 professi

916 4403 1041 4466 fuerint
1059 4403 1227 4481 perpetuis
1250 4404 1454 4482 temporibus
1480 4405 1718 4467 inviolabiliter

916 4501 1141 4563 observandas
1157 4502 1585 4578 decernimusNeoaliquae
1595 4503 1714 4565 litterae

916 4598 1062 4662 babeant
1086 4599 1107 4660 fi
1165 4599 1170 4612 '
1210 4600 1287 4671 tem,
1310 4599 1643 4677 quaatacitonomine
1658 4614 1716 4661 or-

916 4697 1003 4758 dinis
1033 4701 1203 4758 Praemons
1218 4697 1375 4767 ratensis,
1393 4700 1509 4759 contra
1529 4697 1715 4760 libertatem

916 4793 1009 4856 vobis
1031 4794 1073 4854 ab
1092 4776 1282 4870 apostolica
1308 4794 1391 4855 Sede
1418 4794 1574 4866 indultas,
1592 4795 1716 4860 fuerint

915 4891 1111 4970 impetratae.
1150 4893 1237 4953 Saue
1268 4891 1420 4953 laborum
1451 4894 1640 4955 vestrorum
1675 4895 1716 4956 de

901 5068 903 5071 .
916 4988 1181 5067 possessionibus
1196 4988 1319 5051 habitis
1330 4993 1406 5052 ante
1414 4991 1595 5051 Concilium
1608 5007 1715 5068 gene-

915 5086 996 5159 rale,
1013 5101 1053 5148 ac
1070 5085 1170 5148 etiam
1186 5086 1367 5160 novalium,
1382 5103 1455 5164 quae
1475 5089 1621 5165 propriis
1643 5105 1718 5150 ma-

915 5185 1011 5246 nibus
1047 5185 1105 5246 aut
1141 5183 1326 5260 sumptibus
1366 5185 1490 5258 colitis,
1517 5186 1559 5248 de
1596 5187 1715 5264 quibus

914 5281 1088 5344 novalibus
1115 5282 1237 5360 aliquis
1264 5283 1424 5345 hactenus
1452 5300 1518 5345 non
1549 5286 1713 5361 percepit,

914 5382 985 5443 sive
1007 5381 1048 5442 de
1073 5379 1179 5442 bortis
1201 5382 1235 5442 et
1248 5381 1413 5457 virgultis,
1433 5381 1548 5458 pratis,
1565 5383 1711 5460 pascuis,

914 5477 955 5539 de
970 5477 1209 5555 piscationibus
1224 5479 1358 5549 vestris,
1374 5479 1427 5538 vel
1447 5478 1486 5539 de
1499 5479 1713 5542 nutrimentis

914 5576 1108 5638 animalium
1124 5577 1321 5648 vestrorum,
1338 5573 1450 5636 nullus
1469 5591 1488 5636 a
1509 5575 1602 5639 vobis
1618 5577 1714 5640 deoi-

915 5690 984 5736 mas
995 5673 1131 5750 exigere
1145 5673 1196 5736 vol
1212 5675 1411 5756 extorquere
1424 5678 1613 5754 praesumat.
