3986 6304
246 397 282 458 71
864 389 1039 452 HONORII
1062 391 1105 452 Ill
1127 391 1273 452 OPERA.
1851 395 1888 452 72

247 575 341 637 vobis
356 575 388 636 et
411 589 471 651 per
492 588 549 634 vos
565 571 672 633 eidem
687 569 885 634 auctoritate
899 571 1041 648 Aposto-

248 674 312 735 lioa
338 672 571 734 confirmamus
594 669 625 731 et
640 669 813 748 praesentis
839 668 953 746 scripti
981 685 1041 746 pa-

246 771 388 831 trocinio
402 769 657 831 communimus.
674 768 722 829 Ad
739 767 810 828 haec
825 767 1042 836 33133333-

246 867 379 930 toritate
413 867 626 944 praesentium
652 865 841 927 inhibemus
873 879 915 925 ne
949 863 1042 941 quis-

246 981 345 1042 quam
371 967 406 1026 in
438 965 581 1026 ecclesia
613 966 725 1026 vestra
749 963 783 1025 in
809 963 1040 1024 canonicatum

246 1063 440 1126 admittatur
452 1063 508 1140 qni
523 1079 588 1124 non
605 1063 649 1124 sit
658 1063 698 1123 de
712 1062 860 1138 legitimo
876 1059 1043 1122 matrimo-

245 1164 301 1223 nio
314 1163 518 1239 procreatae,
532 1161 586 1222 331
600 1162 655 1240 qui
671 1162 744 1233 hoc,
763 1159 856 1220 salva
872 1159 1042 1220 conscien-

244 1261 303 1332 tia,
335 1276 395 1321 suo
428 1259 561 1320 firmare
586 1259 696 1320 valeat
721 1258 922 1336 juramento,
957 1255 1042 1318 sicut

246 1359 409 1419 hactenus
422 1359 457 1418 in
472 1358 545 1435 ipsa
560 1358 702 1419 ecclesia
724 1357 846 1418 dicitur
858 1355 1039 1427 observari,

246 1456 340 1518 33133
363 1457 475 1518 tamen
487 1457 685 1533 Apostolicae
709 1456 802 1517 Sedis
832 1452 1040 1517 auctoritate.

246 1555 340 1616 Nulli
355 1571 472 1631 ergo...
498 1555 614 1617 Datum
633 1553 800 1627 Laterani,
817 1555 861 1616 IV
882 1553 957 1614 idus
976 1568 1041 1614 no-

246 1651 403 1726 vembris,
419 1653 630 1730 pontificatus
643 1652 748 1714 nostri
766 1667 854 1714 anno
869 1650 986 1729 primo.

561 1839 725 1927 XLVIII
780 1823 785 1834 ’

248 2014 300 2072 Ad
315 2015 482 2074 decanum
503 2011 537 2072 ct
555 2011 743 2084 capitulum
765 2011 1041 2070 Amdtoncnrcm.

557 2115 652 2172 2333.
670 2113 749 2172 talo.

353 2241 402 2302 [Ex
416 2237 551 2290 cartulario
561 2239 606 2288 113.
624 2237 731 2303 capituli
745 2237 946 2300 ambianensis}

251 2365 385 2426 inhibitio
401 2364 518 2422 Honorii
534 2363 737 2436 3333333111
753 2363 860 2436 praelati
876 2377 1040 2420 excommu-

319 2456 485 2527 nicatospro
498 2453 580 2511 nobis
593 2453 740 2526 recipiant,
753 2453 797 2510 vel
813 2451 970 2511 absolvant.

287 2583 506 2654 Honorius...,
521 2582 584 2642 etc.

226 2690 232 2697 “
282 2678 680 2756 CuminaliquOS,merito
690 2694 824 2740 suorum
834 2691 1041 2748 excessuum,

248 2777 475 2840 ecclesiastica
489 2776 652 2837 sententia
667 2775 906 2851 promulgatur,
923 2790 1045 2852 nequa-

250 2892 347 2954 quam
362 2873 491 2936 suntab
505 2872 581 2933 aliis
600 2872 817 2933 ecclesiarum
838 2873 986 2950 praelatis
1001 2871 1042 2933 ad

249 2973 468 3036 absolutionis
484 2987 543 3032 333
556 2973 791 3048 cujuscumque
802 2970 1043 3034 communionis

252 3069 488 3132 ecclesiasticae
507 3068 704 3129 1333113133
719 3067 924 3140 3131113311,
939 3067 1044 3128 13333

252 3169 293 3230 31
321 3167 512 3230 mandatum
536 3166 686 3228 ecclesia
709 3166 932 3238 revertantur,
948 3166 981 3228 et
1002 3164 1043 3226 ab

251 3268 302 3330 eis
317 3268 357 3327 de
370 3267 439 3327 suis
452 3264 655 3337 excessibus,
673 3280 818 3340 congrue
833 3263 985 3326 33113131.
998 3265 1044 3325 Ea

250 3360 1042 3442 3133131333111313313331111331133333333133,

250 3459 649 3538 3331311131311333131133
664 3459 852 3521 inhibemus
867 3475 994 3520 33333
1009 3460 1043 3520 13

249 3561 480 3624 malefactores
495 3558 645 3620 ecclesiae
660 3557 779 3620 3331133
796 3558 959 3620 sententia
979 3575 1043 3620 ex-

249 3657 559 3722 communicationis
595 3656 648 3719 331
683 3655 851 3718 interdicti
884 3655 1045 3718 canonice

249 3755 574 3834 fueritpromulgata,
591 3754 720 3832 praelati
731 3754 874 3816 aliarum
885 3754 1046 3816 ecclesia-

248 3871 323 3917 rum
346 3871 402 3916 eos
424 3853 464 3915 ad
484 3852 749 3914 communionem
777 3853 962 3925 admittant,
991 3852 1044 3914 331

250 3954 299 4016 313
312 3951 565 4015 christianitatis
577 3950 730 4013 solatium
741 3951 905 4028 impertiri
917 3967 1046 4028 praesu·

251 4054 353 4120 mant,
389 4064 559 4126 quousque
583 4047 737 4112 noverint
765 4048 909 4109 1113331
935 4049 1045 4110 31333

251 4148 401 4210 ecclesiae
417 4145 567 4207 rediisse.
584 4145 676 4206 Nulli
686 4161 803 4221 3133...
820 4145 1046 4208 1131331313-

251 4245 338 4314 rani,
354 4246 398 4307 IV
421 4243 495 4304 idus
517 4243 947 4320 3ο33131113,3ο3111133133
967 4257 1047 4306 333-

251 4343 395 4408 1113333
411 4342 529 4420 31133.

587 4529 710 4616 XLIX

250 4707 303 4765 Ad
317 4697 696 4765 31131331303133331
711 4701 899 4762 1333111331
908 4702 948 4760 13
962 4701 1047 4761 Bor-

292 4801 385 4872 3331,
395 4801 667 4876 1333113333313
682 4799 955 4860 31131113333313
968 4801 1045 4859 dioc.

553 4904 651 4961 1333.
669 4901 748 4960 1116.

302 5003 410 5089 [aegea.
423 5025 468 5076 33.
481 5027 500 5084 1,
513 5025 1001 5091 33131101.11331313313133113

254 5163 289 5220 Ut
305 5155 474 5216 accedentes
497 5157 532 5214 ad
553 5162 759 5217 monasterium
775 5159 871 5216 Sancti
881 5160 977 5219 savini
990 5159 1049 5217 Pio

289 5247 428 5308 tavieusis
447 5245 590 5314 dioecesis,
606 5255 793 5319 cognoscant,
809 5254 839 5304 31
852 5249 996 5321 inquirant
1012 5248 1048 5306 13

290 5339 420 5397 moribus
443 5335 554 5394 abbatis
578 5334 706 5407 ciusdem
733 5339 899 5394 monasterii
924 5339 1049 5398 accusati

286 5443 346 5503 333
362 5425 436 5502 apud
445 5425 643 5485 Innocentium
655 5427 696 5482 111
709 5431 739 5482 31
752 5423 787 5483 13
798 5435 975 5486 3331313331.

293 5554 471 5626 Η3331133,
492 5553 567 5621 313,
581 5549 710 5612 11133113
732 5549 811 5612 tiliis
834 5551 875 5614 de
904 5555 1047 5631 Corona,

254 5657 287 5717 et
301 5655 341 5716 de
355 5651 513 5725 Tanaitis,
530 5651 563 5712 31
577 5649 617 5711 13
627 5650 784 5712 Bornent.
794 5649 968 5714 abbatibus
983 5657 1050 5717 113-

254 5753 425 5831 golismen.
441 5750 473 5812 31
486 5746 889 5811 1133313333113333333.

1135 553 1174 612 Η.
1187 549 1361 630 3133113131
1375 553 1408 615 31
1424 553 1618 629 monachae,
1637 569 1696 633 pro
1712 569 1802 617 3333
1819 567 1892 615 mo-

1095 649 1211 711 nachis
1231 651 1427 712 monasterii
1453 653 1567 714 Sancti
1587 653 1703 714 Savini
1718 653 1890 714 Pictaven.

1096 747 1258 820 dioecesis,
1277 748 1434 810 iratribus
1454 750 1524 810 suis
1539 749 1573 810 in
1588 749 1701 812 nostra
1719 749 1894 828 proposuit

1095 845 1270 922 praesentia
1301 846 1514 919 constitutus,
1542 847 1729 924 quodcum
1762 846 1890 908 dudum

1095 943 1182 1004 idem
1195 943 1431 1004 monasterium
1447 943 1584 1006 dextere
1597 945 1726 1007 aclaeve
1737 945 1894 1008 benedic·

1095 1041 1241 1102 tionibus
1256 1040 1448 1114 abundaret,
1463 1042 1546 1104 adeo
1563 1043 1649 1120 quod
1673 1042 1708 1104 13
1723 1059 1799 1106 1313
1815 1043 1894 1104 coeli

1096 1141 1129 1201 et
1140 1141 1239 1201 terrae
1253 1139 1453 1216 pinguedine
1463 1138 1650 1202 benedictio
1664 1157 1725 1202 sua
1734 1141 1834 1213 esset,
1852 1145 1893 1202 Α.

1097 1238 1203 1298 113133
1216 1236 1329 1309 31133,
1351 1237 1407 1314 qui
1423 1239 1529 1299 solum
1552 1240 1673 1302 meruit
1693 1238 1897 1301 3333331)-

1096 1335 1305 1413 113113,3333
1321 1351 1357 1397 se
1378 1352 1444 1397 non
1475 1335 1626 1398 abbatem
1647 1337 1813 1410 exhibeat,
1833 1336 1894 1399 sed

1097 1434 1286 1512 praedonem
1300 1433 1494 1510 dispergens
1511 1435 1595 1513 quod
1614 1451 1680 1496 non
1697 1435 1893 1512 collegerat,

1097 1532 1388 1594 111311313133311
1409 1531 1446 1592 13
1457 1531 1689 1610 spiritualibus
1701 1549 1761 1610 per
1772 1533 1898 1611 perni-

1097 1631 1190 1694 tiosae
1206 1630 1468 1692 conversationis
1482 1615 1680 1708 exemplum,
1698 1631 1730 1692 et
1746 1631 1898 1708 dissipa-

1097 1729 1189 1790 31113
1201 1727 1437 1805 temporalibus
1449 1729 1896 1806 33131113311133113113313

1097 1828 1221 1906 inique,
1235 1827 1282 1888 ita
1302 1827 1470 1903 3331333
1494 1827 1593 1888 33113
1616 1827 1732 1888 eodem
1753 1813 1900 1890 ’33333-

1097 1925 1181 1988 13113
1197 1925 1420 2003 spiritualium
1436 1923 1740 2003 33313333131133
1762 1927 1898 2004 species

1098 2023 1288 2086 313313331.
1305 2025 1385 2087 Cum
1401 2023 1510 2086 autem
1523 2022 1680 2104 praelatus
1695 2023 1900 2096 33333133,

1098 2137 1194 2198 quem
1209 2121 1409 2183 intrinsecus
1427 2121 1518 2182 zelus
1538 2119 1669 2183 Domini
1686 2120 1897 2195 comedebat,

1099 2219 1138 2280 de
1150 2219 1288 2280 fratrum
1300 2235 1434 2280 suorum
1450 2218 1637 2282 3333111331
1654 2219 1771 2281 Sedem
1784 2223 1902 2296 Apos-

1098 2317 1231 2380 tolicam
1255 2317 1462 2389 accessisset,
1486 2333 1506 2377 3
1529 2316 1636 2378 1311313
1651 2317 1902 2380 recordationis

1098 2415 1289 2476 Innocentio
1300 2431 1384 2492 papa
1400 2415 1644 2492 praedecessore
1661 2415 1774 2476 nostro
1792 2432 1904 2493 super

1098 2512 1332 2574 reformatione
1344 2512 1449 2590 ipsius
1460 2511 1653 2573 monasterii
1665 2513 1905 2574 3133331311-

1097 2611 1163 2672 lem
1178 2611 1315 2673 1131133
1342 2609 1734 2686 3331133Β311333133.
1759 2611 1904 2674 archie-

1098 2710 1268 2786 piscopum
1292 2711 1326 2770 et
1346 2708 1492 2784 collegas
1512 2723 1590 2768 suos
1614 2708 1743 2770 litteras
1757 2711 1904 2786 aposto-

1098 2807 1180 2868 licas
1194 2807 1395 2884 1333113311,
1403 2807 1477 2883 3331
1487 2821 1625 2882 quorum
1631 2821 1825 2885 processum
1833 2810 1901 2885 qui

1099 2906 1184 2967 nihil
1197 2905 1354 2966 Ecclesiae
1371 2904 1524 2966 utilitatis
1539 2904 1695 2966 attulerat
1710 2905 1832 2966 iterum
1855 2907 1904 2968 ad

1097 3003 1320 3081 Apostolicam
1337 3003 1454 3064 Sedem
1478 3003 1649 3074 accedens,
1675 3002 1716 3063 ad
1740 3003 1825 3066 alios
1837 3007 1908 3082 Ju-

1098 3101 1539 3178 11333111131331333113311.
1555 3103 1595 3163 ut
1606 3103 1761 3179 quoniam
1775 3102 1907 3166 eodem

1099 3200 1223 3263 eaedem
1245 3199 1365 3262 11113133
1395 3199 1458 3259 sibi
1481 3199 1657 3263 subtracta
1683 3200 1819 3262 luerunt
1844 3202 1910 3264 ab-

1097 3298 1173 3360 bate
1188 3300 1225 3360 31
1238 3297 1385 3360 31311131
1403 3297 1614 3374 procurante,
1637 3299 1672 3360 13
1694 3299 1785 3359 33113
1810 3315 1908 3376 313-

1099 3412 1228 3458 cessum
1256 3397 1371 3459 existit
1397 3411 1457 3472 per
1478 3395 1621 3470 eosdem,
1646 3396 1702 3458 331
1728 3395 1761 3458 31
1782 3397 1909 3461 113133

1099 3493 1219 3564 abbas,
1249 3494 1306 3572 qui
1345 3494 1462 3556 saltem
1484 3493 1603 3555 timore
1630 3511 1737 3572 poenae
1769 3494 1908 3560 nedum
1978 3482 1980 3490 ’

1099 3608 1211 3654 33313
1228 3593 1368 3670 justitiae
1392 3591 1551 3654 debuerat
1566 3593 1608 3654 ad
1628 3591 1790 3654 tactorum
1812 3609 1910 3658 suo-

1098 3707 1173 3752 rum
1204 3691 1335 3752 oculum
1377 3689 1507 3766 erigere
1534 3690 1692 3762 rationis,
1727 3690 1910 3756 deteriora

1100 3790 1266 3866 prioribus
1292 3785 1546 3861 committendo,
1560 3789 1718 3866 tanquam
1738 3793 1910 3866 peccator

1099 3887 1134 3950 in
1156 3887 1353 3966 profundum
1375 3887 1512 3949 3331333
1531 3885 1699 3960 vitiorum,
1716 3887 1750 3948 in
1771 3889 1914 3964 31313-

1103 3986 1168 4047 133
1197 3985 1396 4048 33333133
1429 4000 1488 4062 313
1519 3984 1664 4048 311111313
1700 3987 1911 4052 3333313111

1099 4081 1305 4144 laborantem
1330 4098 1390 4160 per
1414 4081 1670 4158 appellationem
1699 4081 1910 4160 legitimam,

1100 4180 1451 4241 excommunicationis
1474 4180 1673 4242 sententiam
1701 4181 1913 4258 promulga-

1099 4277 1157 4350 vit,
1174 4277 1283 4356 ipsum
1294 4277 1432 4355 ejiciens
1443 4277 1586 4356 turpiter
1595 4277 1690 4339 extra
1701 4277 1911 4346 claustrum.

1101 4375 1252 4438 Ceterum
1287 4391 1362 4438 cum
1398 4375 1485 4438 dicto
1514 4375 1753 4453 praedecessori
1781 4379 1914 4444 nostro

1102 4474 1299 4552 saepedictus
1323 4473 1506 4536 monachus
1528 4473 1718 4552 hujusmodi
1745 4475 1917 4551 pertina-

1101 4573 1187 4634 ciam
1200 4571 1344 4634 fideliter
1352 4570 1551 4644 intimasset,
1569 4571 1659 4633 idem
1674 4571 1920 4648 praedecessor

1101 4671 1215 4733 noster
1230 4669 1366 4748 praetato
1379 4669 1490 4731 abbati
1513 4684 1574 4746 per
1602 4669 1731 4731 litteras
1746 4685 1826 4730 3333
1845 4672 1920 4736 de-

1102 4769 1149 4830 dit
1165 4768 1354 4830 113113113
1370 4765 1547 4850 33313113,
1565 4767 1699 4830 313133
1718 4767 1920 4844 3311133131

1102 4866 1181 4928 3113
1195 4881 1278 4943 3333
1295 4865 1474 4927 dimitteret
1486 4864 1637 4931 eumdem
1653 4865 1859 4928 monachum
1870 4871 1913 4932 in

1102 4963 1305 5026 monasterio
1318 4962 1457 5024 Domino
1474 4961 1639 5034 famulari,
1657 4977 1699 5023 ne
1723 4978 1918 5039 supremus

1102 5061 1248 5132 exactor,
1264 5060 1374 5138 quide
1390 5059 1491 5123 verbo
1514 5060 1615 5122 etiam
1636 5060 1742 5122 otioso
1762 5061 1920 5137 exigere

1103 5160 1238 5239 paratus
1245 5161 1299 5220 est
1313 5159 1561 5234 exactissimam
1575 5158 1750 5230 rationem,
1761 5164 1921 5236 333331-

1103 5273 1177 5321 nem
1188 5257 1295 5336 ipsius
1309 5255 1349 5318 13
1366 5255 1520 5318 manibus
1550 5255 1621 5316 suis
1650 5255 1854 5333 requireret,
1881 5265 1918 5324 si

1103 5373 1179 5420 eum
1202 5353 1318 5430 333311
1343 5353 1548 5432 33131113131
1572 5354 1668 5415 extra
1700 5353 1912 5423 claustrum.

1104 5459 1207 5516 Porro
1231 5469 1292 5516 333
1320 5453 1368 5514 313
1385 5450 1562 5514 obstinatio
1588 5451 1713 5529 quievit
1734 5452 1915 5532 ejusdem,

1104 5568 1164 5614 333
1188 5551 1363 5628 expulsum
1391 5551 1588 5612 monachum
1610 5549 1916 5626 331113313331311

1101 5638 1570 5721 ’131311313333131331333
1595 5649 1646 5710 est
1671 5647 1780 5708 adhuc
1804 5647 1920 5715 furor

1106 5752 1176 5826 ejus
1192 5749 1224 5810 et
1236 5745 1377 5810 extentae
1397 5761 1515 5808 manus
1530 5748 1602 5824 ejus
1615 5746 1655 5807 ad
1671 5743 1922 5826 133333333-
