4058 6308
130 297 189 360 385
765 295 994 358 EPIS'l'OLAE.
1018 295 1096 358 biii.
1120 297 1144 357 Ι.
1168 293 1174 306 ’
1719 300 1781 363 386

129 457 323 521 9919111999
347 457 383 520 19
406 458 534 537 partem
561 456 796 522 sollicitudinis
824 473 927 520 assu·-
982 459 1043 520 trae
1055 459 1088 522 91
1103 451 1218 520 annuli
1236 457 1334 534 atque
1346 456 1575 524 sandaliorum
1592 457 1652 522 tibi
1666 463 1700 522 et
1719 478 1779 538 pro

130 555 262 628 mendo,
293 556 330 617 in
360 555 457 618 nobis
485 555 663 630 honorem,
691 555 930 634 plenitudinem
982 555 1779 633 temporesuccessoribustuisdeoonsuetaSedis

129 653 315 732 potestatis,
333 655 368 716 et
383 653 470 732 apud
489 655 593 716 Deum
609 654 774 726 meritum,
795 656 828 716 et
842 654 929 732 apud
983 655 1181 730 Apostolicae
1199 653 1402 730 benignitate
1423 654 1579 716 duximus
1600 656 1780 735 induigen-

129 752 283 814 bomines
296 752 360 814 tibi
379 767 551 831 compares
568 767 689 814 nomen
706 751 840 814 bonum.
861 753 930 814 Nos
983 751 1072 812 dum.
1086 752 1302 828 Praecipimus
1317 753 1439 825 autem,
1453 753 1655 827 utcbrisme,
1668 757 1778 818 oleum

128 851 216 912 enim
236 850 451 919 sententiam,
471 866 570 928 quam
586 849 831 912 rationabiliter
844 850 931 912 1919-
984 852 1145 922 sanctum,
1162 851 1428 924 consecrationes
1448 851 1615 925 altarium,
1637 855 1778 916 ordina-

128 950 174 1010 ris
187 949 393 1023 inrebeiles,
405 951 511 1012 ratam
522 948 716 1010 babebimus
728 949 760 1011 et
770 947 930 1012 iaciemus
983 949 1103 1021 dones,
1127 948 1161 1011 et
1183 961 1398 1028 quaecumque
1421 949 1515 1012 vobis
1534 966 1577 1011 ex
1597 951 1780 1028 pontificali
1868 981 1873 990 ¹

22 1112 24 1136 Ι
127 1050 265 1110 auctore
286 1046 425 1110 Domino
445 1047 585 1109 tirmiter
603 1045 786 1110 observari.
810 1047 930 1110 Datum
984 1047 1061 1110 sunt
1080 1047 1264 1109 ministerio
1287 1047 1525 1120 necessariae
1547 1048 1638 1111 nullo
1657 1051 1779 1112 catho-

22 1141 23 1150 ’
127 1145 299 1218 Laterani,
330 1147 377 1206 111
410 1144 571 1207 kalendas
594 1144 685 1215 maii,
717 1144 930 1222 pontificatus
984 1146 1048 1208 1199
1068 1146 1222 1223 episcopo
1247 1146 1342 1208 vobis
1364 1147 1549 1224 vestrisque
1571 1150 1778 1211 successori-

21 1271 22 1276 *
127 1243 234 1306 nostri
250 1259 342 1306 anno
356 1243 474 1320 primo
942 1319 946 1328 Ι
984 1244 1045 1306 bus
1065 1243 1280 1320 denegentur.
1291 1245 1378 1306 Saue
1392 1245 1523 1317 missas,
1540 1246 1778 1320 ordinationes,

985 1341 1143 1404 stationes
1164 1341 1206 1402 ab
1221 1341 1311 1404 omni
1330 1343 1553 1422 episcopovei
1571 1344 1661 1407 91919
1681 1345 1781 1408 Ρ911-

444 1430 628 1528 cccxlv
985 1441 1067 1502 sien.
1087 1440 1237 1502 ecclesiae
1258 1440 1293 1501 in
1306 1439 1421 1502 eodem
1440 1441 1643 1504 monasterio
1660 1445 1781 1520 praeter

984 1538 1186 1602 uoluntatem
1199 1537 1328 1601 abbatis
1346 1538 1399 1600 191
1419 1541 1687 1616 congregationis
1707 1542 1781 1605 11911

984 1635 1220 1714 probibemus;
1247 1651 1309 1698 nec
1341 1635 1464 1698 babeat
1490 1637 1685 1714 potestatem
1717 1641 1785 1702 ali-

985 1735 1063 1814 quid
1092 1734 1139 1796 ibi
1166 1734 1364 1812 imperandi,
1391 1734 1448 1797 sed
1470 1751 1532 1798 nec
1559 1736 1672 1798 divina
1700 1739 1783 1816 ipsis

427 1851 463 1910 ῃ
477 1865 538 1925 ψ,
554 1851 633 1912 1217.
985 1832 1095 1896 9111919
1111 1833 1320 1906 interdicere,
1335 1849 1396 1896 1199
1403 1837 1706 1908 excommunicare,
1721 1853 1783 1899 nec

176 1967 295 2042 mem
308 1974 354 2026 db.
367 1973 388 2034 1,
400 1974 474 2040 epist.
484 1974 541 2028 m·
553 1977 612 2029 m
623 1977 659 2029 M
670 1975 747 2028 Pone
755 1975 789 2027 de
798 1967 880 2026 M·
985 1931 1027 1994 ad
1040 1931 1203 2010 synodum
1217 1947 1340 1996 vocare
1354 1934 1413 1995 aut
1427 1931 1577 1994 abbatem
1593 1938 1652 1996 aut
1666 1951 1784 1996 mona·

399 2093 408 2112 ,
986 2030 1078 2104 chos,
1102 2030 1313 2108 presbyteros
1328 2031 1387 2093 aut
1404 2030 1543 2093 clericos
1565 2032 1784 2094 ecclesiarum

124 2095 316 2160 Condi-matio
338 2101 553 2175 privilegiorum
573 2108 602 2160 et
620 2101 801 2172 bonomonte
817 2095 929 2202 Chlide·
984 2128 1090 2206 ipsius
1104 2129 1170 2190 1005
1182 2128 1360 2191 tribuimus
1375 2127 1577 2191 facultatem·
1600 2130 1783 2208 minimus

157 2191 396 2336 ffiffgmgfflo
418 2190 538 2263 ‘'mm‘'
556 2193 730 2250 mmmm
752 2189 868 2264 'egum
890 2204 932 2247 ω’
985 2227 1085 2288 etiam
1109 2227 1146 2288 ut
1170 2227 1206 2289 in
1234 2227 1482 2304 parochialibus
1508 2228 1672 2296 ecclesiis,
1698 2245 1781 2306 quas

127 1598 179 1664 nd
193 1605 382 1682 Hugonem
394 1595 550 1664 abbatem
563 1596 770 1664 nwaostertt
785 1603 818 1663 S.
844 1604 933 1663 Ger-

16 1701 17 1704 ’
194 1705 298 1764 mant
311 1703 543 1774 Partstcrasts,
559 1701 700 1774 91999119
713 1700 856 1776 tratres.

985 2325 1080 2387 extra
1097 2324 1239 2400 burgum
1253 2323 1342 2386 beati
1356 2325 1512 2386 Germani
1530 2325 1661 2398 tenetis,
1681 2342 1782 2404 pres-

166 2415 340 2485 Honorius
355 2422 431 2496 eto,
448 2423 579 2486 dilectis
594 2423 673 2486 diiis
695 2421 804 2499 Ugoni
819 2420 931 2484 abbati
984 2422 1092 2500 hyteri
1104 2438 1164 2500 per
1181 2438 1241 2484 vos
1265 2423 1442 2498 eligantur,
1466 2423 1499 2484 91
1519 2423 1674 2502 episcopo
1696 2440 1785 2500 prae-

126 2521 330 2582 monasterii
373 2522 487 2584 Sancti
523 2522 679 2584 Germani
707 2520 928 2592 parisiensis,
985 2521 1167 2593 sententur,
1184 2520 1314 2598 quibus,
1331 2520 1360 2581 si
1374 2519 1487 2582 idonei
1504 2519 1639 2594 luerint,
1657 2522 1784 2601 episco-

126 2622 272 2698 ejusque
298 2617 456 2682 iratribus
483 2621 550 2684 tam
583 2619 803 2698 praesentibus
833 2634 932 2697 quam
985 2636 1046 2695 pus
1071 2619 1258 2682 animarum
1286 2635 1399 2681 curam
1421 2619 1615 2692 committat,
1637 2622 1673 2682 ut
1692 2620 1724 2682 ei
1743 2621 1784 2684 de

126 2717 256 2779 futuris
277 2718 467 2794 regularem
485 2719 589 2782 vitam
614 2718 773 2798 protessis
794 2718 830 2780 in
854 2733 932 2798 per·
985 2717 1090 2796 plebis
1105 2734 1198 2787 cura,
1212 2717 1252 2779 de
1269 2717 1368 2780 rebus
1382 2732 1462 2779 vero
1484 2719 1721 2795 temporalibus
1742 2719 1784 2782 ad
1900 2769 1905 2778 .

125 2817 281 2892 potuum,
985 2817 1224 2880 monasterium
1252 2814 1495 2893 pertinentibus
1517 2816 1612 2878 vobis
1644 2833 1787 2895 respon-

166 2917 206 2975 In
232 2914 421 2978 imminenti
449 2915 647 2992 Apostolicae
676 2913 771 2978 Sedis
797 2915 931 2994 specula
985 2913 1095 2978 deant.
1120 2913 1212 2988 Quod
1233 2914 1263 2974 si
1282 2913 1393 2976 iacere
1411 2913 1497 2975 19119
1513 2915 1693 2986 noluerint,
1710 2915 1786 2978 sub·

126 3011 168 3074 ad
189 3013 260 3075 hoc
283 3029 409 3086 sumus,
439 3013 517 3077 licet
542 3011 712 3086 immeriti,
737 3012 932 3091 disponente
984 3013 1140 3075 trahendi
1159 3013 1208 3074 eis
1223 3008 1505 3090 temporalisque
1519 3029 1539 3074 a
1554 3013 1648 3075 vobis
1668 3015 1783 3078 tenent

125 3111 285 3183 Domino,
301 3112 483 3184 constituti,
507 3114 544 3175 ut
554 3115 663 3190 justas
683 3110 861 3190 petitiones
878 3112 933 3174 de·
985 3111 1125 3173 liberam
1137 3109 1288 3173 babeatis
1307 3110 1506 3173 auctoritate
1527 3112 1716 3188 Apostoiioa
1730 3113 1784 3176 ia-

125 3209 271 3274 beamus
283 3208 425 3272 libenter
438 3211 623 3284 admittere,
634 3213 666 3273 91
677 3211 730 3272 eis
741 3211 932 3272 studeamus
986 3210 1153 3272 cultatem.
1169 3208 1375 3271 ductoritete
1390 3210 1490 3270 etiam
1502 3210 1692 3287 Apostolioa
1714 3213 1784 3275 sta-

126 3309 288 3371 effectum
315 3307 429 3370 utilem
456 3308 640 3384 indulgere.
657 3311 849 3387 Eapropter,
876 3303 931 3369 di·
985 3309 1120 3382 luimus,
1141 3308 1174 3371 et
1194 3308 1288 3370 vobis
1308 3308 1348 3369 de
1370 3309 1528 3370 consueta
1552 3309 1728 3373 clementia
1749 3311 1783 3374 et

126 3407 210 3468 lecti
221 3406 259 3466 in
274 3407 413 3468 Domino
436 3405 509 3480 11111,
523 3407 645 3470 vestris
655 3407 758 3485 justis
777 3406 931 3485 postula·
985 3407 1189 3484 benignitate
1202 3406 1504 3484 sedisapostolicae
1514 3408 1734 3485 indulgemus,
1749 3411 1784 3472 ut

125 3503 280 3567 tionibus
293 3505 488 3577 annuentes,
501 3505 741 3567 monasterium
752 3504 843 3567 beati
855 3508 933 3566 Ger·
985 3505 1110 3566 nuilius
1122 3505 1282 3581 legationi
1296 3505 1362 3566 nisi
1375 3521 1395 3566 a
1410 3505 1514 3566 latere
1529 3507 1670 3568 Romani
1686 3509 1780 3569 Pon·

125 3603 223 3665 mani
249 3602 290 3664 de
310 3603 431 3675 Pratis,
459 3603 494 3664 in
519 3619 583 3681 quo
612 3602 725 3666 divino
751 3602 932 3679 mancipati
985 3602 1083 3664 tiiicis
1099 3601 1290 3679 specialiter
1303 3601 1595 3677 sueritdalegatus,
1610 3602 1782 3679 subjacere

125 3703 213 3764 estis
250 3699 419 3778 obsequio,
452 3701 538 3779 quod
568 3701 696 3779 proprii
725 3700 814 3762 beati
840 3701 932 3762 Petri
985 3699 1038 3760 191
1064 3698 1200 3760 subesse
1222 3696 1339 3760 amodo
1360 3697 1517 3770 debeatis,
1534 3714 1596 3760 nec
1619 3700 1721 3762 alicui
1736 3700 1782 3762 11-

122 3800 217 3878 juris
238 3799 363 3868 existit,
380 3798 421 3859 ad
443 3799 614 3877 exemplar
633 3799 740 3860 1911919
762 3799 931 3860 memoriae
986 3797 1058 3858 caat
1079 3795 1215 3858 obtentu
1236 3795 1413 3871 legationis
1432 3795 1473 3856 ab
1488 3797 1677 3874 Apostolica
1696 3798 1780 3860 Sede

126 3897 319 3969 Pascbalis,
336 3897 933 3974 innocentii,Lucii‚lingentidnas·
985 3895 1132 3967 indultas,
1159 3909 1219 3956 uos
1249 3892 1303 3956 191
1331 3908 1541 3955 successores
1568 3897 1697 3958 vestros
1721 3913 1781 3959 seu

126 3996 225 4067 tasii,
241 3994 435 4069 Alexandri,
452 3996 559 4065 Lucii,
581 3996 719 4068 Urbani,
740 3995 929 4069 Clementis,
985 3992 1222 4054 monasterium
1248 3991 1396 4054 restrum
1421 3991 1475 4054 191
1512 3992 1684 4059 ecclesias.
1708 4011 1781 4073 quae

127 4092 306 4156 coelestini
316 4093 349 4155 et
364 4094 547 4156 innocentii
560 4094 843 4171 praedecessorum
853 4109 933 4155 nos·
985 4091 1072 4152 inire
1094 4091 1235 4167 burgum
1249 4089 1338 4153 beati
1360 4091 1518 4154 Germani
1533 4092 1621 4164 sunt,
1639 4092 1707 4154 ulla
1727 4093 1782 4155 in·

126 4193 262 4256 1191991
286 4193 511 4254 Romanorum
527 4191 737 4264 Pontificum,
763 4191 824 4253 sub
842 4191 931 4254 beati
985 4189 1116 4252 terdicti
1149 4190 1203 4252 191
1230 4189 1585 4252 excommunicationis
1617 4193 1782 4256 sententia

128 4288 225 4353 Petri
261 4291 295 4351 et
326 4292 440 4352 nostra
472 4289 677 4366 protectione
713 4290 929 4368 suscipimus,
985 4304 1209 4366 praegravare,
1225 4290 1278 4351 191
1294 4304 1394 4366 super
1411 4305 1471 4350 uus
1486 4289 1544 4350 aut
1563 4290 1782 4366 superdictas

1 4443 2 4452 ,
129 4388 164 4452 91
195 4387 372 4465 praesentis
397 4388 514 4464 scripti
537 4388 713 4466 privilegio
742 4389 931 4450 communi·
985 4387 1145 4450 ecclesias
1156 4386 1425 4463 jurisdictionem
1444 4386 1590 4464 aliquam
1610 4403 1779 4464 exercere,

129 4502 219 4548 mus.
237 4487 406 4548 Praeterea
421 4501 645 4565 quascumque
667 4485 930 4564 possessiones...
986 4484 1052 4546 nisi
1067 4484 1257 4562 specialiter
1278 4484 1341 4546 1199
1356 4484 1457 4545 199111
1479 4499 1499 4545 9
1522 4487 1671 4548 1191119119
1693 4489 1784 4549 Pon-

128 4599 243 4658 usquc
270 4586 498 4660 permaneant
524 4586 590 4647 Per
612 4583 788 4662 praesentis
820 4584 932 4662 itaque
985 4583 1074 4645 tidce
1089 4582 1139 4646 illi
1154 4581 1357 4648 mandatum,
1383 4583 1551 4644 Praeterea
1568 4585 1784 4661 compositio-

1 4669 2 4676 '
130 4680 303 4760 privilegii
314 4681 470 4760 paginam
482 4681 577 4746 vobis
595 4683 781 4760 vestrisque
795 4698 931 4744 succes-
986 4698 1074 4754 nem,
1099 4698 1173 4759 9919
1198 4680 1286 4744 19191
1309 4679 1547 4742 monasterium
1575 4683 1721 4744 vestrum
1751 4688 1784 4748 91

1 4821 2 4826 1
131 4779 267 4843 soribus
282 4781 317 4843 in
333 4783 527 4860 perpetuum
540 4782 785 4854 confirmamus,
799 4783 835 4844 ut
847 4797 934 4858 9919-
986 4780 1080 4842 bonae
1103 4778 1270 4842 memoriae
1286 4777 1480 4848 Guidonem,
1497 4779 1661 4855 quondam
1678 4784 1785 4846 Seno-

130 4894 276 4956 cumque
291 4879 438 4954 libertas,
456 4894 673 4958 quaecumque
692 4879 838 4956 dignitas
863 4879 934 4958 pri·
987 4895 1062 4940 nen.
1072 4876 1370 4953 archiepiscopum,
1381 4892 1480 4954 super
1491 4879 1781 4954 procurationibus

131 4977 259 5054 vilegio
283 4977 372 5040 beati
387 4978 555 5050 Germani,
572 4977 704 5056 scriptis
720 4976 931 5050 Childeberti,
987 4993 1069 5054 quas
1093 4991 1112 5040 a
1136 4975 1232 5038 vobis
1257 4976 1292 5037 et
1309 4974 1506 5052 quibusdam
1529 4977 1617 5038 villis
1637 4979 1781 5055 petebat,

132 5073 286 5148 clotarii,
305 5077 403 5154 atque
427 5075 569 5138 aliorum
593 5091 709 5152 regum
729 5077 933 5138 Francorum
986 5073 1230 5138 rationabiliter
1253 5073 1455 5146 intercessit,
1477 5075 1564 5138 sicut
1585 5077 1722 5154 provide
1743 5095 1783 5139 ao

130 5173 246 5235 vestro
260 5173 462 5236 monasterio
472 5173 593 5236 collata
605 5173 667 5246 est,
682 5173 789 5236 eidem
802 5187 936 5252 persna—
987 5172 1059 5236 sine
1071 5171 1235 5250 pravitate
1256 5171 1343 5233 iacta
1367 5173 1428 5243 est,
1443 5173 1477 5235 et
1491 5175 1622 5252 recepta
1642 5176 1674 5237 91
1697 5176 1783 5236 bac-

131 5272 213 5333 neat
229 5270 370 5333 illibata.
390 5271 440 5336 Ad
468 5271 541 5335 haec
565 5272 714 5335 volentes
740 5273 784 5345 te,
814 5271 934 5336 dilecte
986 5269 1785 5348 tenusobservata,atqueininstrumentoaxinds

133 5369 182 5430 iiii
199 5371 296 5446 Hugo
311 5368 425 5443 abbas,
449 5371 482 5432 et
493 5370 730 5433 monasterium
754 5371 847 5436 tuum
867 5370 932 5438 119-
988 5367 1138 5434 coniecto
1152 5367 1303 5445 plenarie
1318 5369 1516 5440 continetur,
1530 5369 1637 5429 ratam
1652 5371 1784 5434 haben-

132 5468 228 5530 noris
265 5469 299 5530 et
330 5469 446 5544 grana
475 5467 650 5547 privilegio
686 5468 855 5540 decorare,
893 5467 934 5529 ad
986 5470 1037 5530 tes
1063 5465 1788 5543 1991911191919991911999911999999-

134 5566 243 5629 instar
258 5567 541 5643 praedecessorum
567 5566 757 5628 nostrorum
772 5566 934 5630 dictorum
988 5565 1153 5630 mandam.
1180 5563 1228 5626 Ad
1254 5567 1413 5642 majorem
1442 5567 1553 5626 eutem
1582 5565 1784 5631 evidentiam

135 5665 330 5738 Alexandri,
343 5665 523 5734 Coeiestini,
541 5663 736 5738 innocentii,
750 5681 846 5730 usum
867 5667 933 5730 1111-
987 5662 1236 5741 compositionis
1266 5662 1371 5742 ipsius
1398 5663 1596 5740 rescriptum
1629 5665 1712 5728 illud
1743 5669 1785 5732 de

282 5811 396 5856 1111191.
418 5810 491 5854 191111
512 5798 547 5858 ll.
1598 5795 1638 5879 ¹3,
