3982 6302
223 325 283 388 ase
681 329 858 395 nervonu
879 332 925 398 ιιι
945 287 1095 398 ossan.
1111 365 1153 384 -
1173 337 1405 402 sinuosus.
1683 383 1687 390 .
1790 341 1843 404 sec

222 482 270 564 2).
297 485 346 548 nb
374 487 436 548 hoc
459 486 622 564 sanguine
649 490 732 567 petit
759 489 896 555 liberari
925 493 1018 572 psal·
1072 493 1117 575 8).
1129 495 1221 559 'lunc
1236 497 1367 575 quidem
1381 513 1458 560 vore
1473 497 1620 576 pastores
1634 496 1843 576 appellamini,

223 583 322 645 mista
355 601 430 647 cum
458 586 537 648 ait:
569 589 694 651 Libera
722 605 778 653 me
807 594 849 653 de
876 595 1019 667 scepei·
1073 593 1101 654 si
1116 594 1263 671 vigilatis
1278 597 1311 657 et
1329 595 1502 658 custoditis
1527 596 1658 673 vigilias
1675 596 1775 658 noctis
1790 613 1845 658 su·
1976 605 1977 664 i

223 684 337 754 nibus,
366 687 473 756 Deus,
503 687 596 748 Deus
620 688 742 748 salutis
765 703 852 750 meoe
870 686 944 767 (Ps.
965 691 1015 762 50,
1071 705 1131 768 par
1145 693 1302 770 populum
1315 692 1409 755 vobis
1422 694 1643 766 commissum,
1658 692 1845 756 excubantes
1976 683 1977 718 ³

223 778 296 857 16).
330 781 539 856 Effuderunt
571 788 780 860 sanctitatem
816 788 1017 850 sanctorum
1070 787 1105 848 in
1118 790 1236 850 castris
1250 792 1282 852 et
1298 791 1404 852 lucem
1417 793 1629 868 expectantes
1644 791 1846 870 propterpro·

223 878 362 940 mortem
386 883 423 941 tn
443 882 592 943 circuitu
616 885 811 946 Jerusalem
823 883 892 964 (Ps.
908 887 958 958 78,
968 885 1013 965 5).
1070 884 1175 947 lixum
1189 887 1323 948 taedium
1338 889 1455 950 noctis.
1473 888 1630 950 Sciebant
1640 888 1763 965 antiqui
1776 903 1849 949 noc·

221 977 286 1038 Pro
301 977 464 1053 sanguine
479 978 543 1040 isto
559 980 703 1056 postulat
713 981 878 1044 vindicari
893 983 1014 1046 chorus
1069 983 1134 1044 tem
1144 984 1349 1062 distinguere
1364 987 1400 1046 in
1411 990 1554 1063 quatuor
1567 987 1709 1064 vigilias,
1719 999 1846 1064 quamn
1976 993 1977 1016 ³

220 1075 547 1152 martyrumdicens:
569 1081 708 1140 Vindice
717 1079 1013 1156 seripeloemnos-
1068 1081 1175 1158 prima
1191 1082 1313 1144 dicitur
1330 1083 1555 1158 conticinium,
1582 1081 1724 1146 secunda
1744 1083 1849 1144 intem·
1976 1105 1977 1140 ι

220 1173 315 1234 trem
329 1177 387 1248 pat
397 1175 527 1249 efflatus
539 1175 701 1247 ectheses
713 1179 832 1240 noster
842 1177 957 1258 (apoc.
966 1195 1011 1252 vr,
1069 1179 1207 1254 pastum,
1228 1180 1326 1242 tertia
1347 1180 1564 1257 gallicinium,
1590 1181 1706 1259 quarta
1728 1180 1850 1242 antelu·
1976 1165 1977 1208 l

220 1267 283 1348 10).
312 1273 358 1332 De
383 1271 483 1333 tertio
511 1274 673 1349 sanguine
701 1274 845 1352 legitur:
871 1281 941 1339 Hic
961 1278 1014 1340 esi
1068 1276 1205 1337 carium.
1235 1277 1329 1340 Unde
1346 1278 1381 1338 in
1410 1279 1590 1355 Evangelio
1614 1279 1690 1340 aliis
1716 1277 1851 1340 nomini·
1976 1289 1977 1316 ³

217 1371 361 1444 sanguis
379 1373 460 1431 noct
481 1361 700 1445 Testamenti,
730 1377 789 1448 qut
808 1389 877 1448 pro
895 1377 1013 1438 multis
1066 1371 1148 1433 bus:
1166 1375 1320 1446 serment
1333 1374 1442 1436 media
1461 1377 1569 1448 nocte,
1584 1377 1642 1438 aut
1655 1375 1733 1453 galli
1746 1375 1847 1446 cantu,
1976 1361 1977 1428 Ϊ

218 1467 416 1541 effundetur
450 1471 487 1529 tn
521 1473 763 1533 remissionem
788 1475 1012 1545 peccatorum
1066 1470 1124 1532 aut
1140 1486 1248 1532 mans.
1263 1474 1303 1533 Et
1320 1472 1401 1533 alibi
1423 1473 1530 1534 Lucas
1544 1475 1609 1535 :Et
1632 1477 1664 1536 si
1678 1472 1851 1534 verteritis
1896 1525 1900 1532 .

219 1560 350 1641 (Mattb.
367 1582 459 1638 xxm,
482 1565 548 1646 28).
566 1570 630 1629 Per
640 1569 728 1630 hunc
741 1570 937 1646 sanguinem
951 1585 1011 1632 re·
1065 1572 1215 1630 secunda
1228 1572 1357 1644 cicilie,
1372 1571 1447 1633 etsi
1460 1574 1497 1632 m
1510 1571 1616 1633 terito
1627 1575 1743 1647 vigilie
1755 1582 1853 1631 ceue-
1976 1573 1977 1576 ’

217 1661 384 1738 demptum
393 1655 756 1740 estgenushumanum,
765 1668 1011 1746 quiaredempti
1065 1665 1124 1738 rit,
1139 1667 1173 1726 ct
1193 1669 1243 1728 tic
1266 1668 1451 1740 invenerit,
1477 1670 1566 1730 hecti
1588 1671 1671 1731 stent
1694 1670 1787 1730 serat
1808 1667 1853 1726 illi
1976 1659 1977 1662 ’

217 1759 294 1822 sunt
320 1775 387 1821 non
410 1763 680 1839 corruptibilibus
700 1781 783 1826 auro
803 1766 836 1827 at
859 1767 1008 1842 argento,
1065 1760 1159 1841 (Luc.
1171 1779 1231 1836 ιιι,
1243 1761 1363 1843 38).Do
1372 1765 1490 1841 quarta
1503 1766 1600 1836 tacet,
1612 1765 1668 1826 sed
1684 1763 1853 1824 Matthaeus
1976 1765 1977 1834 j

217 1857 275 1918 sed
287 1859 432 1935 pretioso
452 1861 614 1936 sanguine
628 1863 714 1938 Agni
729 1862 944 1925 immaculati.
1065 1859 1155 1932 dicit,
1173 1861 1259 1938 quod
1271 1863 1289 1923 J
1292 1877 1368 1922 esus
1381 1863 1499 1939 quarta
1512 1863 1630 1939 vigilia
1645 1862 1737 1925 venit
1751 1860 1790 1921 ad
1800 1873 1854 1920 eos
1976 1945 1977 1950 ἵ

256 1958 381 2034 Itaque,
398 1957 529 2030 iratres,
546 1975 606 2036 pro
631 1975 744 2022 amore
765 1959 865 2039 hujus
880 1961 1009 2038 pretio·
1065 1957 1237 2019 ambulans
1253 1974 1352 2036 super
1364 1975 1478 2036 aquas.
1496 1959 1565 2021 Nos
1576 1961 1689 2022 autem
1702 1957 1757 2037 qui
1771 1972 1857 2018 sem·
1976 1951 1977 2018 3

216 2053 342 2115 sissimi
357 2057 531 2132 sanguinis
551 2057 754 2134 deponamus
779 2059 926 2121 vaterem
948 2059 1010 2121 ho-
1064 2070 1124 2132 per
1138 2057 1174 2116 in
1189 2058 1284 2119 nocte
1299 2056 1526 2135 hujusmundi
1541 2057 1699 2119 debemus
1716 2053 1856 2118 essescl·
1976 2083 1977 2144 3

214 2151 337 2213 minem
373 2169 448 2214 cum
477 2154 605 2217 actibus
642 2157 728 2229 sule,
765 2157 798 2218 et
831 2157 1009 2218 induamus
1064 2155 1146 2217 liciti
1162 2159 1278 2217 contra
1293 2155 1405 2217 hostes
1420 2156 1453 2217 et
1467 2157 1644 2234 expectare
1657 2156 1763 2217 lucem
1774 2168 1856 2215 ven·
1976 2165 1977 2174 ¹

213 2266 335 2311 novum
366 2252 423 2328 qui
454 2253 634 2314 secundum
668 2257 771 2316 Deum
795 2256 925 2318 creatus
946 2258 1006 2317 est.
1063 2255 1187 2326 turam,
1218 2254 1321 2326 idest,
1347 2254 1524 2315 adventum
1548 2253 1692 2332 judicis,
1720 2252 1857 2314 dicimus

134 2412 137 2420 Ι
212 2351 442 2426 Expurgemus
470 2352 565 2412 vetus
597 2351 812 2427 fermentum,
843 2354 880 2415 ut
905 2354 1008 2416 simus
1063 2353 1204 2430 primam
1219 2352 1369 2430 vigiliam
1380 2353 1542 2430 pueritiae,
1553 2352 1736 2414 secundam
1744 2353 1858 2430 juven·
1976 2389 1977 2402 ι

212 2461 298 2508 nova
314 2449 517 2526 conspersio
532 2449 566 2511 et
579 2450 667 2514 sicut
681 2451 894 2514 exhibuimus
909 2468 1009 2513 mem·
1061 2451 1153 2524 tutis,
1172 2451 1305 2512 tertiam
1327 2451 1516 2518 senectutis,
1534 2453 1703 2527 quartam,
1727 2450 1804 2512 licet
1824 2448 1858 2508 in

210 2542 271 2605 bra
283 2545 397 2608 nostra
412 2548 539 2609 servire
554 2548 722 2626 iniquitati
732 2548 773 2610 ad
784 2549 1006 2628 iniquitatem,
1063 2549 1218 2611 Matthaeo
1235 2549 1364 2610 dicatur
1380 2547 1510 2609 initium
1526 2548 1604 2609 iidei
1617 2547 1857 2618 illucescentis,
1976 2635 1977 2638 Ἴ

211 2641 257 2703 itu
281 2658 369 2704 nunc
391 2643 608 2706 exhibeamus
623 2661 663 2706 ea
679 2647 805 2709 servire
815 2648 955 2724 Justitiae
972 2648 1007 2708 in
1062 2646 1116 2707 hic
1129 2645 1269 2708 dicimus
1287 2646 1436 2721 vigiliam
1456 2644 1634 2723 decrepitae
1650 2647 1771 2708 aetatis.
1796 2647 1861 2706 Dc·
1976 2683 1977 2686 =

211 2739 485 2802 sanctificatione.
503 2742 633 2804 Scimus
654 2743 741 2804 enim
756 2744 835 2820 quia
850 2759 939 2805 mors
953 2745 1008 2806 in·
1061 2745 1171 2804 minus
1185 2745 1295 2804 autam
1308 2742 1458 2804 ordinem
1479 2744 1710 2805 necessarium
1738 2742 1858 2813 servat,
1976 2749 1977 2796 ῑ

208 2838 276 2899 trat
290 2855 350 2916 per
363 2838 527 2901 fenestras
541 2855 711 2913 sensuum,
726 2841 759 2904 at
772 2842 848 2903 ideo
869 2841 1006 2919 dignum
1061 2841 1241 2903 secundum
1265 2840 1351 2918 quod
1366 2840 1506 2918 quisque
1524 2841 1630 2917 magis
1649 2841 1794 2918 vigilare
1812 2839 1862 2900 te-
1976 2851 1977 2864 ¹

210 2938 271 3005 est,
297 2937 334 3000 ut
361 2937 418 3016 qui
442 2936 567 3001 luerint
588 2939 810 3002 instrumenta
825 2941 953 3018 peccati
974 2942 1008 3004 et
1061 2939 1167 3001 netur.
1188 2939 1267 3000 Plus
1296 2937 1384 2998 enim
1407 2939 1549 3015 vigilare
1574 2939 1711 3000 tenetur
1740 2953 1859 3016 senex,

209 3033 387 3097 servierint
398 3035 638 3109 diabolo‚nunc
648 3037 802 3100 sintvasa
815 3039 1006 3103 sanctifica·
1060 3053 1158 3114 quam
1171 3036 1306 3114 jnvenis
1321 3037 1354 3098 et
1368 3036 1441 3114 plus
1452 3037 1587 3114 Juvenis
1610 3053 1715 3115 quam
1731 3035 1862 3098 adoles-

208 3132 309 3194 tionis
325 3133 358 3194 et
372 3133 520 3196 serviant
533 3137 613 3198 Jesu
635 3137 777 3210 Christe,
793 3137 829 3199 ut
848 3139 902 3199 cui
925 3139 1004 3200 olim
1060 3150 1149 3207 cens,
1176 3138 1209 3197 et
1228 3135 1302 3212 plus
1331 3134 1524 3196 adolescens
1549 3149 1649 3212 quam
1680 3151 1776 3213 puer.
1803 3132 1863 3194 Vel

209 3231 282 3290 erat
305 3227 396 3292 frons
419 3231 605 3292 meretricis
630 3232 666 3293 ut
696 3233 799 3295 nollet
824 3233 1004 3311 aliquando
1060 3233 1179 3310 potius,
1208 3233 1286 3311 quia
1310 3233 1408 3293 homo
1426 3230 1576 3293 nascitur
1603 3231 1646 3292 ad
1675 3232 1860 3302 miseriam,

208 3327 404 3389 erubescere
423 3328 456 3389 et
469 3329 601 3392 erubuit
624 3330 792 3392 Christum
807 3345 919 3392 coram
942 3331 1005 3393 ho-
1059 3334 1137 3393 tunc
1156 3330 1273 3406 incipit
1287 3330 1317 3390 ei
1331 3345 1408 3390 nox.
1426 3331 1506 3390 Cum
1521 3329 1633 3390 autem
1651 3331 1800 3392 moritur
1823 3327 1864 3390 ad

208 3423 365 3499 minibus
386 3442 475 3487 nunc
502 3426 538 3487 in
564 3427 643 3487 sede
668 3429 815 3505 pudoris,
838 3429 939 3502 idest,
968 3429 1002 3490 in
1060 3428 1299 3500 salutem,tunc
1317 3426 1433 3504 incipit
1452 3426 1534 3488 dies.

208 3522 317 3585 ironia
341 3524 450 3585 crucis
474 3525 634 3587 vexillum
661 3525 827 3604 praeierat,
846 3529 879 3589 et
900 3528 1006 3591 conii-
1098 3526 1199 3587 Recte
1212 3539 1358 3601 persero
1373 3523 1517 3601 quodest
1531 3523 1637 3586 noctis
1651 3525 1803 3599 initium,
1819 3524 1868 3585 in·

207 3621 307 3683 tendo
321 3620 486 3684 Christum
511 3638 624 3685 coram
646 3623 847 3696 hominibus,
872 3625 958 3688 absit
972 3625 1005 3687 ei
1058 3623 1219 3700 telligitur
1235 3621 1390 3700 pueritia.
1404 3625 1468 3683 Per
1482 3637 1585 3683 meree
1598 3637 1693 3696 vero,
1707 3623 1798 3702 quod
1814 3622 1866 3683 ast

207 3719 348 3795 gloriari
373 3721 440 3782 nisi
460 3720 497 3783 in
519 3737 617 3785 cruce
641 3723 772 3786 Domini
793 3723 899 3786 nostri
924 3727 1004 3788 Jesu
1058 3721 1134 3782 linis
1147 3719 1264 3792 noctis,
1280 3720 1432 3781 senectus
1451 3719 1624 3796 accipitur,
1642 3721 1677 3781 et
1694 3720 1775 3783 ideo
1794 3723 1866 3782 Do·

209 3817 342 3880 Christi.
367 3821 425 3882 Est
444 3836 523 3898 ergo
538 3819 611 3882 haec
625 3823 838 3884 commutatio
857 3823 1003 3885 dexterae
1059 3819 1167 3880 minus
1181 3818 1274 3896 prius
1289 3817 1524 3879 commemorat
1545 3832 1619 3878 sero
1633 3834 1738 3894 quam
1753 3833 1864 3889 mane,

207 3917 352 3989 Excelsi,
371 3916 530 3985 tribuere,
558 3919 687 3980 scilicet
703 3919 836 3980 terrena
857 3935 916 3996 pro
936 3935 1005 3982 coe-
1058 3917 1146 3978 uide
1161 3917 1256 3978 nocte
1276 3915 1485 3977 transeamus
1506 3914 1547 3976 ad
1571 3914 1671 3988 diem,
1696 3916 1801 3986 idest,
1827 3915 1869 3976 de

208 4013 359 4084 lestibus,
375 4015 562 4091 corporalia
577 4031 636 4092 pro
653 4017 893 4093 spiritualibus
906 4020 1004 4078 tran·
1059 4013 1193 4074 miseria
1214 4013 1292 4075 vitae
1307 4013 1482 4088 praesentis
1496 4011 1546 4072 ad
1553 4011 1699 4088 gloriam
1712 4013 1796 4076 vitae
1810 4013 1868 4074 iu-

210 4111 326 4172 sitcria
354 4127 414 4188 pro
442 4112 587 4174 aeternis.
615 4114 739 4191 Vigilat
759 4129 838 4190 ergo
866 4113 1004 4192 quilibet
1058 4113 1153 4173 turae.
1168 4109 1298 4186 thuia
1310 4124 1378 4170 nox
1388 4109 1437 4170 est
1446 4109 1515 4171 vita
1530 4125 1693 4186 praesens,
1712 4111 1870 4189 psalmus

208 4212 358 4270 vestrum
368 4211 401 4270 et
410 4207 547 4282 laboret,
560 4210 593 4272 et
600 4211 767 4289 implendo
780 4229 877 4273 suum
892 4211 1004 4272 minis·
1059 4207 1140 4269 dicit
1157 4207 1406 4268 :Dormtermtt
1420 4221 1581 4268 somnum
1594 4221 1713 4282 ιιιιιιιι,
1730 4209 1767 4270 et
1782 4211 1870 4272 elidit

208 4306 330 4367 terium
345 4304 446 4367 iaciat
458 4321 540 4383 opus
555 4308 781 4384 evangelistae,
797 4308 867 4371 sive
881 4307 1005 4385 praedi·
1059 4304 1267 4366 locauerunt
1281 4317 1399 4365 omnes
1419 4307 1491 4365 virt
1503 4305 1712 4366 divitiarum
1729 4310 1770 4370 tn
1791 4323 1874 4369 ma»

209 4403 343 4476 catoris,
357 4403 443 4464 sicut
455 4403 591 4468 cuilibet
602 4405 749 4466 vestrum
762 4405 843 4468 dicit
857 4405 1002 4467 Paulus:
1058 4403 1158 4462 atibus
1182 4403 1256 4462 suis
1267 4399 1336 4480 (Ps.
1352 4403 1402 4474 75,
1418 4399 1464 4480 6).
1479 4401 1550 4462 Duo
1564 4416 1712 4478 namque
1725 4403 1873 4481 praemi-

209 4506 258 4564 Τιι
280 4517 363 4564 vcro
390 4504 494 4578 capua
521 4505 558 4564 tn
581 4506 747 4576 omnihus,
771 4506 898 4575 labore,
919 4519 1005 4578 opus
1059 4498 1163 4574 serat;
1176 4498 1322 4576 vigilate,
1335 4499 1473 4570 seilicet,
1487 4498 1563 4575 quia
1576 4497 1718 4560 nescitis
1731 4501 1874 4580 quando

207 4604 263 4677 sac
276 4601 506 4678 evangelistae,
529 4602 764 4664 ministerium
788 4601 887 4662 tuum
903 4604 1004 4674 imple
1059 4597 1218 4658 Dominus
1245 4597 1369 4659 veniat.
1398 4598 1435 4657 ln
1463 4595 1569 4672 prima
1592 4595 1730 4672 quidem
1753 4601 1871 4672 aetate,

210 4697 254 4778 (ΙΙ
266 4699 349 4761 Tim.
364 4713 410 4772 1v,
427 4696 472 4778 5).
684 4717 685 4720 ¹
728 4717 732 4734 ι
1059 4695 1138 4757 licet
1156 4694 1254 4756 homo
1269 4692 1397 4755 nesciat
1411 4692 1542 4772 quando
1557 4692 1721 4756 Dominus
1736 4697 1872 4770 veniat,

248 4796 374 4858 Debent
388 4797 488 4858 etiam
513 4796 643 4874 praelati
657 4795 799 4874 vigilare
817 4811 877 4874 per
892 4795 1005 4858 custo-
1057 4796 1169 4855 tamen
1190 4807 1257 4853 non
1279 4787 1380 4852 habet
1405 4805 1488 4880 opus
1512 4789 1666 4868 vigilare,
1683 4793 1772 4870 quia
1801 4811 1876 4858 non

209 4891 309 4953 diam.
339 4894 367 4952 A
389 4891 508 4968 quibus
533 4895 623 4955 enim
653 4897 760 4974 major
788 4893 919 4957 cautela
946 4894 1004 4954 aut
1059 4889 1142 4952 solet
1153 4887 1263 4949 inians
1275 4903 1314 4948 ea
1325 4888 1420 4949 aetate
1431 4889 1625 4965 peccarem
1635 4888 1763 4954 ultima
1772 4909 1874 4966 vero,

208 4992 316 5068 mador
325 4988 578 5066 circumspectio
593 4992 750 5068 exigitur,
765 5008 864 5069 quam
880 4990 920 5052 ab
936 4989 1003 5052 illis
1058 4987 1136 5050 licet
1148 4986 1269 5048 habeat
1276 5001 1358 5062 opus
1368 4985 1538 5062 vigilandi,
1550 4986 1612 5048 scit
1620 4987 1738 5050 tamen
1751 4990 1877 5054 decre·

208 5105 268 5168 per
297 5101 378 5166 quos
404 5103 487 5164 grex
510 5088 642 5149 Domini
663 5087 698 5150 in
719 5089 827 5151 medio
850 5089 1003 5166 luporum
1059 5085 1146 5162 pitus
1157 5083 1242 5162 quod
1258 5099 1297 5144 ea
1311 5084 1407 5145 aetate
1420 5084 1577 5146 Dominus
1585 5085 1686 5158 venit,
1697 5091 1878 5162 quoniam

209 5185 405 5258 custoditur,
435 5200 477 5247 ne
502 5183 584 5260 lupi,
610 5184 706 5258 idest,
730 5186 896 5249 daemones
917 5185 1005 5247 irre-
1059 5181 1140 5241 aetas
1153 5179 1211 5239 iila
1227 5177 1332 5239 morte
1345 5177 1467 5239 finitur.
1481 5177 1572 5241 Licet
1583 5178 1878 5245 autemomnibus

208 5286 309 5366 pant,
341 5298 420 5346 oves
442 5280 636 5359 dispergant
656 5283 690 5343 et
711 5285 866 5360 pereunti
890 5284 1004 5361 ltaque
1058 5277 1259 5354 praeceptum
1287 5275 1331 5337 sit
1355 5275 1511 5352 vigilare,
1541 5275 1725 5338 secundum
1756 5281 1877 5344 illud:

209 5397 356 5459 congrue
370 5380 406 5442 in
432 5377 614 5454 Evangelio
636 5379 765 5456 praelati
785 5381 935 5456 pastores
950 5396 1005 5457 ap
1059 5377 1152 5440 dteod
1186 5375 1280 5435 vobis
1305 5375 1388 5442 dico,
1418 5377 1573 5436 omuibus
1600 5377 1684 5446 dico,
1713 5379 1879 5454 vigilate

184 5499 189 5520 ¹
209 5478 404 5562 pellantur:
429 5479 475 5541 st
493 5475 655 5554 pastores
679 5476 794 5548 erant,
820 5475 940 5552 inquit,
967 5481 1004 5538 m
1060 5472 1177 5551 (Marc.
1194 5487 1269 5538 1111.
1282 5469 1348 5551 37).
1366 5470 1561 5548 Specialiter
1574 5472 1685 5533 tamen
1704 5476 1880 5548 praelatis

104 5564 108 5572 ⁸
208 5583 351 5658 regione
379 5580 499 5640 eedem
517 5573 700 5651 eludentes
721 5575 754 5634 et
777 5573 1004 5646 custodientes
1059 5568 1228 5640 Ecclesiae,
1253 5569 1431 5629 secundum
1456 5567 1538 5628 illud
1562 5590 1570 5629 ε
1592 5571 1753 5631 Jumtcrt
1767 5589 1882 5647 prce.

209 5682 346 5758 eiptltas
361 5677 582 5749 scammuse
593 5686 735 5751 gregem
747 5684 849 5733 suum
857 5667 949 5748 (Luc.
965 5685 1001 5742 ιι,
1058 5667 1147 5742 cepti
1159 5668 1197 5728 ιιι
1207 5667 1322 5744 evigilet
1331 5665 1448 5746 (Marc.
1459 5682 1532 5739 xm,
1544 5664 1609 5747 34).
1620 5666 1758 5731 Junitor
1773 5673 1880 5735 enim
