3988 6308
71 391 128 457 241

73 556 119 617 sis
133 568 323 632 expressas,
338 551 421 616 illud
437 551 500 616 sibl
516 551 685 616 distulerls
696 551 867 624 exhibere,

15 718 20 728 ,
72 653 112 716 ad
129 652 347 715 auferendum
361 667 491 715 omnem
504 651 720 715 dubitationis
734 667 870 730 scrupu-

73 752 143 814 lum
168 751 366 814 auctoritate
393 751 608 830 praesentium
640 749 866 822 declaramus,

72 848 162 926 quod
186 848 215 910 si
229 847 388 926 praefatus
407 847 662 910 archidiaconus
686 863 787 925 super
805 861 869 908 ex-

72 945 222 1008 cessibus
237 946 388 1019 notoriis,
404 955 465 1024 pro
477 943 596 1024 quibus
611 946 661 1008 est
676 961 870 1008 excommu-

71 1043 252 1105 nicationis
285 1043 423 1107 vinculo·
458 1043 660 1115 innodatus,
695 1043 867 1105 emendam

72 1141 234 1218 prestare
245 1141 390 1203 voluerit
403 1139 653 1218 competentem,
675 1155 714 1202 ac
728 1141 869 1219 postmo-

72 1237 152 1300 dum
165 1253 226 1316 pro
235 1238 289 1300 his
303 1240 336 1302 01
348 1238 424 1302 aliis
439 1237 752 1303 sufficientissimam
763 1255 870 1317 praes-

70 1337 179 1398 titerit
200 1337 399 1411 cautionem,
416 1353 469 1408 ne,
491 1337 576 1416 quod
596 1338 697 1411 absit,
725 1337 821 1400 nobis
835 1337 869 1400 et

70 1432 231 1496 Ecclesiae
252 1435 375 1512 saepius
398 1434 568 1508 illudatur,
591 1435 679 1515 quod
702 1435 867 1499 mandatis

69 1531 198 1594 nostris
224 1531 376 1595 omnibus
404 1532 478 1595 sine
506 1532 700 1596 difficultate
725 1533 865 1612 parebit,

70 1645 147 1690 cum
164 1628 355 1708 juramento
370 1630 476 1709 ipsius
491 1632 577 1710 quod
601 1632 636 1692 in
651 1633 802 1710 pluribus
817 1632 868 1695 est

70 1727 304 1804 bansgressus
320 1727 455 1790 credere
473 1745 541 1792 non
560 1729 736 1809 possimus,
759 1731 866 1793 eidem

70 1825 292 1888 absolutionis
307 1826 505 1889 beneficium
520 1829 671 1906 poteritis
681 1829 844 1906 impertiri
856 1851 864 1906 ;

69 1923 265 2000 processuri
280 1925 488 2000 postmodum
505 1925 540 1988 in
554 1926 719 1990 mandatis
733 1927 866 1990 facien·-

69 2021 121 2081 dis
133 2021 244 2083 eidem
255 2022 353 2098 prout
363 2023 478 2100 postea
490 2025 643 2102 rescripti
653 2025 760 2087 nostri
771 2027 867 2088 tenor

68 2134 127 2179 ros
144 2118 269 2195 poterit
282 2117 430 2182 edocere.
449 2121 578 2183 sivero
591 2122 639 2184 sic
654 2121 754 2185 fuerit
767 2123 868 2184 indu-

68 2216 163 2277 ratus
180 2217 268 2294 quod
286 2217 369 2280 nolit
383 2235 483 2296 super
497 2219 689 2282 excessibus
704 2221 774 2282 suis
793 2236 867 2282 nos·

68 2313 128 2375 tris
145 2313 352 2390 jussionibus
367 2315 513 2388 obedire,
530 2333 589 2380 vos
604 2333 665 2396 per
676 2319 865 2397 provincias

68 2413 201 2472 rostras
216 2412 357 2490 siugulis
371 2413 547 2477 dominicis
562 2416 678 2478 diebus
691 2405 724 2480 et
737 2417 865 2482 festivis

67 2509 191 2586 ipsum,
207 2510 347 2588 pulsatis
358 2513 528 2590 campanis
540 2514 573 2577 et
587 2514 735 2578 candelis
745 2531 867 2578 acoen-

67 2607 122 2679 sis,
141 2610 467 2672 excommunicatum
487 2611 619 2675 faciatis
635 2613 766 2692 publice
787 2631 867 2676 nun·

66 2703 155 2778 tiari,
164 2705 204 2766 ut
212 2706 440 2770 saltimcoram
448 2710 568 2788 populo
579 2710 800 2775 confundatur
809 2713 865 2791 qui

68 2805 172 2866 Deum
198 2821 264 2867 non
289 2806 384 2869 timet
402 2809 435 2872 et
449 2809 632 2887 periculum
656 2812 777 2876 auimae
798 2829 865 2875 non

68 2903 214 2964 seretur.
230 2905 408 2982 Speremus
422 2908 532 2969 autem
547 2909 582 2969 in
596 2909 697 2972 biset
715 2910 791 2972 aliis
805 2927 865 2975 vos

67 2999 179 3060 taliter
201 3001 382 3064 secundum
402 3003 548 3067 debitum
567 3007 744 3085 pastoralis
763 3009 864 3072 offleii

70 3099 206 3160 auctore
218 3101 359 3164 Domino
373 3117 600 3180 processuros,
618 3105 704 3184 quod
719 3106 864 3170 studium

67 3195 307 3259 sollicitudinis
321 3201 441 3262 vestrae
463 3201 626 3265 clarescet
640 3203 675 3266 in
688 3205 861 3283 operibus,

65 3294 96 3355 et
109 3295 307 3372 operabitur
328 3297 418 3359 circa
433 3297 581 3362 subditos
601 3302 862 3367 incrementum:

63 3407 120 3453 nos
140 3409 277 3472 quoque
296 3393 503 3472 diligentiam
521 3401 666 3462 vestram
682 3401 863 3480 poterimus

62 3489 96 3550 iu
105 3491 252 3553 Domino
267 3493 385 3556 merito
401 3497 644 3560 commendare.

97 3589 222 3651 Datum
235 3591 407 3662 Laterani,
423 3591 575 3656 kalendis
590 3595 763 3670 februarii,
784 3615 864 3678 pon-

59 3685 209 3749 tificatus
219 3688 327 3750 nostri
340 3705 429 3752 anno
442 3691 561 3769 primo.

395 3905 526 3994 CXCV

177 4072 235 4134 Ad
247 4074 442 4148 episcopum
460 4077 738 4143 Noctemensem.

359 4223 377 4282 3
396 4221 560 4285 10111117.

83 4354 212 4418 [aegest.
223 4351 270 4404 lib.
281 4354 301 4412 l,
315 4355 390 4419 epist.
402 4355 458 4408 228.
473 4357 533 4411 1101.
546 4359 583 4410 ba
594 4360 672 4414 Porta
684 4362 719 4414 du
731 4361 827 4432 111011]

54 4505 247 4564 lloriomensi
267 4506 402 4582 episcopo
435 4509 587 4569 0011111111
610 4511 803 4587 indulgentias
828 4517 857 4576 in

77 4593 223 4660 ,Concilio
259 4595 388 4669 generali
424 4599 610 4660 Latereuenei
650 4605 858 4679 cmcesiguatia

85 4698 260 4743 concessas.

88 4847 277 4921 Honorius,
291 4848 366 4922 etc,
380 4849 564 4914 venerabili
580 4853 678 4917 fratri
701 4855 858 4938 episcopo

52 4943 254 5007 Noviomen.

88 5043 228 5102 cumin
244 5044 395 5118 generali
410 5046 559 5108 concilio
573 5050 726 5114 omuibus
741 5054 798 5131 qui
810 5054 857 5116 la·

50 5133 163 5200 berem
175 5141 460 5217 peregrinationis
469 5144 512 5205 ad
520 5147 631 5209 Terrae
643 5151 773 5213 Sanctae
782 5151 856 5214 sub

50 5235 173 5297 sidium
203 5231 412 5316 inpropriis
445 5243 597 5318 personis
632 5245 796 5311 subierint
822 5251 856 5313 et

49 5335 225 5410 expensis,
254 5334 354 5413 plena
384 5353 520 5400 suorum
547 5344 787 5420 peccaminum,
813 5347 854 5411 de

49 5431 170 5506 quibus
197 5433 366 5495 veraciter
387 5433 512 5499 fuerint
534 5440 634 5502 corde
660 5443 793 5507 contriti
820 5448 854 5510 et

49 5541 103 5589 cre
114 5528 279 5602 confessi,
295 5531 393 5594 venia
414 5533 458 5595 sit
476 5550 644 5611 concessa,
662 5541 741 5603 etin
753 5543 855 5606 retri-

688 369 942 454 'srrsronm
966 387 1044 489 rna
1067 387 1093 454 1.

1664 397 1725 460 242

923 552 1015 616 sonis
1028 552 1109 616 illuc
1122 555 1335 631 accesserint,
1350 555 1407 620 sed
1422 557 1458 619 11
1474 554 1545 619 suis
1560 554 1732 622 11111111-

923 651 1079 728 expensis
1102 653 1200 730 juxta
1239 652 1429 717 facultatem
1465 656 1498 718 et
1529 655 1722 734 qualitatem

924 763 1017 810 suam
1031 749 1123 811 viros
1145 750 1282 812 idoneos
1298 751 1509 829 destinarint3
1534 769 1574 814 ac
1593 754 1661 815 illis
1674 754 1723 815 si·

923 845 1048 909 militer
1061 847 1117 925 qui
1130 847 1209 910 licet
1231 847 1265 910 in
1287 849 1407 912 alienis
1422 852 1578 929 expensis
1593 849 1628 912 in
1643 868 1723 930 pro-

922 944 1005 1021 priis
1017 945 1129 1008 tamen
1141 947 1293 1024 personis
1306 947 1519 1021 accesserint,
1536 950 1633 1027 plena
1647 964 1722 1011 suo-

923 1057 997 1103 rum
1010 1043 1109 1105 renla
1124 1044 1346 1122 peccatorum,
1358 1045 1501 1124 ethujus
1514 1045 1720 1108 remissionis

923 1153 1116 1200 concessum
1129 1140 1182 1214 sit,
1197 1157 1271 1203 esse
1283 1141 1462 1220 participes
1473 1143 1571 1220 juxta
1583 1143 1721 1222 quanti-

921 1235 1024 1298 tatem
1038 1235 1180 1299 subsidii
1192 1239 1226 1300 et
1239 1238 1425 1301 devotionis
1438 1239 1595 1302 affectum
1605 1255 1720 1302 omnes

922 1333 979 1411 qui
993 1333 1035 1396 ad
1050 1333 1302 1398 subventionem
1317 1337 1423 1415 ipsius
1439 1337 1539 1400 terrae
1559 1336 1599 1398 de
1622 1336 1719 1399 bonis

922 1429 992 1492 suis
1007 1447 1153 1509 congrue
1168 1433 1442 1508 ministraverint,
1457 1434 1514 1497 aut
1529 1433 1618 1496 circa
1633 1450 1722 1512 prae-

922 1527 1010 1590 dicta
1033 1530 1209 1594 consilium
1233 1533 1289 1594 vel
1311 1532 1473 1594 auxilium
1500 1531 1722 1610 impenderint

922 1626 1154 1702 opportunum,
1170 1645 1231 1690 nos
1248 1630 1289 1692 de
1302 1629 1537 1708 omnipotentis
1550 1629 1607 1692 Dei
1625 1629 1722 1690 mise-

921 1723 1078 1798 ricordia,
1092 1729 1126 1787 et
1139 1725 1310 1789 beatorum
1326 1729 1416 1790 Petri
1429 1729 1463 1790 et
1476 1727 1572 1789 Pauli
1585 1727 1722 1804 aposto-

920 1820 1029 1884 lorum
1042 1823 1238 1886 auctoritate
1253 1825 1381 1898 confisi,
1398 1825 1588 1904 hujusmodi
1603 1824 1719 1886 indul-

921 1919 1066 1994 gentiam
1091 1921 1326 1984 confirmantes
1356 1923 1493 1996 eisdem,
1518 1921 1719 1986 fraternitati
1825 1933 1827 1936 ·

920 2015 986 2078 tuae
1019 2032 1079 2094 per
1109 2019 1299 2095 apostolica
1337 2021 1461 2098 scripta
1492 2019 1718 2098 precipiendo

921 2113 1128 2184 mandamus,
1140 2118 1304 2193 quatenus
1319 2117 1391 2179 baec
1403 2134 1463 2195 per
1477 2133 1591 2179 omnes
1606 2117 1718 2179 eccle-

921 2210 989 2271 sias
1002 2213 1069 2273 tuae
1091 2209 1244 2276 dioecesis
1256 2215 1452 2278 annuntiari
1465 2214 1656 2293 frequenter
1667 2214 1720 2277 fa-

921 2308 1002 2381 cias,
1019 2310 1055 2371 ut
1066 2312 1133 2372 tam
1142 2313 1364 2389 crucesignati
1376 2330 1474 2392 quam
1490 2313 1590 2374 etiam
1601 2327 1720 2374 cruce-

921 2405 1074 2481 signandi
1089 2424 1149 2486 per
1166 2408 1229 2471 hoc
1252 2411 1396 2472 animari
1409 2411 1545 2473 valeant
1558 2410 1600 2471 ad
1615 2410 1716 2470 obse·

920 2503 1034 2580 quium
1048 2507 1129 2567 Jesu
1143 2507 1277 2570 Christi.
1296 2509 1414 2570 Datum
1436 2507 1605 2580 Laterani,
1618 2507 1717 2569 tertio

920 2616 1026 2663 nonas
1044 2601 1217 2678 februarii,
1249 2604 1469 2686 pontificatus
1492 2605 1600 2668 nostri
1628 2619 1717 2698 anno

919 2713 1037 2775 primo.

1246 2882 1398 2971 CXCVI

918 3041 972 3100 Ad
995 3043 1183 3105 Berctdum
1212 3047 1370 3121 priorem
1398 3046 1432 3108 at
1454 3045 1587 3120 tratres
1607 3043 1718 3120 juncta

1011 3141 1158 3214 Speciem
1166 3143 1202 3204 S.
1218 3143 1395 3204 Benedicti
1409 3141 1623 3206 constitutos.

1212 3271 1320 3332 dsebr.
1342 3274 1421 3332 lili.

1037 3357 1212 3426 [Splcilepium
1222 3361 1394 3414 Libcmenum.
1408 3377 1435 3428 p.
1448 3363 1505 3424 711,
1517 3377 1543 3415 n.
1558 3363 1594 3430 l.]

917 3493 1038 3552 beroldo
1050 3495 1137 3568 priori
1153 3504 1182 3554 et
1196 3496 1330 3556 fratribus
1342 3498 1422 3572 juxta
1439 3499 1561 3572 Specum
1577 3499 1606 3559 S.
1621 3501 1714 3558 Bene·

952 3581 1020 3640 dicti
1051 3586 1213 3643 constitutis
1244 3589 1462 3646 concessionem
1499 3601 1550 3646 sex
1578 3587 1715 3646 librarum

952 3673 1060 3731 usualis
1086 3681 1218 3744 monete,
1234 3689 1306 3748 quas
1332 3675 1368 3733 dc
1394 3685 1490 3734 annuo
1513 3691 1603 3734 censu
1628 3677 1715 3735 castri

952 3761 1078 3819 Portiaoi
1108 3762 1266 3822 secundum
1295 3770 1423 3822 tenorem
1451 3765 1594 3838 privilegii
1624 3767 1712 3826 Inuo-

936 3912 938 3919 ,
951 3850 1040 3908 centii
1052 3853 1093 3911 lll
1108 3850 1212 3910 debent
1231 3853 1389 3926 percipere,
1404 3860 1496 3911 ratam
1514 3852 1610 3912 babet.

956 3977 1123 4056 Honorius
1139 3978 1324 4058 episcopus,
1333 3995 1449 4042 servus
1461 3981 1711 4055 servorumllei,
1750 3981 1752 3984 ’

915 4075 1045 4139 dilectis
1059 4077 1248 4140 constitutis
1272 4078 1415 4142 salutem
1438 4080 1472 4143 et
1495 4079 1711 4157 apostolicam

914 4173 1189 4268 benedictionem.

954 4275 1000 4334 Ea
1016 4289 1089 4351 quae
1103 4273 1169 4351 piis
1183 4273 1267 4337 locis
1280 4273 1416 4352 pietatis
1434 4276 1557 4339 intuitu
1571 4276 1710 4355 provide

913 4369 1141 4433 conceduntur
1159 4388 1220 4435 nec
1241 4374 1435 4451 posteritate
1450 4374 1570 4437 debent
1592 4375 1710 4448 minui,

913 4483 974 4530 nec
987 4469 1175 4532 temeritate
1190 4471 1356 4547 convelli;
1373 4472 1431 4533 sed
1447 4487 1562 4534 eorum
1581 4471 1711 4548 integre

912 4566 990 4627 sunt
1017 4566 1132 4629 usibus
1155 4569 1368 4643 reservanda,
1394 4569 1513 4647 quibus
1536 4569 1614 4632 sunt
1638 4570 1709 4632 cir-

912 4665 1102 4742 cumspecta
1117 4665 1318 4728 liberalitate
1331 4682 1500 4728 concessa.
1515 4669 1708 4744 Eapropter,

911 4760 1023 4824 dilecti
1039 4763 1074 4823 in
1096 4763 1236 4826 Domino
1249 4764 1323 4837 fllii,
1347 4764 1567 4841 petitionibus
1587 4765 1708 4827 restris

910 4859 1082 4937 gratanter
1107 4861 1306 4937 annuimus3
1330 4863 1363 4923 et
1383 4864 1633 4926 concessionem
1649 4877 1710 4927 sex

911 4957 1070 5018 librarum
1093 4957 1221 5020 usualis
1241 4961 1393 5041 monete,
1418 4977 1500 5040 quas
1529 4961 1570 5024 de
1596 4977 1708 5024 annuo

897 5071 1013 5118 censu
1036 5055 1137 5118 castri
1159 5056 1320 5136 Pontiani,
1347 5061 1530 5122 secuudum
1557 5060 1709 5123 tenorem

909 5153 1079 5230 privilegii
1111 5154 1220 5218 felicis
1250 5157 1493 5221 recordationis
1522 5158 1710 5220 1110001111

910 5253 1009 5328 Papae
1027 5251 1284 5329 praedecessoris
1307 5255 1423 5328 nostri,
1448 5255 1575 5320 debetis
1593 5257 1709 5334 perci-

909 5364 988 5426 pere
1019 5350 1207 5423 annuatim,
1232 5351 1340 5414 ratam
1368 5352 1530 5415 hahemus
1565 5354 1598 5417 et
1629 5369 1704 5416 eam

909 5446 1082 5524 praesentis
1102 5448 1221 5526 ‘scripti
1241 5450 1427 5527 patrocinio
1442 5451 1705 5514 communimus:

908 5547 1055 5607 tenorem
1077 5547 1187 5608 autem
1202 5547 1370 5626 privilegii
1384 5549 1463 5611 dicti
1480 5550 1708 5628 praedecesso·

48 5621 188 5688 butione
200 5628 370 5704 justorum
395 5631 512 5693 salutis
532 5633 666 5699 aeternae
683 5641 853 5716 provisum
907 5641 955 5704 ris
970 5643 1076 5705 nostri
1096 5646 1253 5722 praesenti
1279 5646 1452 5725 scripturae
1468 5647 1623 5711 duximus
1639 5665 1703 5710 an·

48 5723 282 5802 augmentum
296 5727 330 5789 et
349 5727 399 5792 eis
412 5729 468 5809 qui
483 5747 548 5794 non
570 5732 603 5794 in
618 5737 763 5815 propriis
774 5754 853 5818 per-

908 5740 1104 5806 nectendum
1128 5763 1136 5804 :
1155 5743 1205 5806 est
1220 5743 1331 5808 autem
1343 5744 1431 5808 talis.
