3994 6326
1660 451 1719 514 594

65 457 132 515 503
694 449 922 510 EPISTOLAE.
946 449 1024 508 LIB.
1048 449 1088 508 11.

65 612 231 688 redigatis
245 611 279 672 in
294 609 427 683 statum,
444 609 479 670 in
497 623 561 686 quo
577 608 677 671 erant
692 609 870 686 antequam
926 607 1045 684 diligit,
1063 622 1083 668 a
1102 605 1196 671 vobis
1210 624 1341 686 quoque
1355 624 1415 686 pro
1440 610 1512 687 eius
1533 608 1720 670 reverentia

69 708 266 786 hujusmodi
276 708 406 770 litteras
418 706 633 784 recepissent.
644 706 870 768 contradicto·
926 704 1019 782 diligi
1035 720 1170 783 operum
1186 705 1391 768 exhibitione
1404 706 1606 769 monstretis.
1622 706 1719 768 Alio-

65 807 246 884 1·e8,siqui
262 804 457 876 fuerintvel
469 803 610 865 rebelles
623 820 683 882 per
696 819 871 882 censuram
926 802 1016 879 quin,
1034 802 1334 879 quantumcumque
1349 803 1526 881 diligamus
1537 820 1596 866 vos
1611 805 1644 864 et
1658 805 1722 864 ter-

66 893 336 965 ¹ecclesiasticam
350 902 872 981 appellationepostpositacom-
926 914 998 960 ram
1021 901 1177 973 vestram,
1199 899 1259 960 sub
1286 900 1550 964 dissimulatione
1574 901 1719 963 transire

65 1000 250 1079 pascendo.
268 1001 359 1073 Quod
373 1001 401 1060 si
413 1015 479 1061 non
492 1016 616 1073 amaea,
630 1000 705 1071 eto,
717 999 754 1060 tu
765 997 869 1060 irater
925 996 1006 1058 dicti
1021 996 1151 1059 comitis
1163 995 1306 1073 injurias
1322 1013 1388 1059 non
1402 1015 1584 1075 possemus.
1602 998 1722 1060 Datum

65 1100 238 1176 episcope,
255 1113 457 1160 cumeorum
472 1096 576 1160 altero
594 1113 634 1158 ea
649 1096 868 1158 nibilominus
927 1095 1093 1168 Laterani,
1109 1094 1219 1156 idibus
1229 1095 1390 1172 januarii,
1409 1096 1619 1173 pontificatus
1638 1111 1721 1157 nos-

65 1195 279 1273 exsequaris
295 1195 415 1258 Datum
433 1195 589 1257 Laterani
603 1193 712 1256 idibus
717 1192 871 1273 januarii
925 1193 969 1256 tri
981 1208 1069 1254 anno
1080 1193 1237 1256 secundo.

65 1309 161 1355 anno
177 1292 332 1354 secundo.

67 1642 125 1701 Ad
144 1645 299 1702 consules
321 1641 356 1702 et
369 1645 536 1714 populum
555 1641 869 1715 mancaepammus.

370 1769 404 1826 aa
417 1768 478 1841 jan.
496 1771 575 1828 aare.

166 1891 305 1958 [bouquea
317 1891 419 1944 Recueil
432 1893 476 1943 dee
488 1893 588 1953 bist.,t
603 1893 670 1953 XlX,
681 1908 707 1959 p.
720 1891 776 1943 ola.

280 1973 391 2038 Regest„
413 1973 457 2023 lib.
469 1973 500 2032 ll,
510 1973 585 2039 epist.
596 1973 662 2036 832]

63 2087 153 2157 Quod
166 2103 262 2145 emere
277 2102 335 2145 non
355 2095 506 2146 vereantur
522 2102 625 2162 quase
649 2087 732 2146 terris
747 2087 871 2146 Simonis

101 2176 142 2234 de
159 2175 319 2234 llonteiorti
332 2174 444 2249 praedas
458 2183 546 2250 agant
562 2176 718 2235 adversarii
733 2176 805 2250 ejus,
823 2192 868 2234 ar·

101 2265 171 2338 guit
184 2278 235 2322 eos
247 2263 388 2334 Pontifex,
401 2271 430 2322 et
445 2265 580 2323 admonet
598 2265 626 2322 in
642 2267 801 2323 Romanam
816 2267 870 2322 Ec·

102 2353 227 2411 clesiam
252 2353 287 2410 ab
313 2354 348 2411 iis
368 2354 480 2428 peccari
508 2367 574 2412 cum
594 2351 687 2412 dictur
712 2353 871 2426 comcsilla

100 2443 141 2500 A.
160 2442 188 2500 S.
205 2441 339 2500 mandata
354 2449 538 2516 exsequatur.

106 2566 279 2628 Honorius
298 2566 523 2646 episcopus...,
541 2565 671 2628 dilectis
691 2566 769 2627 tiliis
789 2582 871 2629 con-

65 2662 201 2724 sulibus
214 2663 246 2724 et
260 2662 380 2740 populo
395 2662 698 2740 Montispessulani,
716 2666 779 2725 etc.

108 2761 243 2832 Quanto
257 2775 316 2821 vos
331 2761 364 2822 61
373 2762 496 2822 terram
505 2761 649 2821 vestram
661 2759 870 2837 propensiori

65 2857 214 2919 caritate
238 2857 417 2933 diligimus,
437 2858 530 2919 tanto
550 2857 698 2918 dolemus
726 2857 869 2934 amplius

63 2957 99 3018 et
114 2954 302 3027 turbamur,
319 2971 394 3016 cum
410 2971 449 3016 ea
473 2954 513 3016 de
528 2954 622 3017 vobis
637 2955 790 3016 audimus
812 2969 871 3031 per

66 3047 199 3125 quaein
214 3049 352 3110 caritate
367 3051 481 3110 nostra
495 3045 664 3126 tepescere
679 3047 868 3109 debeamus.

64 3145 269 3206 Audivimus
307 3147 418 3206 autem
454 3145 539 3222 quod
570 3161 629 3207 vos
660 3145 870 3208 adversarios

65 3241 186 3304 dilecti
200 3242 259 3303 dlii
274 3241 396 3304 nobilis
408 3243 473 3304 viri
487 3244 520 3304 S.
537 3243 667 3304 comitis
682 3241 871 3305 Montislor·

65 3341 124 3410 tls,
144 3354 204 3416 per
219 3338 374 3402 dilectum
387 3339 492 3402 lilium
505 3341 653 3402 nostrum
663 3343 700 3402 B.
713 3337 760 3419 (1)
774 3339 871 3402 titulo

66 3436 271 3498 Sanctorum
291 3437 455 3500 ,lobannis
470 3438 503 3499 et
523 3438 620 3498 Pauli
642 3437 870 3515 presbyterum

63 3533 289 3605 cardinalem,
312 3536 351 3594 A.
369 3535 401 3596 S.
418 3534 575 3610 legatum,
599 3535 871 3597 excommunica-

64 3631 172 3692 tionis
201 3631 336 3692 vinculo
364 3631 551 3705 innodatos,
579 3633 613 3693 in
635 3632 725 3694 terra
757 3635 868 3695 vestra

64 3728 244 3806 receptare
259 3729 472 3805 praesumitis,
485 3730 519 3791 et
530 3729 659 3806 praedas
672 3745 782 3791 emere
797 3747 870 3810 quae

64 3843 85 3886 a
105 3831 202 3889 terra
231 3825 379 3903 ejusdem
401 3827 532 3888 comitis
554 3827 775 3897 abducuntur,
803 3845 871 3889 non

64 3922 278 3985 attendentes
291 3938 391 3999 quam
405 3923 555 4000 graviter
568 3924 604 3985 ln
618 3925 681 3986 boo
693 3923 870 3987 offendatis

63 4037 129 4081 nos
148 4021 184 4081 61
204 4021 386 4081 itomanam
402 4020 596 4094 Ecclesiam,
613 4023 653 4084 de
673 4025 768 4099 cujus
792 4039 871 4100 spe-

64 4117 148 4178 ciali
165 4116 320 4179 mandato
336 4119 453 4178 exiens
476 4118 622 4181 deterre
637 4120 670 4182 et
684 4120 724 4182 de
747 4135 871 4196 cogna-

63 4215 160 4276 tione
172 4229 244 4287 sua,
257 4215 355 4292 juxta
368 4230 488 4276 nomen
501 4232 597 4277 suum
608 4217 776 4290 obediens,
789 4218 872 4280 adiit

65 4313 184 4389 partes
202 4311 279 4372 illas
294 4313 410 4374 contra
429 4312 555 4390 pestem
572 4314 775 4388 haereticam,
797 4331 870 4392 quae

63 4413 175 4471 totam
197 4425 280 4486 pene
301 4410 532 4471 terramillam
547 4411 718 4484 iniecerat,
743 4429 871 4490 pugna-

66 4509 178 4568 turus.
219 4506 374 4583 Adeoque
410 4505 619 4571 universitati
656 4512 776 4572 vestrae
810 4527 871 4588 per

66 4603 265 4681 Apostolioa
276 4604 399 4680 scripta
410 4605 606 4666 mandamus
619 4606 652 4668 et
662 4605 721 4667 sub
734 4607 870 4670 obtentu

65 4701 189 4776 gratiae
204 4700 325 4762 divinae
340 4716 381 4762 ao
398 4703 521 4763 nostrae
540 4702 689 4765 districte
710 4704 869 4781 praecipi-

65 4815 155 4869 mus,
174 4799 385 4875 quatenus,a
407 4801 665 4877 praesumptione
680 4800 869 4881 hujusmodi

66 4896 206 4973 penitus
235 4894 448 4968 desistentes,
473 4895 526 4956 his
549 4898 607 4978 qui
627 4897 716 4959 dicto
743 4899 868 4972 comiti,

66 4993 174 5052 immo
186 4992 299 5052 verius
314 4991 389 5068 paci
402 4994 435 5054 et
447 4991 535 5064 fldei,
552 4993 782 5068 adversantur,
799 4995 871 5056 nul·

65 5091 139 5149 lurn
169 5088 368 5164 impendatis
404 5089 580 5154 consilium
615 5092 669 5153 vel
699 5092 867 5168 favorem3

65 5185 220 5263 quinimo
244 5200 324 5261 erga
350 5186 501 5248 eumdem
528 5188 682 5251 comitem
704 5189 744 5252 ob
769 5206 868 5252 reve-

66 5282 377 5346 rentiam'nostram
392 5283 476 5345 tales
489 5300 548 5346 vos
562 5284 721 5348 exhibere
732 5287 866 5359 curetis,

66 5379 157 5458 quod
180 5394 236 5439 eos
252 5395 334 5456 quos
349 5381 541 5458 Apostolica
563 5382 663 5446 Sedes
678 5383 870 5461 specialiter

106 5565 148 5640 (1)
165 5563 362 5624 bertrandum.

966 1337 1008 1396 la
1023 1337 1181 1397 eumdem
1199 1338 1340 1397 modum
1353 1334 1516 1412 utsupra,
1534 1334 1722 1396 vicecomiti

925 1431 1144 1504 Turennensi,
1156 1432 1353 1505 Bertranno,
1366 1432 1534 1505 Galiardo,
1546 1433 1579 1494 et
1591 1432 1722 1494 caeteris

926 1529 1068 1591 dominis
1095 1529 1135 1592 de
1161 1529 1270 1591 Gordo
1296 1531 1329 1591 et
1352 1530 1429 1590 aliis
1455 1529 1636 1590 baronibus
1662 1543 1722 1606 per

926 1627 1162 1688 caturcensem
1175 1627 1345 1688 dioecesim
1357 1627 1556 1689 constitutis.

1286 1829 1372 1916 clx

924 1991 977 2051 Act
988 1989 1222 2058 vicecomitem
1232 1989 1266 2052 ct
1276 1994 1442 2066 populum
1450 1991 1722 2052 Narbonensem.

1225 2121 1259 2179 13
1271 2119 1332 2195 jan.
1345 2121 1424 2179 1118.

926 2253 1062 2319 [bouquet
1080 2252 1184 2305 Recueil
1200 2253 1245 2305 des
1262 2253 1364 2312 histor„
1379 2257 1398 2304 t.
1412 2253 1480 2312 XIX,
1495 2267 1523 2319 p.
1542 2252 1599 2304 uls.
1615 2253 1724 2316 Regem,

1211 2333 1257 2384 lib.
1269 2335 1300 2394 ll,
1314 2347 1354 2398 ep.
1367 2333 1435 2396 8³3]

926 2439 1035 2500 Laudat
1046 2454 1097 2498 eos
1109 2440 1228 2513 quodA.
1247 2442 1275 2500 S.
1291 2441 1388 2515 legato
1404 2440 1555 2498 aesimoni
1569 2438 1605 2497 de
1619 2441 1725 2498 Monte·

960 2527 1025 2587 lorti
1050 2528 1158 2587 sortiter
1186 2529 1372 2598 auxilientur,
1397 2527 1582 2600 hortaturque
1605 2543 1666 2597 eos,
1694 2533 1726 2584 ut

960 2616 1097 2691 deinceps
1111 2617 1140 2676 in
1155 2619 1291 2676 Ecclesia
1306 2619 1444 2676 Romane
1457 2617 1642 2676 veneratione
1657 2629 1722 2690 per·

961 2714 1108 2764 maneant.

965 2842 1132 2904 Honorius
1148 2830 1373 2920 episcopusfl„
1393 2841 1524 2904 dilectis
1539 2841 1617 2904 filiis
1634 2839 1727 2904 vice·

926 2938 1038 3001 comiti
1051 2938 1101 3019 (a)
1115 2941 1147 3002 et
1161 2939 1281 3016 populo
1293 2938 1512 3012 Narbonensi,
1529 2940 1592 3000 etc.

965 3036 1101 3098 Gratum
1121 3037 1280 3098 babemus
1302 3037 1400 3113 quod,
1417 3035 1503 3097 sicut
1519 3035 1718 3112 accepimus,

924 3133 1045 3196 dilecto
1064 3133 1134 3195 illio
1153 3134 1267 3197 nostro
1291 3137 1329 3195 B.
1354 3133 1400 3214 (b)
1423 3133 1511 3195 tituli
1530 3133 1721 3194 sanctorum

924 3231 1087 3292 lobannis
1109 3233 1141 3293 et
1155 3230 1252 3291 Pauli
1273 3230 1468 3308 presbytero
1490 3229 1665 3302 cardinali,
1682 3232 1721 3290 A.

927 3330 959 3388 S.
986 3328 1107 3404 legato,
1134 3328 1222 3391 sicut
1246 3327 1443 3390 obedientiae
1467 3327 1528 3388 tilii
1554 3326 1725 3388 humiliter

925 3426 1134 3488 intendentes
1144 3441 1184 3487 ac
1196 3425 1300 3488 nobili
1310 3427 1384 3488 viro
1396 3429 1429 3487 S.
1447 3425 1493 3506 (c)
1507 3426 1619 3488 comiti
1628 3427 1727 3486 Mon·

925 3523 1064 3585 tisfortis
1094 3524 1289 3586 assistentes
1314 3523 1458 3586 viriliter
1487 3526 1521 3584 et
1550 3522 1721 3600 potenter,

926 3623 1095 3698 negotium
1105 3622 1197 3699 pacis
1212 3624 1245 3684 et
1259 3622 1336 3684 fidei
1349 3638 1415 3682 una
1431 3636 1505 3684 cum
1518 3622 1600 3702 ipsis
1614 3619 1723 3681 fideli-

924 3720 977 3779 ter
991 3719 1202 3795 promovetis.
1218 3720 1385 3794 Rogamus
1400 3718 1504 3794 igitur
1514 3717 1723 3779 devotionem

924 3815 1081 3888 vestram,
1093 3816 1126 3877 et
1134 3817 1387 3893 perApostolica
1398 3815 1491 3876 vobis
1503 3815 1626 3891 scripta
1634 3829 1725 3874 man-

925 3912 1053 3982 damus,
1070 3914 1242 3991 quatenus,
1260 3913 1346 3991 quod
1366 3912 1552 3989 incoepistis
1566 3911 1723 3972 laudabi-

925 4009 1003 4071 liter
1014 4025 1074 4087 per
1087 4026 1146 4071 vos
1160 4011 1261 4087 ipsos
1277 4009 1399 4071 nostris
1418 3993 1548 4072 incitati
1570 4007 1724 4086 precibus

925 4122 965 4168 ac
980 4107 1155 4180 mandatis,
1173 4107 1355 4169 ferventius
1370 4107 1511 4169 faciatis.
1528 4107 1647 4169 Datum
1666 4108 1726 4167 La·

926 4205 1045 4277 terani,
1072 4205 1182 4267 idibus
1201 4195 1363 4283 januarii,
1385 4203 1596 4282 pontificatus
1618 4203 1726 4266 nostri

925 4317 1014 4364 anuo
1028 4304 1185 4364 secundo.

964 4439 1007 4498 lm
1019 4439 1178 4498 eumdem
1192 4440 1333 4498 modum
1346 4435 1511 4497 Ademaro
1523 4434 1563 4496 de
1575 4435 1725 4497 Pictavia

926 4529 1054 4611 (comiti
1064 4533 1295 4596 valentinensi
1310 4549 1349 4594 ac
1361 4531 1491 4612 Iliensi)
1504 4533 1539 4593 et
1551 4532 1721 4594 Willelmo

926 4632 999 4707 ojus
1013 4631 1095 4691 nuo.

937 4780 944 4790 ·
965 4767 1009 4823 le
1023 4765 1181 4824 eumdem
1200 4763 1340 4824 modum
1352 4763 1390 4822 A.
1406 4760 1448 4822 de
1465 4761 1663 4834 chaument,
1684 4764 1722 4823 A.

924 4858 964 4919 de
979 4858 1132 4932 Lebrent,
1157 4859 1262 4920 Heliae
1282 4858 1414 4920 Rudelli
1438 4857 1585 4939 (domino
1599 4862 1725 4936 Berge-

925 4955 1022 5036 raci),
1046 4957 1079 5018 et
1104 4957 1181 5018 aliis
1204 4955 1386 5018 baronibus
1408 4973 1470 5034 per
1496 4958 1721 5021 Guasconiam

925 5053 1124 5116 constitutis.

964 5199 1007 5257 In
1030 5199 1189 5258 eumdem
1216 5200 1356 5258 modum
1375 5197 1551 5260 Guillelmo
1580 5197 1723 5275 principi

924 5293 1150 5362 Arausicensi,
1170 5293 1203 5356 et
1215 5293 1290 5355 aliis
1308 5293 1490 5374 baronibus
1505 5310 1565 5373 per
1579 5294 1724 5368 Provin-

925 5389 1010 5452 ciam
1023 5389 1222 5453 constitutis.

960 5573 1002 5650 (a)
1015 5575 1169 5636 Aimerico.
1204 5575 1243 5652 (b)
1261 5579 1427 5635 Bertranno.
1461 5573 1500 5650 (c)
1518 5577 1636 5635 Simoni.
