3986 6304
101 353 132 412 u
494 395 496 400 ,
720 344 950 406 03333033.
974 345 1052 406 me.
1076 345 1102 404 1.
1696 351 1737 412 02

102 508 293 572 stitutionem
317 505 512 569 auctoritate
531 503 720 583 apostolica
743 503 883 567 robora-

102 607 187 680 runt;
200 605 415 666 nihilominus
428 604 564 681 insuper
575 618 677 679 grave
687 603 720 663 et
730 602 881 666 illicitum

102 703 279 781 reputantes
294 701 442 779 praebere
455 700 699 764 conniventiam
711 700 765 762 vel
777 717 883 778 praes-

103 799 334 872 turefavorem,
347 799 415 861 uta
437 799 600 861 sententia
619 797 883 875 compromissio-

105 900 147 959 nis
157 897 228 958 fldei
240 897 402 974 religione
414 897 551 958 firmatae
564 896 685 958 temere
694 897 879 970 recedatur,

104 997 137 1057 de
161 995 323 1056 communi
356 994 494 1057 consilio
520 993 660 1055 fratrum
692 995 881 1056 nostrorum

105 1109 192 1155 causa
213 1092 344 1168 cognita
366 1091 563 1154 sententiam
585 1089 746 1164 dedimus,
772 1092 808 1153 ut
826 1109 883 1152 se-

13 1255 15 1268 ,
104 1190 231 1252 cundum
245 1189 332 1266 quod
348 1189 465 1251 arbitri
487 1187 784 1266 pronuntiaverant
800 1188 881 1250 ordo

13 1271 14 1274 ¹
104 1286 324 1348 canonicorum
335 1285 541 1361 regularium
553 1284 586 1344 in
596 1284 753 1362 praedicta
768 1284 881 1347 Sancti

13 1379 14 1386 ἶ
104 1382 239 1445 Severini
253 1382 395 1445 00010310
408 1382 617 1455 reformetur,
633 1382 802 1460 perpetuis
816 1381 882 1443 ibi-

13 1484 14 1494 ’
102 1482 165 1543 dem
177 1479 378 1558 temporibus
397 1480 655 1552 conservandus,
679 1480 726 1541 ita
748 1479 784 1542 31
798 1479 881 1540 defi-

13 1575 15 1602 ³
103 1579 250 1641 cientibus
265 1578 481 1650 secularibus,
499 1577 555 1656 qui
577 1594 665 1639 nunc
687 1577 879 1646 13003331,

101 1677 278 1737 3311333131
296 1675 463 1752 regularis
477 1677 512 1737 in
527 1675 755 1752 000103101330
770 1691 882 1736 33000-

101 1775 160 1846 101,
176 1773 275 1836 301313
295 1773 475 1841 honoribus
495 1774 528 1835 et
548 1772 718 1835 beneficiis
733 1773 881 1860 ipsorum

101 1873 287 1934 secularium
311 1871 508 1934 clericorum
536 1871 695 1950 quamdiu
721 1870 878 1944 vixerint,

101 1970 157 2030 nisi
168 1969 205 2030 ad
216 1969 343 2045 frugem
351 1967 498 2031 melioris
512 1968 882 2050 3110011330313113033-ι

102 2067 241 2128 eundum.
260 2069 302 2129 ut
316 2067 419 2143 igitur
440 2067 511 2128 haec
533 2065 741 2129 diffinitionis
757 2067 880 2128 nostrae

14 2185 15 2208 2
101 2165 250 2226 sententia
277 2163 397 2227 futuris
418 2163 620 2241 temporibus
641 2162 881 2226 inviolabiliter

13 2275 15 2320 ς
101 2263 309 2335 conservetur,
344 2277 417 2324 003
457 2262 653 2324 auctoritate
689 2260 880 2338 Apostolica

14 2353 15 2358 ’
100 2359 331 2433 confirmamus,
352 2359 385 2421 et
405 2359 578 2436 praesentis
602 2359 717 2436 scripti
735 2357 881 2436 patroci-

100 2458 147 2518 310
163 2457 398 2519 communimus
419 2458 614 2535 perpetuum
636 2455 804 2518 silentium
820 2455 880 2516 suh

101 2555 357 2616 interminatione
367 2555 587 2616 anathematis
599 2554 806 2631 imponentes
814 2552 878 2626 his,

15 2665 16 2670 ’
102 2651 148 2728 qui
181 2652 300 2726 contra
323 2652 518 2728 religionem
548 2651 674 2713 ordinis
701 2650 878 2726 regularis,

102 2765 188 2825 quam
201 2751 234 2811 in
246 2749 385 2827 praefata
400 2749 542 2812 ecclesia
554 2748 800 2810 reformandam
817 2747 879 2810 de-

103 2849 254 2908 crevimus
269 2848 302 2909 et
323 2847 510 2921 tenendam,
528 2846 690 2908 suscitare
710 2845 750 2907 de
770 2847 880 2908 cetero

102 2946 335 3023 presumpserit
350 2946 574 3023 quaestionem.
593 2944 686 3006 Nulli
708 2961 787 3021 0330
809 2960 882 3004 03-

104 3043 170 3103 3130
196 3043 366 3104 hominum
392 3042 490 3105 liceat
512 3043 598 3104 hanc
624 3043 790 3120 paginam,
817 3041 878 3103 010.

16 3171 17 3199 t
104 3141 208 3202 Datum
221 3142 374 3212 Veronae,
388 3141 450 3201 etc.
467 3139 681 3201 Decernimus
696 3154 786 3215 ergo,
803 3138 878 3210 eto,

105 3239 244 3313 paginam
260 3239 382 3300 nostrae
395 3237 666 3308 confirmationis
683 3238 745 3299 etc.
759 3236 794 3297 Si
806 3235 880 3312 quis

16 3359 17 3384 t
103 3332 881 3407 03103010.Βο13310103031,Χ111130130303-

16 3507 17 3520 2
104 3428 170 3502 bris,
187 3431 396 3510 pontificatus
411 3431 516 3493 nostri
529 3446 616 3492 anno
633 3429 751 3506 primo.

441 3704 526 3790 XLI

102 3945 143 4002 ld
164 3945 317 4006 abbatem
338 3945 371 4005 01
391 3945 595 4005 corruentem
620 3941 823 4004 3030310311
845 3943 882 4001 ta

136 4044 244 4104 30310
264 4041 399 4103 11131011
418 4043 459 4102 010
483 4045 642 4116 Nympho
665 4039 883 4101 Florentino-

133 4155 216 4200 atim.

381 4251 415 4309 al
434 4258 489 4308 oct.
507 4251 586 4310 lato.

143 4393 278 4453 [biveranh
290 4391 450 4458 Spicilep‘om
461 4391 635 4454 Libonianum,
647 4405 673 4456 p.
684 4389 740 4449 7111,
751 4391 791 4440 Nn
803 4388 828 4451 1]

15 4528 20 4551 ²
104 4543 281 4604 llolendinum
292 4561 376 4619 super
386 4545 547 4620 Nympham
559 4544 594 4603 ab
605 4544 748 4617 llugolino
759 4542 883 4601 Ostiensi

131 4641 155 4690 et
175 4635 345 4694 Velletrensi
375 4636 510 4708 episeopo
535 4635 577 4692 eis
607 4634 761 4701 collatum,
785 4639 884 4689 tenore

130 4723 317 4782 concessionis
326 4724 442 4794 inserto,
454 4721 615 4781 confirmat.

17 4959 18 4983 χ
135 4893 305 4965 Honorius,
313 4893 486 4970 episcopus
502 4907 617 4952 servus
633 4889 882 4961 servorumDei,

106 4983 217 5050 dilectis
231 4991 311 5051 filiis
323 4989 444 5062 abbati,
457 4990 489 5051 01
501 4988 678 5050 003303131
691 4985 884 5048 3030310311

106 5078 133 5138 13
154 5087 258 5147 30310
287 5085 412 5146 Μ131011
440 5084 481 5144 de
508 5082 661 5162 Nympha
701 5081 885 5143 Florentini

107 5179 225 5255 ordinis,
238 5181 378 5244 salutem
394 5181 426 5243 et
442 5181 657 5259 apostolicam
676 5179 884 5241 benedictio·

107 5287 178 5338 nem.

136 5376 230 5437 iustis
257 5377 439 5454 petentium
466 5375 640 5438 desideriis
667 5373 806 5452 dignum
835 5372 887 5435 031

107 5482 155 5530 nos
177 5473 307 5535 facilem
335 5473 483 5552 praebere
511 5489 720 5542 consensum,
749 5475 781 5534 01
808 5473 886 5534 3010

107 5579 165 5641 quae
183 5586 202 5632 a
221 5572 361 5634 rationis
384 5573 516 5634 tramite
532 5587 598 5634 non
619 5569 812 5632 discordant
835 5567 886 5630 ef-

108 5659 178 5726 fectu
204 5671 422 5748 prosequente
450 5669 626 5746 complere.
658 5669 704 5729 Ea
738 5668 883 5745 propter,

936 503 1048 566 dilecti
1061 503 1096 565 in
1110 503 1251 566 Domino
1265 502 1338 578 11111,
1350 504 1470 568 3031313
1478 505 1579 583 justis
1592 509 1736 586 postula·

936 600 1081 662 tionibus
1103 601 1197 677 grato
1224 604 1461 664 concurrentes
1484 619 1642 682 assensu3
1663 623 1738 669 mo-

936 697 1106 758 leudinum
1117 699 1411 777 superNympham
1423 703 1736 779 cujusmodietatem

935 793 1561 874 venerabilisfraternosterilugolinus
1573 797 1735 862 Ostiensis

936 891 969 954 et
981 892 1197 954 velletrensis
1213 893 1397 972 episcopus,
1415 896 1555 978 pec-unia
1571 913 1632 958 sua
1647 914 1736 975 emp-

935 988 1014 1062 tam,
1028 989 1132 1052 libere
1147 990 1242 1052 vobis
1257 991 1407 1062 contulit,
1424 993 1591 1074 aliamque
1604 996 1735 1057 medie-

935 1087 1035 1149 tatem
1054 1086 1096 1148 ad
1116 1103 1210 1149 suam
1229 1104 1378 1150 mensam
1397 1091 1611 1167 spectantem,
1635 1108 1734 1170 quam

935 1183 976 1246 de
988 1200 1152 1247 consensu
1167 1188 1199 1248 et
1212 1186 1384 1249 voluntate
1395 1187 1531 1264 capituli
1546 1189 1736 1252 velletren-

935 1281 992 1354 sis,
1010 1282 1043 1344 et
1063 1282 1103 1344 de
1125 1284 1215 1346 00310
1231 1284 1370 1347 30103110
1385 1284 1479 1346 vobis
1493 1285 1620 1348 donans
1638 1288 1733 1364 post-

936 1379 1068 1440 modum
1081 1381 1271 1457 integravit,
1286 1383 1373 1445 31031
1393 1383 1428 1444 13
1449 1383 1571 1445 11110313
1585 1385 1734 1461 ejusdem

936 1478 1083 1556 episcopi
1117 1479 1346 1556 perspeximus
1379 1480 1510 1557 plenius
1543 1483 1732 1545 contineris

934 1573 1029 1636 vobis
1045 1578 1222 1653 01303303
1239 1577 1443 1638 monasterio
1455 1578 1568 1640 303130
1582 1581 1734 1642 auotori-

934 1672 1002 1734 tate
1023 1674 1215 1750 apostoliea
1239 1675 1485 1748 confirmamus,
1507 1677 1540 1738 et
1559 1677 1735 1755 praesentis

935 1770 1050 1849 scripti
1059 1771 1244 1848 patrocinio
1256 1774 1507 1834 communimus.
1517 1774 1565 1834 Ad
1573 1779 1734 1853 majorem

935 1869 1047 1930 03103
1070 1869 1121 1930 301
1144 1869 1357 1944 evidentiam,
1380 1871 1528 1932 tenorem
1546 1871 1734 1935 litterarum

918 1965 1082 2043 -episcopi
1106 1967 1147 2028 de
1167 1968 1269 2029 verbo
1292 1967 1491 2030 adverbum
1515 1970 1734 2046 praesentibus

935 2059 1090 2122 duximus
1104 2061 1330 2136 inserendum,
1347 2066 1441 2142 cuius
1456 2065 1552 2126 tenor
1564 2065 1617 2128 031
1629 2065 1706 2128 10113
1723 2088 1732 2127 z

974 2159 1259 2221 «venerabilibus
1293 2162 1329 2222 in
1351 2162 1481 2224 Christo
1502 2161 1672 2236 fratribus,
1699 2164 1733 2226 et

933 2257 1125 2317 reverendis
1139 2259 1256 2319 amicis
1270 2258 1392 2321 Christi
1407 2259 1529 2332 abbati,
1544 2261 1578 2321 et
1591 2275 1732 2323 conven-

934 2353 983 2414 tui
998 2354 1120 2416 sanctae
1136 2356 1251 2417 Mariae
1264 2356 1300 2416 in
1314 2357 1425 2418 Monte
1439 2357 1576 2429 Mirteti,
1586 2358 1730 2432 Hugoli-

935 2466 997 2511 nus
1018 2451 1232 2513 miseratione
1247 2453 1360 2514 divina
1382 2453 1544 2515 Ostiensis
1565 2454 1598 2515 01
1618 2454 1734 2516 Velle-

934 2548 1055 2609 trensis
1086 2550 1276 2627 episcopus,
1304 2551 1495 2629 perpetuam
1525 2551 1561 2611 in
1591 2551 1730 2614 Domino

935 2645 1086 2709 salutem.
1105 2663 1123 2706 u

974 2744 1082 2805 «Etsi
1102 2745 1178 2806 aliis
1201 2744 1285 2807 loeis
1308 2745 1475 2822 religiosis
1498 2745 1599 2808 officii
1620 2745 1730 2810 debito

935 2841 1059 2918 passim
1073 2842 1247 2903 teneamur
1261 2843 1388 2916 adesse,
1403 2859 1517 2905 eorum
1537 2844 1649 2907 tamen
1670 2844 1733 2906 de-

934 2936 1049 3002 bemus
1066 2940 1175 3016 potius
1195 2940 1366 3002 intendere
1388 2941 1567 3003 commodis
1588 2943 1622 3004 et
1644 2958 1732 3020 033-

935 3037 1065 3111 mentis,
1094 3037 1211 3114 quibus
1240 3038 1366 3100 utiliter
1391 3038 1566 3115 providere
1592 3040 1731 3118 speciali

936 3133 1077 3211 quadam
1092 3135 1314 3197 sollicitudine
1338 3151 1566 3213 3303000333.
1582 3138 1667 3199 Η130
1683 3138 1733 3200 031

936 3231 1022 3308 quod
1048 3246 1108 3293 nos
1135 3233 1372 3295 monasterium
1396 3234 1503 3311 ipsum
1526 3235 1563 3295 in
1584 3251 1648 3312 quo
1671 3251 1731 3298 vos

935 3328 1075 3390 Domino
1087 3330 1261 3392 deservitis
1274 3331 1315 3392 ad
1328 3330 1487 3393 honorem
1500 3331 1571 3404 Dei,
1585 3333 1617 3394 01
1626 3332 1732 3395 beatae

935 3425 1082 3502 Virginis
1104 3427 1220 3488 matris
1245 3443 1313 3490 suae
1338 3430 1573 3499 constructum,
1590 3431 1622 3493 et
1636 3429 1731 3493 vobis

936 3523 968 3584 et
991 3539 1051 3600 per
1074 3540 1134 3587 vos
1156 3525 1265 3586 ordini
1285 3527 1396 3587 vestro
1420 3542 1440 3587 a
1463 3525 1558 3588 nobis
1573 3527 1732 3604 perpetua

936 3619 1114 3682 donatione
1139 3637 1333 3682 concessum
1353 3621 1453 3698 justis
1478 3623 1596 3694 modis,
1613 3623 1732 3700 quibus

936 3732 1130 3793 possumus,
1152 3717 1313 3794 ampliare
1336 3718 1496 3791 volentes,
1522 3718 1732 3782 medietatem

913 3809 1035 3875 'unius
1063 3813 1160 3876 molae
1181 3815 1276 3892 Juxta
1294 3814 1491 3892 Nympham,
1518 3816 1559 3876 ad
1583 3831 1731 3877 mensam

936 3911 1083 3973 nostram
1092 3911 1519 3988 specialiterpertinentem,
1530 3911 1570 3973 de
1580 3928 1731 3986 assensu,

936 4009 970 4072 et
982 4008 1151 4072 voluntate
1166 4008 1290 4070 domini
1310 4011 1421 4087 Papae,
1438 4019 1581 4071 necnon
1597 4011 1630 4073 et
1644 4011 1733 4089 capi·

936 4107 999 4170 tuli
1012 4106 1238 4180 velletrensis,
1255 4105 1359 4179 vobis,
1372 4107 1406 4168 et
1420 4122 1480 4184 pro
1493 4108 1588 4170 vobis
1603 4124 1735 4171 monas-

937 4206 1020 4267 terio
1035 4205 1145 4267 vestro
1158 4206 1383 4266 concessimus
1393 4222 1404 4278 ,·
1425 4206 1588 4284 reliquam
1603 4222 1734 4286 quoqne

936 4303 1041 4381 ipsius
1063 4303 1159 4364 molae
1181 4303 1400 4375 medietatem,
1418 4320 1516 4381 quam
1542 4306 1655 4368 nostra
1675 4323 1736 4384 pe-

938 4400 1036 4462 cunia
1051 4416 1248 4473 emeramus,
1262 4400 1357 4462 vobis
1371 4401 1588 4463 nihilominus
1603 4404 1639 4464 13
1650 4404 1736 4466 0100-

938 4513 1075 4575 303330
1105 4497 1160 4575 310
1186 4497 1385 4560 liberalitate
1415 4499 1626 4572 donavimus,
1655 4503 1733 4578 jnre

939 4595 1095 4673 perpetuo
1123 4595 1260 4672 pacifice
1288 4595 1531 4673 possidendam.
1558 4597 1608 4658 Ad
1634 4597 1733 4675 hujus

938 4693 1048 4754 autem
1080 4692 1304 4754 concessionis
1330 4693 1363 4754 et
1391 4693 1580 4754 donationis
1610 4695 1733 4757 nostrae

938 4790 1130 4868 perpetuam
1162 4790 1356 4850 memoriam
1391 4789 1423 4850 et
1457 4790 1641 4862 munimen,
1670 4791 1734 4853 hoc

939 4886 1097 4964 scriptum
1118 4885 1191 4946 fleri
1212 4884 1306 4947 vobis
1319 4885 1468 4958 fecimus,
1483 4887 1607 4960 nostra,
1626 4889 1658 4950 et
1671 4905 1733 4951 00-

939 4985 1134 5047 303100333
1158 4983 1415 5045 Velletrensium
1437 4984 1734 5062 subscriptionibus

939 5081 1144 5153 roboratum,
1172 5080 1343 5157 nostrique
1381 5081 1483 5158 sigilli
1516 5083 1735 5160 impressione

940 5179 1121 5255 munitum3
1147 5177 1357 5256 pontificatus
1380 5178 1505 5240 domini
1520 5181 1658 5242 Honorii
1673 5199 1736 5259 pa-

940 5294 990 5355 pae
1006 5279 1061 5350 111,
1076 5292 1164 5338 0330
1187 5277 1295 5354 33130
1319 5293 1432 5339 30330
1454 5277 1608 5350 octobris,
1622 5279 1734 5341 indic-

940 5378 1030 5438 tione
1045 5377 1121 5436 V.»

980 5473 1073 5534 Nulli
1088 5488 1167 5549 ergo
1183 5472 1317 5534 omnino
1339 5471 1509 5532 hominum
1531 5472 1631 5535 liceat
1650 5473 1736 5536 hane

941 5572 1097 5649 paginam
1122 5571 1243 5632 nostrae
1265 5569 1526 5631 confirmationis
1540 5569 1736 5648 infringere,

942 5669 995 5732 vel
1008 5669 1040 5730 ei
1053 5685 1137 5730 ausu
1149 5667 1326 5729 temerario
1342 5665 1518 5728 contraire.
1532 5666 1566 5727 Si
1582 5667 1656 5743 quis
1671 5685 1736 5730 au-
