4080 6316
314 359 371 418 s11
787 327 790 333 ’
935 355 1112 422 uouonu
1137 355 1180 414 111
1203 357 1352 420 orsas.
1918 370 1963 430 ⁸12
2023 381 2024 426 ι

317 521 405 582 idem
421 521 459 584 R.
473 535 548 582 cum
564 517 779 596 participibus
799 517 869 579 suis
884 516 978 594 prius
992 515 1118 576 dividat
1172 513 1312 590 festivis,
1326 515 1466 595 pulsatis
1483 521 1665 599 campanis,
1681 525 1716 588 et
1737 525 1893 588 candelis
1915 543 1962 590 ac-

317 617 420 680 totam
434 621 559 679 terram
585 615 672 678 inira
692 616 873 684 civitatem,
895 616 930 678 et
951 615 1058 686 extra,
1084 614 1117 674 et
1172 613 1292 686 censis,
1309 619 1614 682 excommunicatos
1629 623 1964 702 expartenoslrapn-

318 717 358 779 de
378 717 530 794 portione
545 731 618 793 quae
642 715 750 792 ipsum
774 714 815 775 de
836 717 914 791 jure
942 711 1118 788 contigerit
1172 710 1258 774 blica
1286 715 1446 776 nuntietis
1474 717 1508 778 et
1540 717 1672 782 faciatis
1698 737 1757 798 per
1778 723 1962 799 adjacentes

318 831 431 876 cum...
448 813 576 876 abbatis
601 815 652 875 sui
678 813 890 876 conniventia
908 811 942 874 et
965 825 1115 882 assensu,
1172 809 1334 874 dioeceses
1349 814 1381 874 et
1395 829 1510 876 earum
1526 817 1673 894 capellas
1687 819 1885 884 solemniter
1910 839 1962 897 pu-

318 913 425 976 eidem
449 913 598 975 coenobio
625 911 738 990 aliqua
760 925 906 987 congrua
922 909 1030 988 portio
1054 908 1115 970 de-
1171 907 1289 970 blicari
1311 911 1377 973 tam
1407 912 1441 974 in
1466 915 1691 978 mercimoniis
1715 934 1814 995 quam
1833 919 1871 982 in
1898 921 1963 981 aliis

319 1011 484 1088 signatum
510 1012 552 1072 de
578 1011 713 1072 residuo
735 1025 814 1071 vero
833 1025 907 1070 cum
934 1009 1057 1080 vestre,
1085 1009 1118 1068 et
1173 1023 1231 1083 per
1246 1023 1377 1084 poenam
1392 1014 1745 1078 excommunicationis
1759 1015 1799 1078 ab
1815 1017 1964 1080 omnibus

317 1112 465 1189 ejusdem
493 1109 622 1172 abbatis
642 1109 783 1171 consilio
798 1124 858 1186 pro
885 1107 1115 1185 praedictorum
1171 1105 1292 1168 evitari
1308 1105 1478 1181 iacientes,
1495 1111 1628 1174 eosdem
1640 1116 1861 1190 supponentes
1881 1116 1965 1178 nibi-

317 1210 464 1271 omnium
486 1208 713 1271 satisfactione
733 1208 896 1284 disponat,
921 1208 1018 1282 prout
1042 1219 1115 1266 me·
1172 1199 1315 1264 lominus
1331 1207 1363 1266 et
1378 1205 1545 1270 civitatem
1560 1209 1694 1271 illorum
1709 1213 1902 1276 arctissimo
1925 1213 1966 1274 in-
2026 1243 2027 1248 κ

317 1307 383 1368 lius
422 1307 592 1369 videbitur
626 1305 793 1383 expedire.
835 1303 1003 1366 Portionis
1037 1317 1116 1364 vero
1171 1301 1383 1374 terdictnita
1399 1304 1496 1381 quod,
1514 1322 1686 1385 quousque
1711 1309 1858 1386 iniquum
1882 1311 1967 1374 rela-

317 1406 522 1470 monasterio
555 1403 768 1480 designandae
805 1401 951 1479 provisio
983 1400 1117 1478 propter
1171 1398 1285 1461 xarint
1321 1401 1479 1466 statutum
1521 1406 1555 1468 et
1588 1404 1629 1468 de
1672 1405 1749 1468 aliis
1777 1408 1966 1484 supradicto

316 1504 547 1566 necessitatem
566 1504 749 1578 urgentem,
774 1502 807 1562 et
822 1501 1008 1564 evidentem
1024 1496 1118 1561 utili·
1173 1497 1397 1574 Salinguerras
1411 1515 1471 1577 pro
1485 1501 1581 1564 nobis
1595 1503 1828 1578 satisfecerint,
1838 1506 1967 1568 nullum

315 1605 416 1665 tatem
439 1602 546 1662 eidem
573 1603 611 1662 R.
628 1617 647 1662 a
664 1617 724 1662 suo
744 1599 969 1662 committatur
984 1597 1114 1668 abbate,
1171 1593 1206 1655 in
1217 1611 1267 1666 ea,
1286 1599 1407 1673 praeter
1418 1597 1582 1676 baptisma
1598 1602 1810 1678 parvulorum
1823 1606 1855 1666 et
1867 1605 1968 1680 pieni-

315 1702 362 1762 ita
378 1701 463 1778 quod
480 1701 551 1776 ipse
569 1699 609 1760 ob
631 1699 772 1774 gratiam
794 1697 857 1759 sibi
876 1696 998 1758 tactam
1022 1711 1115 1757 novae
1170 1693 1292 1756 tentias
1308 1695 1531 1770 morientium,
1548 1699 1697 1761 divinum
1710 1699 1852 1762 oitlcium
1876 1703 1967 1764 cele-

316 1798 580 1860 conversationis
608 1798 717 1859 studio
754 1813 789 1858 se
817 1795 957 1858 reddere
986 1793 1117 1856 studeat
1170 1792 1294 1856 bretur.
1304 1797 1519 1872 AEgrotantes
1532 1799 1644 1860 autem
1658 1799 1751 1875 prius
1757 1801 1871 1876 jurent
1882 1801 1965 1878 quod

315 1897 467 1958 omnibus
482 1898 677 1973 gratiosum,
700 1895 819 1957 tamin
835 1893 949 1956 babitu
965 1908 1063 1970 quam
1080 1892 1114 1953 in
1170 1889 1305 1964 dabunt,
1323 1893 1351 1953 si
1367 1894 1611 1967 convalescant,
1628 1897 1816 1972 specialiter
1829 1914 1966 1974 operam

315 1996 401 2068 aliis,
433 1996 516 2057 nibil
544 2010 680 2072 prorsus
700 1993 866 2056 attentans
899 1993 1015 2053 contra
1044 2005 1117 2052 mo·
1170 1991 1966 2072 eltlcacemutrestituaturterralpsovironoblli

316 2095 478 2156 nauticam
507 2094 725 2155 honestatem.
760 2090 922 2163 Quocirca
953 2088 1114 2151 fraterni·
1171 2089 1363 2162 memorato,
1392 2106 1453 2152 nec
1475 2091 1670 2153 molestetur
1697 2093 1836 2154 ulterius
1867 2111 1968 2171 super

314 2193 375 2254 tati
389 2193 511 2254 vestrae
533 2207 593 2268 per
615 2189 804 2267 apostolica
826 2187 949 2264 scripta
971 2185 1114 2249 manda·
1170 2201 1209 2248 eo
1223 2187 1398 2268 quominus
1418 2189 1552 2251 nomine
1565 2192 1722 2251 Romanae
1740 2191 1901 2252 Ecclesiae
1917 2195 1966 2253 te-

315 2307 399 2362 mus,
428 2293 592 2367 quatenus
608 2290 705 2364 juxta
727 2285 867 2348 sormam
887 2285 1114 2364 praescriptam
1170 2300 1250 2346 nere
1276 2286 1386 2348 valeat
1400 2287 1524 2348 terram
1549 2289 1666 2364 ipsam.
1680 2288 1839 2350 Volumus
1866 2291 1966 2350 etiam

313 2389 348 2450 in
365 2389 436 2466 ipso
456 2388 600 2463 negotio,
617 2386 747 2447 sublato
760 2383 994 2462 appellationis
1007 2382 1116 2444 obsta·
1170 2385 1202 2444 et
1228 2383 1423 2446 mandamus
1447 2388 1484 2446 ut
1507 2399 1582 2446 cum
1608 2387 1775 2462 negotium
1798 2387 1913 2463 ipsum
1931 2389 1966 2449 sit

314 2487 405 2558 culo,
442 2485 645 2564 procedatis;
678 2483 939 2546 contradictores
972 2496 1113 2542 censura
1170 2483 1328 2542 Romanae
1350 2483 1507 2546 Ecclesiae
1535 2485 1680 2561 speciale
1703 2484 1792 2562 ipsos
1818 2487 1852 2546 et
1884 2487 1965 2546 allos
2030 2508 2031 2558 l

314 2585 540 2646 ecclesiastica
577 2582 826 2660 compescendo.
859 2583 977 2642 Datum
1011 2580 1113 2641 Late-
1169 2577 1356 2641 detentores
1367 2582 1400 2642 et
1409 2581 1766 2658 usurpatoresillarum
1775 2584 1965 2660 possessio-

313 2683 400 2755 rani,
426 2681 571 2743 secundo
598 2697 704 2742 nonas
729 2678 873 2755 augusti,
903 2677 1114 2754 pontificatus
1169 2693 1247 2738 num
1262 2693 1335 2755 quae
1350 2679 1546 2741 nominatim
1565 2681 1797 2757 exprimuntur
1811 2681 1846 2742 in
1863 2682 1966 2758 priri-

314 2780 420 2842 nostri
436 2796 524 2841 anno
540 2778 812 2857 quartodecimo.
1169 2775 1256 2851 legio
1279 2791 1300 2838 a
1326 2775 1422 2838 nobis
1452 2779 1485 2840 et
1512 2777 1670 2840 iratribus
1699 2779 1822 2840 nostris
1859 2780 1965 2842 eidem
2031 2837 2032 2848 ,

356 2880 406 2939 Ne
431 2878 534 2953 igitur
569 2892 669 2953 super
694 2875 746 2936 bis
773 2873 924 2936 dubitare
948 2872 1052 2950 possit
1079 2871 1113 2932 in
1170 2873 1578 2948 Salinguerraeconcesso‚
1594 2877 1966 2954 proeterllarpietmon-
2031 2849 2032 2882 ¹

314 2979 495 3056 posterum,
512 2975 573 3036 lras
589 2973 682 3035 vobis
695 2973 825 3036 litteras
837 2973 872 3033 in
887 2971 1112 3034 testimonium
1167 2971 1211 3032 tis
1223 2973 1426 3034 Barauzonis
1437 2973 1605 3046 castra,ad
1622 2974 1868 3036 restitutionem
1876 2977 1911 3036 et
1922 2993 1967 3036 re

314 3076 471 3138 duximus
490 3073 729 3145 concedendas,
753 3071 984 3150 praecipientas
996 3085 1036 3130 ea
1052 3068 1113 3130 ilr-
1169 3068 1388 3144 signationem
1404 3072 1650 3149 possessionum
1668 3072 1828 3150 ipsarum,
1845 3077 1964 3151 quanto

314 3176 413 3237 miter
433 3173 617 3236 observari.
632 3171 750 3234 batum
763 3173 889 3242 Romae,
906 3167 991 3246 apud
1007 3171 1114 3230 Sanc·
1168 3171 1267 3232 citius
1293 3171 1460 3248 poteritis,
1490 3171 1737 3248 constringatis,
1771 3171 1963 3234 exhibentes
2032 3146 2033 3198 l

313 3275 381 3336 tum
407 3273 553 3342 Petrum,
570 3271 646 3332 Xlll
662 3267 823 3331 kalendas
845 3267 935 3344 julii,
951 3283 1039 3328 anno
1056 3283 1113 3326 se·
1168 3285 1227 3330 vos
1242 3270 1277 3331 in
1291 3269 1355 3331 boc
1368 3269 1502 3346 negotio
1515 3269 1563 3330 sic
1575 3269 1741 3332 terrentes
1757 3270 1847 3346 quod
1868 3270 1963 3332 devo-

315 3371 436 3432 cundo.
526 3401 531 3412 ·
601 3435 610 3443 ,
1167 3367 1291 3428 tionem
1307 3369 1453 3428 vestram
1467 3366 1633 3444 possimus
1658 3367 1776 3428 merito
1791 3383 1959 3431 commen-

661 3492 772 3581 CCCI
1168 3464 1249 3526 dare
1273 3481 1312 3526 ac
1341 3465 1427 3528 idem
1464 3455 1585 3526 nobilis
1618 3465 1854 3543 possessiones
1880 3467 1962 3543 ipsas

1170 3562 1273 3625 libere
1288 3563 1457 3640 possideat
1471 3566 1503 3626 et
1523 3565 1644 3642 quiete.
1666 3565 1740 3626 Non
1759 3563 1961 3626 obstantibus

1169 3661 1289 3724 litteris
1313 3662 1354 3724 ad
1374 3661 1582 3724 venerabiles
1604 3661 1723 3725 iratres
1741 3665 1877 3724 nostros
1904 3665 1961 3726 Bo-

1169 3761 1362 3825 noniensem
1377 3762 1410 3824 et
1429 3761 1649 3836 Reglnensem
1664 3761 1840 3837 episcopos
1859 3761 1958 3838 impe-

313 3637 365 3694 Ad
379 3636 620 3700 Pal‘tltelttetlt,
638 3631 847 3690 Poduonum
858 3627 892 3690 et
907 3627 1113 3688 Ferrariam·

574 3743 648 3788 sco-t
663 3729 848 3801 episcopos.

610 3849 716 3923 ΝΜ·
739 3848 819 3907 ¹²¹⁸·
1168 3861 1276 3932 tratis,
1310 3876 1371 3922 nec
1410 3858 1662 3938 exceptionibus
1690 3858 1786 3920 nobis
1814 3859 1868 3922 vel
1904 3858 1957 3934 ipsi

458 3959 657 4022 [sancitam.
673 3957 790 4019 ecloga,
806 3955 838 4012 ¹¹·
857 3969 886 4011 ¹¹·
899 3954 967 4020 ason
1170 3963 1393 4038 Salinguerrae
1416 3958 1565 4034 objectis,
1581 3958 1661 4035 quin
1680 3956 1874 4020 mandatum
1889 3973 1959 4018 nos·

318 4065 352 4122 ut
371 4067 540 4135 potestatem
565 4064 593 4115 et
619 4057 697 4114 cives
719 4055 926 4118 bononienses,
953 4055 1002 4126 qui
1026 4052 1115 4112 Salio·
1167 4062 1256 4125 trum
1284 4057 1514 4137 exsequamini
1536 4057 1608 4118 sine
1623 4071 1728 4117 mora·
1744 4055 1838 4127 Quod
1858 4056 1885 4116 si
1898 4071 1955 4116 110ss

351 4165 463 4224 guerras
478 4149 513 4206 de
531 4146 659 4206 Ferraria
676 4145 787 4217 aliquas
802 4144 1002 4217 possessiones
1014 4143 1114 4201 nolunt
1168 4175 1294 4231 omnes,
1311 4163 1374 4220 010,

351 4240 511 4310 resignare,
522 4234 786 4292 excommunicatos
800 4230 912 4305 publice
927 4231 1067 4288 nuntient.
1208 4259 1326 4320 Datum
1343 4259 1457 4320 ΗΘΜ
1482 4253 1568 4332 apud
1584 4253 1741 4314 Sanctum
1757 4253 1890 4314 Petrum
1904 4250 1957 4310 de,

355 4360 392 4420 In
407 4353 565 4417 curandis
582 4352 770 4414 nostrorum
785 4349 978 4411 vulneribus
994 4350 1112 4412 subdi·
1168 4357 1253 4419 almo
1274 4356 1373 4419 tertio
1392 4351 1620 4429 kalendjulli,
1633 4349 1846 4428 pontificatus
1860 4348 1956 4412 nostrl

317 4459 425 4519 torum
444 4449 652 4515 medicinalis
678 4447 812 4510 artificii
834 4447 1039 4525 diligentiam
1059 4449 1114 4510 ad·
1167 4453 1424 4516 annosecnndo.

314 4555 476 4626 bibentes,
500 4548 724 4612 abscindimus
746 4563 785 4608 ea
807 4545 907 4619 terro,
936 4563 1009 4625 quas
1027 4548 1112 4610 torte
1501 4575 1633 4663 CCCH

314 4655 389 4716 oleo
397 4651 580 4727 mitigatam
592 4663 657 4709 non
668 4646 816 4708 sentiunt
825 4645 1017 4708 aromaticis
1027 4662 1111 4708 con-

313 4751 511 4814 l'ectionlbus
524 4745 734 4809 medicinam.
758 4744 797 4806 Et
809 4744 982 4821 propterea
997 4743 1112 4808 irater·
1166 4725 1218 4785 Ad
1239 4724 1421 4783 “laverim
1439 4721 1577 4782 abbat&
1597 4721 1634 4782 tn
1653 4720 1810 4794 ociterolt
1829 4717 1951 4821 Clsltl'ss

314 4849 410 4913 nitati
419 4851 540 4910 vestrm
551 4861 609 4923 per
625 4842 814 4920 Apostolica
828 4842 950 4919 scripta
962 4841 1110 4904 districte
1318 4820 1427 4879 ⁶53¹&
1438 4815 1810 4892 &mimmii-illlum&

315 4946 539 5027 praecipiendo
552 4943 764 5013 mandamus,
781 4942 944 5018 quatenus
964 4941 1110 5018 potestas
1457 4941 1493 5002 bt)
1508 4940 1570 5014 jun.
1591 4939 1671 4998 litu.

314 5051 345 5109 et
360 5046 449 5109 cives
464 5046 604 5112 Bonum,
619 5039 674 5118 qui
691 5038 838 5100 deterre
853 5037 1030 5100 comitisse
1043 5039 1111 5100 Ma·
1290 5031 1515 5114 [assemanus.
1528 5045 1640 5106 unam,
1650 5049 1669 5094 t.
1680 5044 1723 5118 tv.
1734 5044 1837 5109 puts]

312 5143 429 5209 tlrildis
454 5137 495 5204 ad
517 5143 699 5202 Romanam
723 5135 906 5198 Ecclesiam
924 5136 1110 5214 pertinente
1164 5148 1354 5216 Emmanuel,
1370 5145 1552 5204 „calomnia
1572 5142 1719 5200 bonerum
1740 5149 1894 5216 manprom
1909 5142 1948 5198 10-

312 5242 525 5311 Medicinam,
537 5235 729 5312 Argelatam
742 5235 775 5297 et
787 5233 1109 5313 possessionesalias
1199 5239 1304 5296 bannis
1324 5244 1354 5294 et
1365 5235 1445 5295 Pauli
1466 5247 1517 5306 per
1530 5246 1632 5292 omnes
1643 5232 1783 5292 ecclesias
1798 5233 1844 5290 sul
1857 5227 1951 5286 ordine

311 5343 471 5413 detinent,
490 5353 573 5418 quas
602 5334 706 5396 nobili
726 5333 798 5396 viro
818 5333 1043 5410 Salinguerrae
1067 5331 1108 5394 de
1198 5331 1228 5386 in
1238 5325 1387 5386 duodecim
1401 5323 1572 5384 lectionibus
1581 5323 1665 5382 annis
1683 5321 1807 5394 singulis
1821 5320 1950 5380 oelebrm

312 5441 467 5506 Ferraria
483 5437 618 5500 vassalo
638 5435 752 5496 nostro
767 5432 808 5492 ad
829 5431 979 5495 nostrum
992 5431 1110 5494 uolunt
1198 5426 1254 5478 ¹¹¹?-

311 5541 483 5616 resignare
498 5534 702 5604 mandatum,
718 5533 751 5593 et
765 5531 922 5593 statutum
933 5529 1109 5606 iniquissi-
1204 5531 1291 5590 Sane
1306 5542 1367 5588 nos
1382 5525 1424 5586 ad
1437 5523 1570 5586 eosdem
1593 5521 1854 5598 gloriosissimos
1868 5532 1948 5580 mar·

311 5651 401 5702 mum
412 5635 526 5698 contra
536 5631 718 5695 Ecclesiam
730 5627 1107 5692 leceruntnibilominus
1162 5627 1252 5704 tpres
1289 5622 1496 5704 spiritualem
1533 5619 1742 5684 devotionem
1784 5617 1947 5680 babentes.

311 5741 344 5802 et
354 5734 536 5800 observant
553 5753 560 5792 ε
578 5729 718 5806 singulis
743 5727 859 5792 diebus
884 5723 1058 5791 dominicis
1074 5727 1107 5790 et
1163 5725 1273 5801 utpote
1287 5723 1342 5802 qui
1355 5721 1395 5786 ad
1407 5735 1522 5783 eorum
1537 5719 1668 5782 tilulum
1685 5715 1862 5780 sacerdotii
1880 5728 1948 5789 grs-
