3984 6306
103 367 160 428 293
540 365 657 427 XXVI.
672 367 773 428 -IN
795 367 924 430 FESTO
947 369 1096 430 salicti
1117 369 1297 432 Nlcouai.
1683 377 1742 437 294

104 523 279 587 bominum.
297 521 393 596 Quia,
405 521 491 586 sicut
503 522 585 588 odor
596 524 736 588 haustus
750 539 811 604 per
819 539 896 590 eor-
986 528 1060 590 Jam
1087 527 1191 605 igitur
1216 529 1356 592 vestitur
1386 531 1502 606 altare,
1528 532 1661 612 quando
1683 549 1742 596 cor

101 639 159 702 pus
171 621 318 684 animam
327 619 432 684 allicit
442 637 509 684 non
524 637 655 700 eorpus,
669 625 716 686 ita
728 625 895 688 amoriste
948 625 1106 687 muudum
1120 625 1216 689 bonis
1232 628 1387 706 operibus
1400 628 1591 692 adornatur.
1606 633 1652 692 De
1667 631 1743 709 qui-

101 719 261 797 exipsius
285 719 414 780 natura
440 719 669 795 similitudine,
692 722 815 800 absque
837 739 894 802 spe
947 722 1008 784 bus
1025 723 1179 786 Salomon
1192 725 1743 803 aitzomuttemporccesttmenta

100 815 414 894 recompensationis
426 817 625 882 naturaliter
641 836 771 884 omnem
786 821 895 884 bomi—
948 822 1009 882 tuo
1021 823 1092 884 siut
1112 825 1258 884 candido
1281 821 1461 902 (beelim,
1482 823 1527 906 8),
1541 826 1629 889 idest
1640 841 1742 904 opera

102 931 174 976 uem
199 914 319 990 diligit.
343 913 406 988 Qui
420 931 463 977 ex
481 916 621 980 occultis
641 920 770 982 naturae
782 935 895 982 reces-
946 919 1005 980 tua
1030 919 1100 982 sint
1122 919 1257 982 munda.
1288 923 1401 999 Itaque
1420 939 1521 1000 super
1548 925 1612 986 hoc
1635 925 1741 986 altare

101 1013 187 1075 sibus
209 1013 350 1075 ueniens
374 1013 407 1076 et
425 1013 546 1078 animae
570 1031 606 1078 se
624 1017 793 1094 ingerens,
808 1018 895 1080 nihil
948 1015 1034 1093 quod
1061 1016 1125 1078 hoc
1148 1017 1265 1079 ordine
1291 1022 1515 1091 consecratur,
1539 1021 1741 1083 sacrificium

101 1110 277 1172 humanum
314 1109 355 1172 ab
392 1127 433 1172 ea
467 1113 594 1189 patitur
627 1131 701 1177 esse
735 1116 891 1178 alienum.
947 1113 1087 1176 offertur
1101 1113 1283 1188 Altissimo,
1308 1116 1391 1178 illud
1408 1117 1580 1190 uidelicet,
1608 1118 1649 1180 de
1677 1135 1742 1196 quo

99 1209 230 1270 auditui
243 1210 457 1286 comparatur
472 1225 568 1273 amor
582 1212 766 1290 spiritualis
780 1213 894 1276 inimi·
948 1211 1114 1288 Propheta
1143 1213 1190 1274 ait
1211 1213 1246 1274 in
1271 1213 1398 1290 psalmo
1415 1231 1424 1275 ε
1439 1216 1657 1288 Sacrificium
1671 1220 1743 1278 Deo

100 1323 219 1368 corum.
248 1306 311 1369 Sed
333 1308 422 1385 quia,
448 1308 534 1372 sicut
554 1310 685 1373 auditus
707 1311 791 1373 nihil
806 1313 895 1374 inte-
946 1310 1424 1391 spiutusconcrtozuatos(1³s.
1433 1311 1556 1392 50‚19).
1567 1313 1606 1375 st
1618 1314 1652 1374 in
1663 1313 1742 1374 alio:

100 1404 178 1473 rius.
193 1404 288 1475 idest,
299 1405 389 1468 intra
397 1421 518 1484 eorpus
526 1411 694 1485 operatur,
706 1409 734 1471 si
745 1411 893 1472 exterius
947 1410 1094 1470 immota
1119 1413 1189 1472 Deo
1207 1411 1420 1483 sacmficium
1433 1413 1581 1472 modis...
1599 1409 1668 1489 (Ps.
1688 1411 1741 1482 49,

100 1503 239 1580 quodam
262 1502 359 1566 modo
384 1520 484 1566 aures
507 1506 645 1584 pulsans
660 1507 804 1570 animam
826 1525 893 1572 non
948 1503 1012 1585 14).
1042 1505 1203 1568 Exhibete
1228 1522 1308 1583 ergo
1335 1523 1475 1586 corpora
1509 1509 1622 1571 vestra
1645 1511 1743 1586 juxta

100 1602 213 1663 evocat
236 1601 272 1664 ut
286 1602 385 1664 exeat
398 1603 432 1664 et
445 1604 615 1677 exaudiat,
631 1606 680 1668 sic
694 1607 729 1668 et
746 1623 893 1668 amorem
946 1603 1140 1680 Apostolum
1153 1604 1296 1667 hostiam
1309 1605 1487 1676 viventem,
1498 1603 1659 1674 sanctam,
1674 1609 1742 1668 Deo

96 1701 220 1776 justum
249 1699 284 1762 in
306 1700 406 1763 corde
424 1702 517 1764 nulla
538 1703 589 1764 vis
611 1706 740 1766 naturae
765 1705 892 1768 nullius
947 1702 1143 1778 placentem,
1171 1703 1208 1764 ol
1239 1703 1284 1764 eit
1317 1703 1516 1766 rationabile
1547 1702 1744 1780 obsequium

98 1797 239 1876 alicujus
252 1799 508 1862 necessitudinis
519 1800 658 1864 suscitat
667 1802 817 1877 affectus,
834 1803 892 1865 sed
946 1799 1110 1872 vostrum,
1140 1800 1377 1863 mortificantes
1416 1800 1452 1861 ill
1489 1799 1595 1862 ellare
1634 1801 1743 1863 cordio

99 1895 168 1958 sola
192 1894 380 1960 obedientia
403 1913 476 1975 quae
505 1913 566 1978 per
585 1900 735 1962 auditum
764 1901 895 1978 siguifi-
946 1896 1094 1958 membra
1107 1899 1230 1970 restra,
1244 1914 1317 1976 quae
1333 1899 1411 1962 sunt
1423 1899 1670 1975 superterram,
1691 1899 1745 1963 vi-

98 1995 202 2056 satur.
220 1994 315 2057 Visui
331 1997 543 2072 comparatur
557 2013 652 2060 amor
672 1998 815 2073 divinus,
832 2001 892 2062 Dei
946 1993 1075 2068 delicet,
1093 1994 1348 2068 immunditiam,
1362 1995 1545 2068 libidinem,
1562 1997 1741 2073 eoncupis-

97 2091 233 2165 scilioet,
250 2091 328 2170 quia
340 2092 427 2156 sicut
435 2094 529 2156 risus
540 2095 735 2173 principalis
750 2099 802 2160 est
816 2113 893 2160 sen·
946 2093 1089 2156 centiam
1124 2093 1248 2155 malam
1293 2093 1327 2156 et
1367 2093 1543 2156 avaritiam
1579 2094 1742 2172 quatenus

97 2205 162 2262 sos,
175 2189 224 2251 sio
237 2187 325 2252 inter
336 2205 450 2254 omnes
462 2192 656 2256 affectiones
670 2195 892 2273 principatum
946 2189 1067 2254 mundo
1092 2190 1191 2254 corde
1214 2191 1247 2254 et
1269 2191 1360 2255 casto
1384 2193 1523 2270 corpore
1546 2191 1742 2254 sacrificetis

97 2285 220 2350 obtinet
235 2303 329 2352 amor
342 2289 486 2352 divinus.
506 2291 547 2354 nt
561 2291 648 2356 sicut
661 2307 682 2354 a
696 2293 772 2356 visu
790 2294 893 2358 ooelo-
945 2287 1085 2352 Dcmmo
1098 2289 1329 2366 vosmetipsos.

97 2400 167 2446 rum
190 2385 304 2447 caeteri
324 2401 443 2448 sensus
462 2403 578 2452 omnes
594 2389 708 2452 videre
723 2390 889 2463 dicuntur,
1326 2441 1330 2448 .

96 2481 237 2544 dicimus
251 2483 340 2546 enim
360 2484 505 2562 tangam
524 2486 611 2559 vide,
624 2488 701 2549 audi
714 2488 845 2562 etvide,
859 2488 893 2550 et
1275 2509 1404 2602 XXVI

95 2579 139 2640 sio
149 2579 344 2654 decaeteris,
354 2582 403 2644 sic
413 2582 454 2645 ab
467 2599 580 2646 amore
589 2584 702 2647 divino
713 2585 835 2648 caetera
844 2585 891 2648 di·

95 2677 213 2740 cuntur
223 2679 520 2757 amariquaebeno
531 2685 697 2756 amantur,
711 2699 786 2746 eum
797 2699 892 2746 eons-
1066 2695 1112 2757 [Ν
1133 2696 1263 2758 ppspo
1285 2695 1435 2759 sch‘n
1455 2697 1635 2760 NIGOLAI.

95 2775 138 2837 tet
157 2775 245 2838 nihil
265 2776 385 2840 debere
403 2779 511 2840 amari
534 2779 603 2840 nisi
624 2781 758 2858 propter
773 2783 888 2854 Deum,

95 2887 150 2934 nec
165 2873 276 2936 amari
286 2890 356 2937 rem
370 2891 443 2953 quae
458 2878 593 2954 propter
607 2877 697 2940 aliud
712 2879 789 2956 quid
802 2895 891 2942 ama·
984 2873 1063 2934 Slol
1074 2876 1179 2938 lumbi
1189 2875 1299 2938 vestrl
1309 2873 1740 2955 broolooll(lo¹0·1lb35)·

94 2971 156 3043 tur,
175 2971 237 3032 sed
247 2972 281 3033 id
295 2973 406 3051 potius
418 2975 553 3052 propter
567 2975 653 3052 quod
666 2977 807 3038 amatur.
986 2971 1140 3034 Salvator
1154 2974 1269 3035 noster
1288 2973 1440 3051 praecipit
1462 2972 1569 3047 nobis,
1582 2974 1668 3036 sicut
1680 2989 1739 3034 re-

130 3070 345 3134 confirmatio
370 3087 452 3134 vero
482 3072 570 3136 iacta
593 3072 634 3135 de
662 3073 842 3137 chrismate
869 3091 889 3138 a
943 3069 1020 3131 tulit
1043 3069 1252 3146 evangelium
1274 3070 1360 3148 quod
1375 3071 1526 3144 audistis,
1543 3073 1580 3133 ut
1593 3072 1742 3148 praecin-

94 3167 253 3230 Pontiflce
274 3168 310 3230 in
335 3168 445 3233 fronte
463 3169 595 3248 lapidis,
625 3171 791 3249 signifieat
809 3189 890 3236 con·
943 3179 1060 3244 gamus
1073 3167 1202 3230 lumbos
1210 3171 1352 3241 nostros,
1364 3168 1574 3246 etportemus
1585 3168 1741 3230 lucernas

94 3263 325 3339 firmationem,
341 3283 415 3344 quas
430 3268 577 3346 quotidie
593 3267 663 3331 fita
679 3270 800 3333 sancto
813 3272 890 3349 spi.
943 3261 1098 3324 ardentes
1125 3262 1162 3324 in
1189 3263 1343 3326 manibus
1376 3265 1512 3328 nostris.
1543 3264 1628 3326 sunt
1652 3264 1742 3326 enim

93 3361 156 3424 ritu
187 3379 247 3440 per
274 3363 471 3428 charitatem
503 3365 539 3428 in
559 3366 667 3431 altare
694 3368 817 3442 cordis,
853 3369 891 3432 ut
943 3359 1008 3422 llio
1033 3375 1108 3439 (1¹1ae
1121 3360 1253 3438 penitus
1268 3361 1436 3424 hominem
1450 3361 1647 3434 dissolvunt,
1662 3362 1741 3424 eni·
1820 3381 1822 3386 ·

93 3460 184 3522 nulla
198 3459 371 3526 tribulatio
386 3463 636 3544 ooroostruma
651 3464 814 3528 charitato
828 3467 889 3529 noi
942 3471 1030 3522 mam
1055 3475 1131 3520 cum
1153 3474 1292 3537 corpore
1316 3459 1416 3522 simul
1438 3459 1579 3522 interire
1598 3459 1738 3524 iaciunt.

92 3557 201 3621 valeat
227 3575 394 3637 separare.
421 3561 515 3625 Unde
534 3561 664 3626 dicabat
683 3564 886 3642 Apostolus:
942 3558 1021 3619 Haec
1043 3573 1124 3620 vero
1146 3557 1223 3620 sunt
1241 3573 1249 3618 τ
1265 3558 1420 3632 avaritia,
1446 3557 1592 3631 luxuria,
1618 3571 1740 3636 super-

92 3657 169 3722 ocu
195 3671 259 3720 nos
290 3661 513 3734 separabile
546 3661 716 3725 cbamtote
740 3663 889 3724 comm
941 3653 1012 3730 bia;
1043 3655 1186 3718 avaritia
1214 3670 1378 3733 generans
1404 3655 1578 3728 iuvidiam,
1605 3654 1740 3719 luxuria

92 3755 364 3829 mahumetum
397 3759 560 3833 anatolio
574 3762 589 3821 t
675 3757 885 3839 (Remmia,
942 3751 1113 3829 proferens
1140 3753 1393 3826 immunditiam,
1422 3752 1576 3830 superbia
1602 3753 1739 3830 pariens

91 3850 216 3932 3239).
941 3850 1154 3928 injustitiam3
1172 3851 1313 3913 avaritia
1335 3850 1471 3912 trahens
1490 3849 1658 3912 hominem
1673 3867 1738 3912 ex-

125 3949 209 4012 Post
227 3949 416 4014 unctionem
431 3952 544 4015 adolet
561 3953 746 4016 incensum.
769 3957 888 4018 Incon-
940 3947 993 4009 tra
1005 3963 1052 4020 se,
1067 3947 1201 4011 luxuria
1222 3961 1375 4025 premens
1402 3963 1480 4010 eum
1504 3947 1593 4010 intra
1612 3965 1659 4021 se,
1676 3965 1739 4012 su-

89 4061 157 4108 sum
172 4047 344 4124 significat
363 4050 559 4113 orationem.
572 4050 652 4114 lnde
667 4054 718 4115 est
738 4053 825 4132 quod
850 4053 886 4115 in
940 4046 1055 4123 perbis
1078 4047 1214 4123 rapiens
1235 4061 1311 4110 eum
1326 4061 1427 4124 supra
1442 4061 1495 4122 se,
1511 4047 1607 4108 extra
1622 4063 1658 4109 se
1679 4062 1740 4125 per

89 4145 191 4208 missa
203 4145 367 4208 adomnos
378 4147 525 4210 defertur
536 4149 719 4222 incensum,
732 4151 888 4214 utoston-
940 4144 1181 4220 evagationem,
1202 4144 1290 4208 inira
1306 4160 1342 4207 so
1356 4160 1416 4222 por
1428 4144 1659 4222 pollutionem,
1676 4162 1737 4207 su-

89 4241 197 4316 datur,
217 4243 303 4321 quod
323 4245 431 4307 oratio
445 4262 465 4307 a
480 4247 652 4309 sacerdote
673 4248 760 4313 iacta
784 4249 888 4327 perti-
940 4259 1000 4320 pra
1028 4259 1064 4306 ee
1089 4259 1149 4320 per
1174 4243 1362 4308 elationem·
1393 4244 1477 4308 Sunt
1504 4243 1569 4306 tria
1597 4261 1736 4308 numero

89 4343 164 4403 neat
180 4341 224 4402 ad
237 4356 365 4404 omnes.
381 4343 475 4406 Unde
488 4345 664 4408 Psalmista
681 4348 887 4424 :Dtrtpatur
938 4339 1046 4404 tribus
1078 4341 1246 4420 praedictis
1279 4341 1552 4406 dissolutionibus
1586 4343 1737 4421 opposita

87 4441 130 4498 ud
144 4441 474 4514 conmemoratio
485 4457 575 4516 cccc,
600 4445 689 4506 sicut
707 4447 887 4524 incensum
939 4439 1049 4504 fronte
1061 4441 1241 4513 contraria,
1258 4457 1332 4518 quae
1357 4440 1437 4519 quia
1451 4455 1512 4502 nos
1535 4440 1690 4503 cohibent
1704 4443 1738 4504 et

88 4537 595 4612 accommodationem
616 4541 753 4604 :Intret
773 4544 885 4606 orctto
939 4539 1154 4615 restringunt,
1177 4538 1273 4616 quasi
1294 4538 1446 4616 quaedam
1468 4539 1640 4612 cinctoria,
1666 4538 1732 4600 dici

87 4649 162 4696 anea
177 4635 269 4697 sicut
285 4637 464 4700 incensum
477 4643 515 4699 in
528 4641 710 4715 conspeetu
729 4641 799 4712 tuo,
816 4644 887 4702 Do-
939 4639 1174 4714 possuntllaec
1184 4651 1264 4699 vero
1275 4639 1352 4700 sunt
1364 4635 1522 4698 memoria
1535 4635 1651 4698 mortis
1663 4651 1735 4698 cor·

88 4735 179 4796 mirso
192 4731 263 4813 (Ps.
279 4735 380 4811 87,3;
407 4736 533 4818 140,2).
556 4740 594 4800 In
609 4738 756 4816 quinque
774 4740 885 4801 autem
939 4749 1060 4812 pereae,
1087 4733 1316 4812 probabilitas,
1349 4734 1383 4795 et
1414 4733 1515 4795 decor
1541 4733 1729 4810 pudicitiae,

88 4826 885 4915 locisadoleturincensnm,uidelicetinquatuor
939 4831 1216 4909 amorreligionis
1227 4831 1421 4909 etjustitiae.
1438 4831 1599 4893 Memoria
1618 4831 1734 4894 mortis

88 4929 219 5004 angulis
241 4931 275 4992 et
299 4929 336 4992 iu
358 4932 479 5005 medio,
506 4934 585 5013 quia
608 4933 754 5012 quinque
767 4949 884 4998 sensus
937 4932 1084 4994 zonaest
1104 4929 1255 5008 pellicea,
1277 4944 1342 5008 qua
1361 4928 1557 5006 cingebatur
1576 4931 1733 4993 loannes.

88 5028 236 5103 corporis
261 5027 367 5090 nostri
396 5030 447 5092 sic
471 5047 630 5095 exercere
654 5032 822 5103 debemus,
849 5040 886 5097 ut
938 5027 1445 5106 Deoorpodloillaebelleueeeb
1461 5027 1736 5105 dss0011180b⁸llff

89 5121 175 5186 lama
187 5123 266 5188 boni
282 5126 393 5203 operis
415 5129 521 5192 nostri
536 5131 696 5209 usquead
714 5132 884 5210 proximos
937 5128 1048 5188 Aaron
1075 5126 1235 5189 accedens
1260 5125 1301 5188 ad
1321 5128 1436 5190 Deum.
1461 5128 1564 5189 Amor
1582 5125 1734 5204 justitiae,

88 5222 295 5287 extendatur.
308 5226 355 5286 De
370 5241 435 5302 qua
449 5225 531 5291 dicit
538 5229 715 5306 spostolus
734 5232 885 5305 :comit
937 5237 1032 5296 zone,
1045 5223 1210 5297 videlieet,
1225 5239 1329 5290 auree
1346 5225 1410 5298 ost,
1423 5238 1488 5302 qua
1500 5223 1731 5304 llrffisslsstlobe·

87 5319 192 5384 ocnus
206 5323 290 5384 odor
303 5337 424 5386 sumus
444 5327 516 5388 Deo
529 5329 567 5388 m
576 5329 671 5389 omui
684 5333 756 5390 loco
770 5325 798 5407 (Ι
809 5328 882 5390 Gor.
938 5322 993 5384 tur
1007 5324 1153 5386 loannes
1180 5322 1221 5386 ad
1245 5322 1455 5388 mammillas.
1482 5323 1594 5384 Pnimo
1623 5323 1735 5386 autem

86 5431 120 5488 ιι,
137 5417 201 5496 15).
216 5421 257 5484 ut
269 5419 305 5481 in
319 5421 501 5500 Evangelio
515 5439 523 5484 :
536 5425 594 5487 Sto
607 5427 718 5489 luceat
729 5431 793 5488 turo
807 5441 885 5489 oes-
937 5419 1098 5484 cinctorio
1117 5421 1170 5482 usi
1198 5423 1278 5486 sunt
1298 5419 1496 5484 claustrales
1516 5423 1550 5482 et
1574 5421 1732 5494 eremitae,

88 5513 143 5575 tra
157 5529 276 5580 corum
288 5522 491 5593 bominibus,
505 5522 545 5584 ut
556 5523 697 5586 amount
708 5526 796 5586 bonu
806 5539 885 5587 ves·
937 5519 1082 5585 seeundo
1098 5519 1327 5584 sacerdoteset
1338 5519 1464 5594 levitem
1473 5519 1572 5582 tertio
1583 5519 1734 5585 Christus

87 5611 142 5672 tra
163 5627 270 5690 opero
291 5617 325 5679 et
349 5619 542 5694 obducent
561 5621 710 5684 Patrem
727 5623 885 5686 vestrum
936 5617 1203 5696 inhumanitate;
1215 5616 1731 5694 eremitaestudentesasperitati,

87 5711 145 5781 put
159 5713 198 5774 tu
211 5716 305 5776 coeits
318 5715 371 5778 est
385 5713 517 5796 (Mattb.
531 5733 563 5790 v,
581 5715 646 5798 16).
936 5715 1124 5780 sacerdotes
1138 5717 1294 5790 castitati,
1307 5718 1454 5780 loannes
1473 5715 1621 5779 omnium
1641 5713 1732 5780 iute-
