3960 6304
36 271 82 336 151
644 261 871 323 EPISTOLAE.
896 262 975 323 LIB.
998 263 1023 323 Ι.
1598 271 1655 334 154

35 445 110 510 sedis
123 441 309 520 benignitas
324 440 399 503 illos
414 454 650 516 nonnunquam
665 454 808 500 consue·
863 453 923 502 sua
949 438 1045 504 nobis
1071 441 1296 506 insinuatione
1322 445 1529 520 monstrarit,
1556 447 1654 526 quod,

34 546 69 608 vit
85 543 122 606 ab
145 539 336 618 hujusmodi
364 538 636 600 constitutionum
664 536 808 614 impedi·
863 554 964 615 quum
986 539 1057 616 ipse
1072 553 1146 600 cum
1164 540 1307 603 Lodoico
1331 542 1551 620 primogenito
1567 545 1657 622 regis

33 643 125 705 mento
150 637 346 710 subducere,
376 651 458 715 quos
481 650 501 696 a
523 633 698 712 parentum
718 633 808 696 vitiis
864 636 1014 698 Franciae
1037 636 1078 698 ad
1110 638 1336 715 occupandum
1362 657 1501 717 regnum
1528 642 1657 718 Angliae

34 739 124 817 gralia
157 735 380 815 praeveniente
418 732 596 796 subductos
631 729 809 794 virtutibus
863 731 1121 805 transfretasset,
1141 733 1173 794 et
1187 733 1309 796 ibidem
1328 734 1446 800 luisset
1465 739 1659 816 aliquandiu

34 835 175 913 conspicit
184 833 344 906 eminere,
353 847 415 894 nec
423 830 558 907 indigne
569 829 644 890 illos
652 831 810 906 tanquam
865 831 1193 908 commoratus-quia
1207 831 1316 908 ipsum
1331 849 1503 897 reversum
1526 836 1568 897 ad
1581 853 1661 914 pro-

34 935 179 1010 legitimos
194 931 230 992 in
253 930 453 992 dominicam
468 928 695 991 haereditatem
711 943 810 988 assu·
865 929 939 1006 pria
953 944 1073 989 manus
1087 929 1218 990 Domini
1231 930 1315 992 adeo
1329 929 1459 994 fortiter
1473 934 1658 1010 castigavit,

34 1033 90 1104 mit,
103 1029 264 1092 defectum
286 1027 526 1090 dissimulando
542 1025 714 1094 natalium,
730 1041 811 1103 quos
867 1026 952 1103 quod
967 1026 1146 1088 tradendus
1175 1028 1274 1089 morti
1288 1044 1309 1090 a
1327 1029 1478 1106 pluribus
1502 1032 1662 1095 credeba-

35 1129 209 1191 meritorum
226 1124 335 1204 gratia
349 1125 550 1203 insigniores
565 1123 637 1202 ipsa
650 1123 813 1200 legitimat
866 1124 938 1199 tur;
961 1124 1051 1185 inter
1073 1125 1207 1200 flagella
1226 1126 1258 1187 et
1272 1125 1474 1190 infirmitatis
1490 1131 1661 1205 angustias

34 1225 239 1306 prerogativa
248 1223 507 1300 virtutum,quia
518 1222 644 1285 Pheres
654 1223 687 1284 et
697 1223 813 1282 zaram
867 1237 987 1283 nomen
1003 1222 1134 1283 Domini
1152 1222 1288 1284 timidus
1304 1224 1483 1298 invocavit,
1500 1227 1542 1298 et,
1565 1227 1664 1290 exhi-

35 1322 346 1400 delhamargenitos
357 1319 568 1397 Evangelista
579 1319 686 1396 regali
696 1335 815 1395 genea·
867 1318 936 1381 bita
955 1321 1122 1397 juratoria
1137 1321 1291 1384 cautione
1313 1323 1399 1399 quod
1421 1324 1579 1386 Ecclesiae
1595 1327 1664 1388 Ro-

34 1421 117 1497 logiae
137 1419 293 1491 intexuit,
318 1419 351 1481 et
373 1433 512 1496 regnum
534 1417 720 1479 Salomonis
744 1416 814 1478 nati
868 1433 976 1479 manae
991 1419 1145 1480 mandato
1158 1421 1300 1496 pareret,
1315 1421 1583 1499 ethpostolicam
1599 1425 1663 1484 Se-

35 1535 70 1580 en
85 1534 121 1580 ea
140 1533 214 1596 quae
235 1516 299 1578 1111
313 1516 401 1578 Uriae
422 1515 580 1577 Dominus
594 1514 811 1576 confirmavit.
869 1515 954 1589 dem,
985 1517 1181 1594 quantocius
1210 1518 1333 1595 posset,
1361 1535 1421 1596 per
1455 1535 1491 1580 se
1528 1521 1582 1582 vel
1606 1536 1666 1598 per

34 1619 103 1677 Cum
125 1616 228 1692 igitur
251 1614 347 1676 multi
367 1613 514 1699 episcopi
537 1613 662 1689 aliique
685 1612 815 1689 praelati
870 1613 1029 1675 nuncium
1048 1615 1219 1692 proprium
1233 1615 1395 1686 risitaret,
1412 1617 1453 1678 ab
1469 1633 1664 1680 excommu-

34 1715 136 1776 merito
164 1712 229 1774 tide
243 1711 354 1788 digni,
381 1711 443 1774 tibi
466 1711 506 1772 de
529 1711 598 1774 vita
620 1712 652 1772 ot
675 1709 815 1772 scientia
869 1711 1047 1774 nicationis
1069 1713 1204 1775 vinculo
1224 1729 1300 1791 quo,
1323 1716 1457 1792 propter
1477 1715 1666 1778 infestatio-

33 1811 244 1874 testimonium
264 1808 432 1871 laudabile
448 1807 673 1886 perhibentes,
697 1807 816 1869 humili
870 1825 947 1871 nem
960 1810 1056 1886 regni
1070 1810 1221 1888 praedicti
1234 1811 1410 1874 tenebatur
1424 1813 1589 1887 astrictus,
1607 1831 1667 1892 per

35 1909 117 1970 nobis
130 1907 290 1970 instantia
305 1907 542 1984 supplicarunt,
558 1905 818 1983 utimpedimen·
870 1907 1077 1970 venerabiles
1112 1907 1232 1970 fratres
1271 1910 1402 1972 nostros
1434 1913 1666 1974 Cenomanen-

34 2008 103 2079 tum,
127 2005 213 2083 quod
234 2006 302 2067 tuae
324 2004 523 2082 promotioni
547 2003 682 2082 opponit
704 2001 817 2064 delec—
871 2023 940 2068 sem
967 2003 1014 2086 (1)
1044 2006 1077 2068 et
1112 2006 1384 2084 andegavensem
1414 2005 1460 2088 (2)
1493 2009 1666 2088 episcopos

35 2106 79 2164 tus
104 2104 263 2165 natalium
294 2117 334 2164 so
359 2102 445 2179 quod
475 2117 495 2163 a
522 2100 618 2163 bonae
647 2101 816 2162 momoriae
849 2103 998 2166 ¹sustitit
1017 2104 1114 2182 Juxta
1135 2103 1275 2166 sormam
1299 2106 1455 2168 Ecclesiae
1483 2107 1666 2170 absolutus,

35 2202 176 2279 Philippo
214 2200 377 2263 Parisien.
415 2199 649 2261 archidiacono
684 2199 817 2275 genitus
873 2201 1084 2264 Postmodum
1093 2203 1354 2280 vero,gravioris
1364 2203 1566 2268 infirmitatis
1579 2207 1672 2284 peri-

36 2298 173 2371 extitisti,
194 2312 349 2360 amovere
373 2312 433 2375 per
460 2296 718 2374 dispensationis
740 2312 819 2373 gra-
873 2298 947 2361 culo
963 2299 1184 2376 angustiatus
1201 2300 1381 2364 salutiferae
1400 2302 1509 2364 crucis
1526 2303 1669 2366 charac-

34 2397 104 2458 tiam
120 2396 344 2472 dignaremur,
362 2410 437 2457 eum
450 2393 612 2458 delectum
627 2393 818 2471 hujusmodi
852 2458 854 2468 ,
873 2398 942 2460 tere
957 2413 993 2458 se
1005 2397 1190 2459 munivitin
1203 2401 1313 2460 Terrae
1328 2400 1457 2462 Sanctae
1472 2399 1667 2474 subsidium,

36 2495 202 2556 multorum
224 2493 368 2555 redimas
389 2493 515 2557 tessera
530 2492 744 2568 meritorum;
759 2506 818 2552 nos
874 2511 934 2572 pro
949 2494 1176 2557 satisfactione
1201 2495 1307 2572 culpae
1327 2505 1426 2574 quam
1442 2499 1669 2574 ,aggrediendo

36 2591 184 2666 volentes,
201 2592 288 2654 sicut
302 2591 437 2668 dignum
450 2590 510 2663 est,
527 2592 564 2652 ut
578 2589 652 2668 plus
666 2589 727 2652 tibi
741 2605 821 2667 pro-
874 2593 1196 2671 regnumpraelatum
1207 2594 1428 2663 commiserat,
1440 2595 1668 2674 proiecturus:

38 2690 96 2752 sint
119 2690 252 2767 propria
280 2689 411 2762 merita,
449 2704 546 2767 quam
575 2689 672 2766 culpa
703 2687 821 2749 noceat
875 2691 969 2753 nobis
995 2691 1166 2754 humiliter
1180 2690 1371 2768 supplicans
1400 2693 1447 2764 ut,
1482 2695 1670 2771 aperientes

35 2788 145 2860 aliena,
163 2787 385 2865 dispensando
396 2787 593 2850 auctoritate
604 2785 664 2847 tibi
678 2801 823 2862 praesen·
876 2788 939 2851 sibi
950 2789 1148 2866 Apostolicae
1164 2789 1326 2866 gremium
1346 2789 1490 2869 pietatis,
1507 2791 1669 2854 indultam

37 2885 109 2945 tium
122 2885 344 2962 indulgemus
366 2885 452 2946 utin
467 2883 696 2961 spiritualibus
716 2883 822 2960 impe-
855 2894 857 2973 [
876 2885 1114 2963 crucesignatis
1127 2886 1259 2948 veniam
1273 2887 1380 2948 eidem
1403 2903 1446 2951 ex
1462 2888 1673 2966 superabun-

35 2981 210 3045 dimentum
236 2982 298 3045 tibi
320 2983 406 3044 nihil
436 2980 561 3044 officiat
590 2981 819 3053 memoratum,
856 2983 967 3045 ¹danti
977 2985 1085 3061 gratia
1097 2984 1279 3046 concedere
1292 2984 1517 3061 dignaremur.

35 3081 84 3140 sed
98 3096 136 3141 eo
150 3096 221 3142 non
234 3079 385 3143 obstante
395 3079 499 3141 libero
511 3079 625 3142 valeas
638 3081 671 3143 et
684 3094 821 3157 promo·
915 3081 984 3142 Nos
996 3080 1108 3158 igitur,
1136 3080 1215 3142 licet
1229 3081 1385 3144 immeriti
1400 3084 1472 3160 ejus
1487 3083 1593 3145 vicem
1612 3099 1672 3162 ge·

33 3179 97 3238 veri
108 3180 150 3240 ad
172 3195 283 3241 sacros
303 3179 447 3252 ordines,
469 3179 502 3240 et
522 3177 563 3240 ad
578 3176 822 3240 ecclesiasticas
877 3178 987 3240 rentes
1013 3179 1169 3240 interris
1192 3179 1248 3257 qui
1270 3179 1435 3242 neminem
1459 3181 1530 3244 vult
1550 3182 1672 3259 perire,

34 3275 208 3352 dignitates
222 3276 360 3338 assumi.
383 3275 476 3338 Nulli
491 3291 581 3352 ergo,
608 3276 682 3348 eto,
700 3274 823 3337 nostrae
878 3276 988 3338 datam
999 3275 1240 3339 absolutionem
1251 3277 1355 3339 nobili
1370 3280 1551 3341 memorato
1566 3280 1674 3343 ramur

32 3373 298 3450 dispensationis
313 3374 375 3436 etc.
400 3373 435 3435 Si
448 3373 522 3452 quis
535 3373 656 3446 autem,
673 3374 735 3436 etc.
755 3375 824 3435 Da·
879 3374 1066 3446 babuimus,
1084 3374 1235 3436 eumdem
1255 3375 1521 3454 crucesignatum
1533 3379 1673 3456 aposto-

34 3471 96 3532 tum
116 3471 290 3545 Laterani,
312 3474 355 3534 1v
376 3487 482 3534 nonas
502 3471 662 3551 januarii,
688 3471 825 3549 pontiti-
879 3472 952 3534 lioae
978 3473 1194 3551 protectionis
1218 3472 1333 3551 clypeo
1360 3474 1551 3536 muniendo.
1581 3478 1674 3548 Quo·

33 3569 241 3635 ratusnostri
257 3585 345 3632 anno
361 3570 478 3650 primo.
880 3570 969 3632 circa
1006 3569 1199 3632 discretioni
1230 3572 1351 3634 vestrae
1392 3588 1452 3649 per
1490 3573 1676 3650 apostolica

860 3687 863 3734 t
882 3666 1005 3744 scripta
1024 3667 1232 3741 mandamus,
1253 3668 1426 3746 quatenus,
1444 3670 1677 3746 praecipientes

370 3756 491 3844 CXXI
861 3765 1068 3827 vicecomiti
1091 3765 1286 3838 memorato,
1304 3765 1365 3826 sub
1396 3760 1507 3828 debito
1531 3767 1674 3844 praestiti

878 3863 1071 3940 juramenti,
1093 3863 1179 3941 quod
1193 3863 1280 3925 dicto
1304 3864 1340 3924 L.
1358 3861 1398 3942 (*)
1417 3864 1450 3926 et
1464 3864 1540 3925 aliis
1554 3865 1595 3926 de
1610 3881 1678 3927 cae-

64 3912 115 3969 Ad
128 3909 432 3983 archiepiscopum
451 3907 486 3970 at
508 3908 787 3968 archidiaconum
1378 3960 1385 3974 ,

863 3960 954 4022 ¹tero
977 3959 1019 4022 ad
1044 3961 1271 4038 occupandum
1292 3961 1351 4024 vel
1375 3962 1597 4024 invadendum
1622 3978 1681 4026 ro-

324 4009 549 4067 ihrooenses.

71 4109 785 4273 {Remufib,1,,pgtiafflg'uquet’Rmessdos
885 4158 969 4218 siam
992 4155 1139 4217 savorem
1164 4172 1231 4217 non
1256 4155 1413 4219 exhibeat
1439 4158 1493 4220 vel
1508 4160 1679 4236 Juvamen,

240 4286 388 4350 mmm,
402 4290 421 4336 t.
435 4286 504 4346 m,
516 4302 542 4352 p.
554 4285 623 4350 qm,
885 4253 993 4314 eidem
1013 4253 1211 4315 auctoritate
1225 4255 1339 4315 nostra
1356 4247 1555 4332 postulatam
1569 4256 1682 4317 indul-

28 4393 105 4452 lubet
130 4394 349 4470 prosectionem
369 4395 505 4451 maturari
525 4392 635 4451 ltadulti
655 4391 832 4450 bellimontis
885 4351 1030 4462 gentiam
1042 4351 1243 4462 ⁰⁰n⁰0datffsr
1256 4351 1682 4463 sibiflrmlterinjungenno

57 4483 85 4540 in
114 4483 324 4544 cenomannia
352 4482 543 4551 vicecomitis,
570 4481 631 4553 qui,
657 4480 833 4538 Ludovicum
887 4449 933 4523 ut,
950 4464 1027 4525 ‘Ima
1042 4463 1103 4510 ¹¹0⁸
1117 4449 1168 4510 1⁰¹⁸
1169 4465 1295 4510 mulum
1318 4449 1358 4511 (Ῐθ
1373 4452 1681 4527 01116θ8181131011111

58 4575 137 4646 regn
157 4572 293 4646 Pnuippt
312 4568 831 4643 11111011111111311111-
888 4547 1043 4626 passagio
1069 4547 1105 4608 in
1125 4547 1275 4624 generati
1299 4547 1446 4610 Concilio
1465 4548 1683 4610 Lateranensi

60 4661 271 4736 pugnandam,
292 4667 320 4718 et
341 4667 440 4733 postea
464 4658 530 4717 iactr
546 4658 697 4732 poeuitens,
725 4657 761 4716 ab
786 4673 836 4723 en,
889 4645 1046 4707 statutum
1061 4660 1128 4706 non
1149 4644 1304 4705 duximus
1319 4645 1575 4721 prorogandum,
1596 4659 1687 4722 praa-

57 4749 340 4810 communicationis
351 4747 467 4806 vinoulo
479 4763 535 4820 quo
550 4755 666 4822 propter
683 4745 740 4804 hoc
753 4754 832 4804 tene·
890 4758 1010 4820 parare
1024 4740 1155 4804 studeat
1173 4758 1209 4803 se
1228 4741 1270 4803 ad
1287 4740 1361 4815 iter,
1380 4741 1427 4814 ut,
1445 4742 1474 4803 si
1489 4742 1604 4805 eodem
1615 4744 1687 4806 ter-

56 4837 150 4912 11111,
170 4839 292 4899 absolvi
316 4839 520 4912 postulaverat,
541 4843 569 4895 et
585 4835 680 4894 itineri
698 4835 837 4910 lerosoly-
890 4841 981 4902 mino
996 4855 1141 4916 congrue
1153 4839 1285 4917 poterit,
1295 4855 1369 4900 cum
1377 4839 1527 4902 exercitu
1539 4841 1688 4904 transeat

58 4931 170 4988 mitano
184 4945 222 4988 se
234 4927 406 4986 devoverat.
893 4937 1068 5013 crucifixi,
1084 4937 1148 5012 vel,
1170 4937 1200 4998 si
1213 4938 1292 4998 tunc
1307 4935 1392 5000 forte
1407 4939 1605 5016 nequiverit,
1621 4955 1686 5017 pa-

60 5049 241 5111 Honorius
283 5045 468 5122 episcopus,
517 5043 708 5106 venerabili
743 5041 838 5105 tratri
893 5037 986 5098 ratus
994 5035 1125 5108 existat,
1136 5034 1178 5096 ad
1188 5035 1380 5099 mandatum
1388 5036 1548 5110 nostrum,
1559 5037 1691 5115 quando

28 5147 287 5226 archiepiscopo
312 5141 352 5224 (*)
371 5144 406 5204 et
432 5142 552 5205 dilecto
575 5141 647 5204 lilio
669 5144 706 5204 G.
723 5139 839 5204 archi-
895 5135 989 5198 nobis
1000 5136 1172 5213 placuerit,
1185 5136 1321 5214 exsequi
1334 5137 1448 5200 votum
1457 5140 1691 5200 suumbatum

28 5241 161 5307 diacono
177 5240 527 5313 Turonensihnsmtc.
896 5234 1072 5307 Laterani,
1097 5233 1141 5295 111
1169 5250 1274 5297 nonas
1296 5236 1457 5312 januarii,
1481 5236 1693 5315 pontificatus

62 5342 196 5406 Nobilis
223 5339 285 5402 vir
306 5341 346 5402 R.
364 5336 404 5419 (⁸)
423 5337 607 5402 vicecomes
633 5337 841 5400 bellimontis
897 5333 1003 5395 nostri
1018 5347 1106 5394 anno
1120 5333 1240 5410 primo.

71 5474 103 5546 tt
122 5473 239 5536 loanni
255 5469 392 5544 (101111.
935 5461 976 5536 (1)
997 5464 1190 5524 hamelinum.

62 5547 96 5622 l'l
117 5541 287 5607 nanuum.
544 5567 547 5573 ·
936 5536 977 5612 tt)
997 5534 1152 5618 nuoovno.

382 5657 388 5664 -
937 5608 972 5686 (*)
993 5606 1163 5666 Gudlelmun
1176 5605 1212 5664 de
1223 5607 1408 5666 bellomonte.

861 4061 863 4068 ’
883 4075 984 4135 gnum
1008 4058 1201 4136 praedictum
1223 4057 1338 4121 contm
1362 4061 1547 4122 Romanam
1561 4061 1680 4123 Eccle-
1795 4049 1801 4064 '
