3986 6304
278 331 339 395 235
891 346 1068 416 HONORII
1090 355 1135 418 ΠΙ
1157 359 1304 423 OPERA.
1842 373 1886 435 isc

280 492 366 568 dem,
376 497 568 573 praedictum
577 502 754 570 terminum
762 507 804 570 ad
812 513 1074 590 prosequendam
1128 519 1178 581 rei
1193 521 1395 586 evidentiam
1410 525 1558 589 tenorem
1573 526 1720 606 ipsarum
1733 528 1888 592 litterarum

279 594 536 670 appellationem
574 605 765 678 praedictam
805 610 954 686 partibus
989 616 1077 676 assi·
1128 621 1347 694 presentibus
1369 622 1525 686 duximus
1537 625 1758 700 inserendum,
1771 629 1820 704 qui
1829 629 1890 690 talis

279 692 541 773 gnand03quam
553 699 640 762 idem
651 703 922 787 archiepiscopus
934 713 1075 788 perido-
1128 717 1199 780 esta

279 802 378 851 neum
410 798 636 870 responsalem
669 807 824 881 prosequi
857 823 923 868 non
946 812 1075 874 curavit
1168 817 1471 882 «Praecedentium
1495 819 1691 884 auctoritate
1711 821 1828 901 patrum
1845 819 1891 885 ad-

279 885 404 950 diutius
417 895 621 970 expectatus,
639 916 826 980 quanquam
842 905 883 967 ad
906 909 1075 972 contradi·
1128 927 1312 985 monemus,
1338 917 1374 980 ut
1396 918 1554 997 quidquid
1575 922 1766 998 perpetuum
1784 936 1818 982 ac
1838 921 1892 983 sta·

279 985 419 1048 cendum
434 991 467 1052 et
480 991 724 1070 impetrandum
741 1003 915 1077 quemdam
938 1007 978 1068 ad
995 1023 1075 1069 nos-
1127 1011 1193 1074 biie
1209 1013 1281 1076 deri
1294 1014 1446 1077 volumus
1460 1018 1593 1096 scriptis
1609 1034 1648 1079 ac
1661 1017 1776 1082 litteris
1786 1019 1893 1080 traden-

278 1081 363 1144 tram
378 1091 590 1162 praesentiam
602 1093 788 1160 destinarit.
800 1101 892 1165 Licet
902 1103 1003 1180 igitur
1014 1122 1073 1184 pro
1126 1110 1204 1172 dum
1228 1113 1441 1189 praesentium
1474 1116 1507 1177 et
1535 1115 1721 1180 futurorum
1750 1115 1892 1178 memorie

278 1196 318 1241 eo
340 1183 426 1258 quod
451 1191 607 1266 prosequi
627 1195 883 1272 appellationem
902 1217 1075 1266 suamne-
1127 1211 1404 1274 commendemus.
1450 1215 1658 1292 Quapropter
1701 1230 1763 1292 ego
1796 1214 1892 1290 regina

277 1276 392 1352 glaxit,
410 1297 508 1358 quam
522 1292 697 1363 prosecuta
705 1292 756 1356 est
765 1294 911 1372 legitime
926 1315 1003 1376 pars
1018 1300 1074 1362 ad·
1126 1306 1299 1382 Therasia,
1315 1309 1453 1386 gloriosi
1475 1312 1687 1390 imperatoris
1705 1311 1848 1374 lldeiousi
1859 1312 1893 1371 il-

277 1390 387 1447 uersa,
403 1377 490 1442 idem
512 1385 781 1470 archiepiscopus
803 1394 891 1458 esset
909 1396 1015 1460 eidem
1037 1401 1072 1461 in
1126 1403 1184 1478 lia,
1209 1406 1251 1467 ad
1273 1407 1404 1469 laudem
1431 1409 1464 1470 et
1490 1409 1633 1486 gloriam
1662 1409 1791 1472 Domini
1809 1409 1894 1471 nostri

278 1477 435 1551 expensis
458 1479 615 1557 legitimis
637 1489 917 1568 condemnandus
940 1512 1000 1558 uos
1019 1497 1074 1559 ta-
1125 1503 1205 1565 Jesu
1219 1504 1341 1566 Christi
1360 1507 1393 1567 et
1407 1505 1447 1568 oh
1460 1506 1620 1569 honorem
1635 1509 1669 1570 et
1680 1523 1819 1569 amorem
1828 1506 1896 1566 bea·

277 1585 353 1633 men
364 1573 398 1634 in
412 1575 474 1640 hoc
487 1583 649 1646 senectuti
664 1588 736 1663 ejus
749 1592 932 1666 parcentes,
950 1594 1073 1658 discre-
1124 1600 1262 1664 tissimae
1277 1603 1426 1678 Virginis
1447 1605 1562 1666 Mariae
1582 1606 1616 1668 et
1637 1621 1698 1683 pro
1724 1603 1896 1667 remissione

277 1668 361 1731 tioni
384 1675 502 1738 vestrae
529 1695 590 1755 per
612 1685 795 1760 apostolica
809 1689 932 1768 scripta
946 1694 1070 1769 praeci-
1125 1701 1335 1775 peccatorum
1353 1716 1501 1763 meorum
1521 1703 1553 1764 et
1573 1703 1772 1765 remissione
1796 1701 1895 1763 anime

278 1767 397 1843 piendo
410 1774 616 1848 mandamus,
633 1783 807 1858 quatenus,
822 1786 852 1848 si
865 1785 958 1851 vobis
973 1806 1073 1854 cons·
1124 1813 1207 1858 meae
1221 1799 1253 1860 ei
1270 1799 1445 1875 parentum
1466 1817 1615 1862 meorum
1632 1801 1719 1863 facio
1739 1801 1897 1863 testamen-

276 1863 382 1928 titerit
394 1870 596 1936 comitissam
609 1877 793 1955 praelatam,
809 1883 881 1961 ipsa
892 1886 1002 1950 tamen
1018 1889 1072 1950 in·
1123 1895 1193 1956 tum
1208 1896 1241 1957 et
1253 1896 1403 1958 chartam
1421 1898 1609 1960 donationis
1626 1915 1685 1977 per
1696 1899 1794 1976 hujus
1806 1896 1895 1972 scrip-

275 1961 374 2024 terim
388 1965 548 2032 beneflcio
563 1975 730 2050 praedictae
749 1981 968 2046 relaxationis
986 2002 1072 2064 gau·
1123 1993 1208 2054 turae
1222 1993 1411 2056 tinniiatem
1421 1997 1636 2073 Portugalen.
1649 1997 1721 2060 sedi
1732 1997 1771 2058 de
1783 1995 1897 2058 civitate

276 2057 386 2135 dente,
403 2061 477 2138 sibi,
506 2070 542 2130 ut
561 2070 760 2150 dictumest,
782 2079 940 2144 obtulisse
952 2083 1072 2162 hujus-
1125 2091 1338 2168 Portugalen.
1357 2093 1430 2156 sine
1444 2094 1511 2156 alio
1525 2095 1659 2158 haerede
1676 2112 1750 2157 cum
1766 2091 1898 2156 omnibus

275 2158 364 2219 modi
375 2163 612 2241 jnramentum,
631 2170 683 2232 vel
699 2172 783 2236 allas
798 2193 841 2239 ex
854 2181 949 2256 parte
964 2182 1069 2259 ipsius
1125 2189 1195 2250 suis
1215 2190 1398 2252 redditibus
1420 2192 1452 2254 et
1476 2192 1545 2254 suis
1561 2193 1768 2270 adjacentiis,
1789 2194 1819 2254 et
1838 2205 1897 2250 cum

274 2254 379 2318 tuisse
393 2259 541 2337 legitime
551 2268 764 2346 appellatum,
776 2274 976 2341 denuntietis
989 2296 1071 2358 prae·
1124 2287 1265 2350 ecclesia
1281 2290 1386 2352 sancti
1402 2289 1493 2352 Petri
1512 2291 1545 2352 et
1567 2291 1753 2354 Rotundela
1767 2291 1798 2353 et
1815 2286 1898 2350 Busto

274 2351 395 2417 dictam
422 2363 620 2425 seutentiam
639 2369 861 2446 appellatione
887 2379 1070 2455 postposita
1123 2387 1157 2446 et
1173 2387 1283 2449 castro
1305 2389 1427 2464 quoda
1451 2389 1551 2465 vulgo
1566 2389 1689 2451 dicitur
1702 2389 1825 2451 Luneta
1837 2405 1899 2449 oum

273 2453 399 2516 nullam
411 2472 496 2530 esse,
506 2461 653 2525 audituri
665 2467 877 2543 postmodum
893 2473 1007 2552 siquid
1021 2493 1071 2539 re·
1123 2483 1278 2546 omnibus
1292 2485 1501 2562 pertinentiis
1516 2488 1632 2550 suiset
1646 2487 1811 2550 Germiadi
1828 2485 1898 2563 quod

274 2553 436 2616 manserit
459 2559 666 2634 quaestionis,
693 2567 726 2628 et
744 2567 826 2629 illud
847 2573 1070 2648 appellatione
1123 2582 1276 2660 primitus
1292 2599 1387 2645 soror
1401 2601 1475 2646 mea
1495 2586 1612 2662 regina
1628 2585 1752 2648 Urtaca
1771 2584 1898 2654 dederat,

273 2651 400 2712 remota
422 2651 488 2714 tine
508 2654 618 2718 debito
633 2659 788 2736 decisuri,
812 2665 964 2731 faciendo
983 2672 1070 2748 quod
1124 2679 1157 2740 et
1188 2680 1341 2742 omnibus
1375 2681 1543 2758 regalibus
1572 2682 1819 2747 haereditatibus
1839 2695 1899 2759 qua

211 2831 212 2834 Ἴ
274 2744 488 2812 decreveritis
516 2769 577 2829 per
609 2771 783 2822 censuram
808 2764 1069 2832 ecclesiasticam
1123 2775 1210 2838 inira
1234 2780 1367 2841 cautum
1386 2781 1607 2844 continentur.
1633 2784 1727 2845 Dono
1748 2783 1854 2860 itaque
1875 2778 1900 2838 ei

274 2841 414 2906 tirmiter
430 2847 612 2913 observari.
634 2857 752 2928 Datum
769 2861 937 2937 Laterani,
955 2868 984 2928 ΙΙ
1002 2867 1068 2930 ha·
1123 2875 1267 2938 concedo
1296 2879 1454 2958 perpetua
1489 2879 1670 2944 stabilitate
1710 2877 1900 2958 supradictas

273 2937 389 3001 lendas
412 2941 585 3020 februarii,
615 2953 826 3028 pontificatus
854 2963 959 3024 nostri
981 2979 1069 3027 anno
1122 2973 1334 3036 haereditates
1360 2977 1432 3038 sive
1459 2977 1620 3055 piscarias
1649 2979 1774 3042 sanctae
1801 2975 1900 3038 Maria

272 3035 390 3112 primo.
1123 3073 1334 3149 Portugalen.
1350 3074 1438 3135 sedis
1449 3077 1482 3138 et
1493 3075 1755 3154 domiuoUgoni,
1770 3073 1901 3153 ejusdem

1121 3171 1271 3233 ecclesiae
1287 3172 1455 3250 episcopo,
1469 3176 1608 3252 ejusque
1623 3173 1864 3238 successoribus
1874 3170 1902 3230 ei

612 3237 728 3360 CXCI
1121 3267 1209 3331 facio
1219 3269 1352 3330 cantum
1363 3269 1588 3332 firmissimum
1599 3272 1824 3350 perierminos
1836 3281 1901 3380 suos

1120 3365 1276 3428 uidelicet
1294 3383 1353 3444 per
1367 3369 1540 3439 Lanatam,
1552 3369 1672 3432 deinde
1692 3373 1848 3432 Peconan
1861 3382 1901 3426 n-

379 3485 433 3544 Aa
446 3488 644 3564 episcopum
656 3493 957 3574 portuoalemem·
1120 3462 1234 3526 nulum
1253 3465 1310 3542 qui
1325 3466 1430 3578 currit
1443 3467 1541 3544 juxta
1557 3467 1719 3544 palatium
1738 3468 1778 3530 de
1798 3463 1901 3578 Garsia

505 3565 508 3570 ’
1121 3563 1295 3636 Gonsaluz,
1319 3563 1438 3625 demde
1457 3563 1498 3626 ad
1516 3565 1627 3642 petras
1657 3564 1776 3644 Styles,
1797 3561 1901 3626 demde

561 3646 594 3707 tl
612 3649 673 3722 jan.
696 3651 775 3712 lili.
1120 3663 1349 3739 perParamos
1362 3661 1402 3724 ad
1418 3665 1606 3736 Barrosam,
1628 3663 1707 3726 inde
1731 3673 1902 3725 arcamve·

272 3761 345 3824 [Cod.
363 3764 409 3818 lat.
428 3765 500 3830 assi,
520 3785 546 3838 p.
568 3772 623 3824 lai.
638 3777 696 3828 lisa.
716 3777 896 3848 Bibliotbtqua
913 3783 1065 3851 nationale]
1118 3759 1223 3824 terem
1237 3775 1310 3838 (111ω
1320 3761 1372 3822 est
1384 3775 1487 3838 ll0l⁰
1505 3759 1639 3834 fontem,
1663 3761 1743 3824 ifldfl
1756 3761 1796 3823 ad
1813 3759 1900 3870 aliam

1119 3873 1243 3930 arcam,
1262 3856 1381 3920 deinde
1399 3857 1441 3919 ad
1461 3859 1588 3936 petram
1603 3859 1778 3934 lurcatam,
1794 3853 1902 3920 deinde

268 3933 411 4009 Episcopo
447 3940 646 4015 Portugalensi
673 3941 824 4009 conllr'mat
848 3955 1065 4015 concessionem
1118 3955 1160 4018 ad
1179 3956 1325 4017 montem
1345 3956 1402 4034 qui
1423 3957 1563 4018 vocatur
1581 3957 1773 4032 Pedemula,
1793 3951 1902 4018 deinde
1969 4017 1970 4048 ,

305 4037 321 4078 a
345 4023 482 4084 Therasia
508 4029 709 4105 Portugalensi
728 4039 840 4110 regina,
862 4041 919 4099 tilia
938 4044 1064 4118 impera·
1118 4069 1177 4131 per
1189 4053 1333 4114 montem
1347 4052 1388 4114 de
1407 4055 1559 4132 captivis,
1582 4053 1703 4118 deinde
1724 4049 1900 4118 sicutdiri-
1969 4121 1970 4160 ἢ

304 4111 375 4168 toris
389 4111 563 4186 ildephonsi,
589 4117 694 4179 iactam
710 4137 745 4181 ex
760 4133 931 4186 testamento
950 4133 1065 4206 liugoni
1118 4149 1208 4212 ditm·
1224 4151 1290 4212 cito
1314 4150 1401 4212 facta
1419 4167 1494 4213 cum
1516 4153 1696 4229 Germiadi,
1719 4153 1837 4217 deindo
1850 4161 1901 4225 pel*
1969 4173 1970 4182 ¹

304 4200 442 4274 episcopo
466 4211 494 4261 ei
513 4207 644 4265 ecclesiae
663 4211 863 4286 Portugalensi
888 4215 924 4274 de
949 4219 1064 4279 civitate
1117 4245 1282 4307 eminam
1296 4244 1741 4314 fratrumindeadcanalom
1754 4252 1899 4328 majorem
1969 4287 1970 4304 ,

304 4289 477 4364 Portugaiiae
495 4308 561 4351 curn
586 4296 721 4356 omnihus
746 4303 926 4373 pertinentiis
948 4316 978 4367 ei
997 4323 1063 4368 cum
1117 4342 1359 4408 sicutdecurm
1373 4344 1408 4406 in
1421 4345 1500 4409 Dori
1517 4347 1652 4410 flumen·
1678 4337 1900 4422 Quodcumque
1969 4423 1970 4426 Ἴ

303 4380 424 4440 ecclesia
438 4383 466 4440 S.
482 4383 559 4442 Petri
573 4392 601 4443 et
613 4387 770 4447 Rotundeia
785 4398 814 4450 ei
828 4395 916 4454 liusto
929 4405 1063 4460 cicestro

302 4469 378 4542 quod
393 4472 482 4547 vulgo
497 4471 599 4534 dicitur
614 4477 722 4536 Lunata
737 4494 803 4538 curu
824 4483 957 4543 omnihus
974 4489 1059 4560 perti·
1115 4441 1218 4554 {gitur
1250 4445 1306 4522 5⁰⁸
1341 4444 1375 4556 ᾳ
1408 4460 1649 4558 (ῙΜῙῺΟΨΨῙΘ
1675 4445 1900 4580 pmpfiefflenj
1969 4557 1970 4560 Ἴ

301 4562 407 4620 nentia
426 4563 497 4636 guis,
518 4572 546 4622 et
571 4566 725 4639 qefmpaqp
744 4584 808 4642 φῶ
828 4571 959 4646 primitus
982 4591 1063 4636 m
1115 4539 1203 4602 mira
1229 4542 1438 4620 supradictos
1462 4544 1623 4606 termmos
1644 4543 1753 4607 babeo
1773 4541 1827 4607 rei
1846 4539 1884 4600 ba
1969 4583 1970 4594 ,

301 4651 363 4726 eius
376 4653 478 4727 regina
494 4657 596 4716 Urtaca
611 4655 777 4719 donaverat.
1114 4635 1193 4700 bere
1206 4636 1308 4700 debeo
1323 4641 1359 4700 in
1373 4641 1505 4710 Baneis‚
1522 4641 1594 4704 sive
1608 4642 1649 4704 de
1665 4643 1788 4704 Sancta
1802 4633 1898 4701 Maria
1969 4685 1970 4720 ,

1113 4734 1148 4796 et
1169 4735 1273 4813 Aquis
1302 4735 1532 4808 sanctissino
1560 4739 1601 4800 de
1623 4739 1723 4802 dictis
1742 4733 1898 4815 regalibus

303 4812 409 4875 Justis
436 4817 633 4893 petentium,
659 4819 761 4883 eto...
777 4837 885 4898 usque
906 4839 1058 4889 assensu.
1113 4831 1782 4909 possessionibustotumecclesiaesanctae
1793 4829 1897 4898 Maria
1969 4865 1970 4868 =

264 4909 311 4970 lia
329 4925 403 4986 quae
425 4911 466 4973 ab
486 4913 609 4978 inclitas
628 4918 869 4984 recordationis
885 4922 1058 4996 Therasia,
1113 4929 1363 5006 Portugalensis
1379 4930 1468 4994 sedis
1481 4933 1515 4994 et
1528 4932 1662 4996 domino
1674 4933 1782 5011 ugoni
1794 4941 1897 5009 supra·

264 5005 429 5083 quondam
451 5011 684 5089 Portugalensl
702 5019 831 5094 regina,
848 5037 949 5099 super
962 5025 1059 5086 cauto
1112 5025 1209 5089 diotae
1230 5027 1381 5090 ecclesiae
1396 5029 1562 5108 episcopo,
1579 5035 1716 5111 ejusque
1729 5042 1895 5095 successo-

263 5104 297 5166 et
324 5103 477 5167 terminis
501 5109 571 5170 suis
599 5110 696 5175 honae
721 5117 891 5180 memoriae
926 5121 1059 5197 Hugoui
1111 5123 1204 5186 ribus
1219 5124 1323 5187 testor
1337 5127 1370 5188 et
1379 5126 1507 5190 donoet
1516 5145 1576 5206 per
1586 5133 1720 5192 cautum
1735 5127 1894 5194 confirmo,

262 5201 501 5279 predecessori
528 5205 586 5268 tuo
605 5209 639 5270 et
665 5211 815 5275 ecclesias
843 5217 1056 5294 Portugalen.
1111 5223 1148 5287 ut
1156 5222 1280 5286 habeat
1289 5224 1322 5287 et
1329 5225 1647 5302 possideatecclesia
1656 5220 1895 5306 portugalensis

261 5300 317 5378 pia
340 5301 419 5365 suut
436 5301 637 5368 liberalitate
657 5306 790 5384 coliata,
807 5311 894 5376 sicut
907 5314 943 5376 in
960 5319 1056 5395 ejus·
1111 5335 1183 5384 aevo
1197 5323 1337 5400 pereuni
1351 5322 1386 5384 iu
1401 5323 1533 5386 saeculis
1548 5326 1756 5388 saeculorum.
1781 5325 1815 5388 Si
1829 5317 1895 5400 quis

261 5397 336 5460 dem
364 5399 490 5476 reginae
507 5399 628 5464 litteris
644 5404 833 5470 continetur
854 5409 895 5472 de
916 5427 1057 5489 quarum
1108 5433 1189 5482 vero
1206 5419 1247 5480 de
1268 5420 1462 5498 propinquis
1481 5421 1565 5484 meis
1582 5422 1637 5485 vel
1651 5424 1692 5486 de
1707 5423 1824 5487 alienis
1838 5419 1894 5480 hoc

259 5496 376 5560 tenore
390 5497 486 5560 nohis
500 5499 647 5564 constitit
660 5501 842 5578 evidenter,
859 5509 1055 5574 auctoritate
1108 5515 1340 5578 testamentum
1354 5519 1388 5582 et
1402 5521 1528 5581 cartam
1543 5519 1733 5584 donationis
1750 5537 1808 5585 seu
1821 5529 1894 5580 cau-

259 5595 450 5672 apostolica
464 5597 699 5662 confirmamus
711 5601 745 5663 et
753 5604 929 5680 praeseutis
939 5608 1055 5686 scripti
1107 5614 1177 5676 tum
1194 5613 1379 5693 irrumpere
1402 5615 1454 5679 vel
1477 5615 1621 5692 airiorre,
1638 5635 1697 5682 seu
1719 5618 1892 5692 inninga-e

260 5693 381 5772 pagina
410 5697 662 5762 communimus.
687 5697 736 5763 nd
756 5702 916 5780 majorem
943 5705 1053 5768 autem
1106 5710 1295 5788 tentaverit,
1312 5713 1476 5793 imprimis
1499 5715 1584 5778 iram
1599 5716 1659 5780 Dei
1673 5714 1819 5781 incurrat
1833 5710 1894 5774 eta
