3994 6326
285 301 344 360 543
903 295 1081 358 HONORII
1104 295 1148 356 Ill
1172 295 1320 358 OPERA.
1871 303 1914 364 511

327 465 447 524 Omnes
481 459 583 537 igitur
615 457 837 536 crucesignati
868 458 902 519 et
934 456 1083 520 crucesi-
1177 457 1347 520 Accedens
1361 455 1404 519 ad
1426 457 1573 520 nostram
1594 458 1810 536 praesentiam
1830 461 1916 525 dilec-

286 559 410 638 gnandi
425 557 565 620 sollicite
581 556 789 628 moneantur,
813 557 959 634 utquam
976 557 1082 634 majo-
1135 554 1189 617 tus
1216 553 1306 616 tillus
1335 557 1532 633 procurator
1559 556 1711 619 ecclesiae
1725 559 1915 624 Maionensis

285 675 355 720 rem
371 657 525 734 poterunt
540 671 651 718 secum
666 654 790 716 ducant
810 653 938 730 copiam
953 655 1082 715 victua·
1135 653 1307 731 proposuit
1327 669 1439 716 coram
1451 653 1557 726 nobis,
1575 655 1661 732 quod
1677 673 1779 733 quum
1792 657 1834 718 ab
1850 661 1915 722 anti-

285 755 368 816 lium
382 759 414 817 et
425 769 595 832 equorum.
612 753 731 815 Datum
746 752 914 825 Laterani,
926 755 1000 814 VIII
1011 752 1079 813 kal.
1135 767 1200 829 quo
1215 751 1329 813 eadem
1343 752 1590 814 ecclesiafuerh
1607 753 1821 828 cathedralis,
1837 755 1914 820 bona

284 851 484 926 decembriS,
524 851 735 931 pontificatus
770 849 876 912 nostri
906 865 993 914 anno
1027 865 1082 911 se-
1135 849 1303 912 mcmoriae
1331 853 1361 913 J.
1386 850 1475 914 tituli
1501 852 1534 912 S.
1563 851 1725 928 Stephani
1761 853 1798 914 in
1831 856 1914 918 Coeho

286 951 404 1013 cunae.

627 1053 750 1143 LXVI

324 1203 376 1262 Ad
399 1203 569 1262 Ioannem
589 1199 743 1260 abbatem
760 1201 802 1258 de
824 1195 1038 1272 Vonpcdtctc.

577 1321 612 1378 27
627 1335 692 1378 nov.
709 1320 787 1378 llll.

384 1436 523 1502 [littarelli
538 1435 630 1486 Annei.
644 1435 769 1492 camald„
781 1437 799 1483 t.
818 1433 860 1492 lv,
878 1449 903 1500 p.
919 1431 987 1497 377.]

285 1543 419 1618 Indulget
432 1551 463 1600 ut
473 1543 548 1601 bona
564 1542 693 1600 ecclesie
708 1555 767 1598 sue
791 1555 807 1598 a
824 1538 1081 1614 predecessoribus

480 1632 602 1689 alienata
628 1645 763 1688 revocare
786 1630 885 1702 possit.

325 1740 491 1801 Honorius
503 1741 678 1817 episcopus
694 1753 812 1800 servus
827 1753 999 1798 servorum
1009 1735 1078 1808 Dei,

286 1837 479 1899 salutemet
503 1837 719 1914 apostolicam
733 1835 1008 1906 benedictionem,
1030 1834 1082 1894 di-

284 1935 371 1998 lecto
387 1935 455 1996 tilio
470 1933 582 1996 abbati
598 1934 638 1995 de
651 1933 867 2010 vangadicia.

329 2033 419 2094 Solet
433 2047 582 2094 annuere
596 2032 696 2094 Sedes
711 2030 900 2108 Apostolica
912 2028 977 2105 piis
995 2028 1081 2090 votis

285 2133 318 2193 et
349 2131 498 2192 honestis
524 2129 705 2207 petentium
745 2127 897 2205 precibus
933 2125 1080 2188 favorem

284 2227 481 2290 benevolum
496 2227 672 2304 impartiri.
689 2229 738 2288 Ex
749 2227 806 2288 tua
822 2241 902 2286 sane
917 2224 1081 2286 relatione

285 2325 484 2402 accepimus,
502 2325 589 2402 quod
604 2328 668 2387 A...
686 2323 863 2400 etquidem
880 2321 1080 2398 aliipraede-

287 2438 437 2484 cessores
458 2422 507 2484 tui
521 2422 672 2500 quaedam
682 2421 768 2482 bona
780 2419 930 2482 ecclesiae
943 2420 983 2482 de
996 2421 1082 2480 Van·

286 2517 1080 2597 gadiciaingraveipsiusalienaverintecclesiae

282 2616 529 2680 detrimentum.
543 2617 740 2694 eapropter,
753 2616 872 2677 dilecte
887 2615 922 2676 in
942 2615 1081 2676 Domino

285 2714 1079 2792 iili,tuisprecibusgratoconcurrentesassensu,

285 2811 482 2874 auctoritate
493 2811 553 2873 tibi
571 2811 783 2888 praesentium
799 2809 1020 2885 indulgemus,
1046 2812 1082 2873 ut

285 2897 503 2978 alienationes
534 2908 709 2985 praedictas
732 2907 793 2970 tihi
819 2907 919 2969 ltceat
951 2906 1080 2969 sublato

285 3006 519 3084 appellationis
543 3005 713 3068 obstaculo
734 3005 880 3082 legitime
907 3021 1078 3067 revocare.

283 3105 376 3166 Nulli
415 3119 494 3180 ergo
531 3104 676 3166 ommino
722 3103 904 3176 hominum,
942 3103 1004 3165 etc.
1044 3102 1080 3164 si

284 3202 370 3279 quis,
385 3202 447 3262 etc.

323 3299 442 3361 Datum
465 3298 622 3360 Laterani
643 3301 672 3359 V
695 3297 857 3360 kalendas
881 3297 1076 3372 decembris,

284 3395 496 3474 pontificatus
509 3395 614 3458 nostri
629 3411 717 3458 anno
732 3395 888 3458 secundo.

612 3571 755 3661 LXVII

282 3719 538 3793 buccacanum
548 3717 1079 3788 Clocorcnscm,abtctemS.Me

322 3819 389 3877 rita
409 3819 450 3876 de
473 3817 641 3876 Koecanos
667 3817 834 3876 chnsts
863 3817 1018 3876 dioecesis
1046 3814 1080 3874 et

321 3915 601 3975 crcbtdtcccmun
613 3914 921 3974 Ardochcdenaem.

575 4033 609 4090 27
624 4043 691 4090 nov.
706 4033 785 4091 intr.

418 4145 548 4210 [rusinae
560 4147 672 4196 llonum.
684 4143 820 4204 Hibernia,
835 4145 858 4196 t.
870 4161 895 4196 ιι.
908 4145 945 4211 a]

283 4251 397 4314 Mandat
407 4252 549 4326 judicibus
564 4259 594 4309 ut
618 4253 762 4323 inquirant
787 4251 822 4309 de
843 4259 919 4311 statu
946 4254 1079 4311 ecclesie

495 4340 671 4399 lisiacensis
687 4348 716 4398 et
730 4339 865 4399 referant.

321 4459 487 4521 Honorius
496 4458 681 4535 episcopus,
692 4457 875 4520 venerabili
889 4457 984 4522 tratri
995 4461 1080 4537 epis·

283 4573 365 4635 copo
380 4557 581 4628 Clocorenai,
596 4557 629 4618 et
643 4555 772 4618 dilectis
799 4555 877 4617 tiliis
903 4557 1013 4620 abbati
1043 4562 1075 4620 S.

281 4656 398 4718 Mariae
419 4653 459 4715 de
486 4655 652 4716 Kaenenos
676 4652 835 4714 Midensis
861 4653 1026 4727 dIoecesis
1045 4659 1078 4718 et

281 4751 515 4814 archidiacono
528 4749 789 4824 Ardochadensi,
800 4750 951 4812 salutem.

281 4927 472 4998 negotiorum,
495 4933 539 4983 est
565 4925 688 4984 maxima
714 4925 866 4984 caritudo:
890 4927 1076 5000 segesentm,

281 4996 337 5054 hoc
354 4995 542 5054 annotatione
556 4997 723 5069 agricolam,
744 4999 771 5055 in
788 4998 905 5055 minima
921 4999 1077 5071 quantitate

282 5066 333 5124 iuit
356 5066 516 5124 recollecta.
542 5067 753 5138 Exspectabam
783 5075 812 5125 et
834 5068 978 5142 indigena
1002 5069 1077 5141 quod

282 5151 368 5211 seges
380 5135 536 5195 adferretur
550 5135 586 5192 de
599 5139 724 5210 partibus
739 5141 947 5208 transmarinis,
962 5139 1013 5197 sed
1028 5141 1078 5196 mi-

282 5212 391 5268 nimum
418 5206 470 5265 luit
490 5207 519 5264 in
533 5205 589 5264 hoc
605 5222 679 5266 anno
694 5217 883 5282 apportatum.
900 5213 950 5268 Est
961 5217 989 5268 et
1002 5210 1076 5268 aliud

281 5279 511 5348 incommodum,
540 5277 672 5336 videlicet
698 5293 784 5350 super
809 5283 970 5353 equitatus,
1004 5281 1077 5338 adeo

281 5366 381 5425 grave,
397 5349 472 5424 qarod
485 5349 550 5423 equi
564 5349 640 5406 nullo
651 5348 736 5405 modo
746 5358 866 5422 possunt
878 5353 993 5410 venales
1002 5353 1078 5410 inve·

281 5423 345 5478 uiri.
366 5423 501 5490 Quochca
527 5421 667 5477 universis
684 5422 891 5494 crucesignatis
911 5431 940 5480 et
957 5427 1078 5481 crucesi-

281 5491 405 5566 gnandis
423 5492 497 5549 bona
517 5490 573 5549 ilde
597 5491 783 5562 consulimus,
797 5493 872 5550 utde
891 5493 1033 5566 predictis
1046 5511 1077 5554 se

281 5560 413 5620 studeant
433 5563 612 5634 praemunire,
637 5561 672 5619 de
687 5562 962 5635 quibusinpartibus
974 5569 1078 5626 nostris

280 5632 388 5691 nullum
402 5633 547 5690 inveniant
558 5634 707 5691 consilium
725 5635 769 5692 vel
779 5635 926 5708 juvamen.
938 5639 1076 5696 Ceterum

1136 947 1247 1010 Monte
1260 947 1432 1026 presbyter
1444 948 1636 1019 cardinalis,
1650 951 1706 1026 qui
1720 952 1801 1013 tunc
1814 952 1848 1012 in
1862 969 1915 1028 par·

1135 1046 1223 1108 tibus
1246 1045 1414 1108 Hiberniae
1433 1046 1612 1123 legationis
1636 1047 1746 1110 cilicio
1768 1047 1914 1126 iungeba-

1135 1145 1200 1216 tur,
1210 1132 1405 1205 Tudmensis
1417 1144 1556 1222 capituli
1565 1146 1713 1208 versutia
1724 1146 1915 1208 circumven-

1135 1244 1199 1312 tus,
1216 1241 1442 1304 Maionensem
1457 1242 1636 1326 ecclesiam
1657 1245 1827 1321 umquam
1854 1246 1918 1306 sin·

1135 1337 1254 1417 plicam
1295 1339 1520 1418 parochialem
1570 1339 1774 1418 adjudicavit
1819 1345 1914 1404 contu

1135 1452 1265 1498 omnem
1282 1437 1447 1516 justitiam
1470 1438 1658 1500 Tuamensi.
1684 1441 1833 1519 dumque
1853 1457 1914 1517 pro-

1135 1550 1248 1597 cessus
1263 1534 1454 1614 husjusmodi
1474 1535 1591 1598 iuIsset
1619 1553 1679 1614 per
1706 1537 1913 1600 venerabilem

1136 1632 1271 1694 tratrem
1286 1637 1435 1695 nostrum
1459 1632 1703 1696 armachanum
1726 1635 1911 1712 episcopum,

1136 1732 1169 1792 et
1183 1729 1373 1808 conjudices
1389 1747 1467 1792 suos
1486 1747 1506 1792 a
1529 1732 1613 1792 Sede
1636 1733 1828 1809 Apostolica
1843 1735 1913 1796 dele-

1135 1829 1230 1904 gatos
1249 1828 1397 1904 legitime
1411 1829 1597 1902 revocatus,
1623 1830 1757 1892 tandem
1781 1831 1912 1892 canomci

1135 1927 1347 1989 Maionenses
1363 1927 1636 1989 archidiaconum
1651 1943 1748 1988 suum
1768 1923 1806 1988 in
1820 1931 1912 2006 pasto-

1135 2041 1205 2086 rem
1221 2024 1429 2087 concorditer
1438 2025 1618 2101 elegerunt.
1632 2015 1695 2097 Qui
1706 2041 1808 2103 quum
1821 2028 1914 2087 venis·

1137 2123 1187 2184 set
1222 2119 1264 2182 ad
1293 2122 1503 2199 praesentiam
1537 2121 1645 2184 sclicla
1689 2123 1912 2184 recordationis

1136 2220 1320 2282 Innocentii
1335 2236 1428 2297 papae
1450 2218 1689 2297 praedecesoris
1714 2221 1831 2292 nostri,
1851 2239 1913 2299 pro-

1136 2319 1308 2380 secuturus
1319 2321 1376 2397 jus
1388 2318 1560 2380 electionis
1572 2335 1642 2380 suae
1655 2319 1837 2392 dumtaxat,
1852 2335 1910 2380 cun

1134 2415 1435 2495 venerabili-tratre
1450 2418 1564 2478 nostro
1591 2417 1769 2478 Tuamensi
1798 2418 1911 2478 archie-

1136 2513 1270 2591 piscopo
1286 2513 1426 2591 reproba
1441 2515 1594 2591 pactione
1608 2514 1790 2588 colludens‚
1814 2531 1912 2592 passus

1135 2612 1186 2673 est
1195 2611 1422 2673 fraudulenter
1437 2613 1578 2690 sopitam
1593 2613 1796 2674 reviviscere
1817 2629 1910 2690 quas-

1134 2709 1269 2782 tionem,
1284 2709 1319 2770 in
1330 2725 1395 2789 qua
1410 2709 1495 2772 falso
1509 2710 1759 2787 procuratorem
1778 2726 1815 2771 se
1837 2725 1912 2772 asse-

1135 2823 1224 2879 rens,
1247 2807 1288 2869 de
1308 2808 1396 2870 statu
1415 2807 1515 2885 coepit
1536 2807 1686 2870 ecclesiae
1710 2808 1852 2884 litigare,
1873 2808 1910 2868 sic

1134 2906 1224 2967 totus
1258 2905 1419 2968 accedens
1445 2905 1486 2966 ad
1521 2904 1689 2968 desideria
1723 2905 1907 2974 Tuamensis‚

1135 3002 1221 3081 quod
1236 3006 1366 3082 partem
1387 3005 1459 3080 ejus
1487 3003 1528 3064 ad
1557 3002 1730 3066 victoriam
1753 3004 1911 3081 procurata

1136 3099 1345 3162 confessione
1359 3099 1526 3178 produxit,
1542 3100 1631 3164 ultro
1646 3101 1817 3164 consessus
1840 3117 1909 3178 pra·

1134 3198 1213 3260 dicti
1234 3198 1334 3274 legati
1356 3213 1560 3276 processum,
1572 3198 1614 3261 de
1628 3200 1838 3262 revocatione
1856 3213 1907 3258 non

1135 3295 1248 3358 habita
1268 3296 1445 3380 mentione.
1468 3297 1630 3358 Caeterum
1654 3297 1732 3374 quia
1756 3297 1906 3374 pernicio·

1134 3410 1207 3454 sum
1222 3394 1321 3454 nimis
1333 3394 1367 3455 et
1380 3383 1576 3456 detestabile
1586 3395 1757 3457 rideretur
1779 3393 1908 3469 exemplo

1133 3491 1193 3553 tali
1210 3493 1394 3554 commento
1418 3492 1539 3554 statum
1564 3491 1707 3569 alicujus
1726 3491 1906 3554 cathedralis

1134 3589 1283 3650 ecclesiae
1307 3587 1509 3652 interverti:
1534 3593 1730 3666 procurator
1754 3589 1907 3668 pradictus

1134 3687 1274 3748 multum
1297 3687 1491 3765 suppliciter
1514 3687 1644 3759 institit,
1671 3689 1802 3751 etcum
1824 3687 1904 3748 multa

1133 3781 1293 3844 instantia
1312 3782 1523 3861 supplicavit,
1546 3784 1581 3847 ut
1608 3799 1708 3861 super
1728 3785 1772 3844 iis
1795 3782 1904 3862 aperire

1134 3880 1335 3956 provisionis
1345 3881 1543 3958 Apostolicae
1559 3881 1692 3943 oculum
1703 3881 1904 3958 dignaremur.

1133 3979 1202 4039 Nos
1217 3979 1326 4040 autem
1348 3977 1426 4040 licet
1440 3993 1507 4039 non
1521 3979 1686 4040 immerito
1701 3983 1832 4056 propter
1842 3991 1907 4037 auc-

1133 4075 1299 4138 toritatem
1327 4075 1403 4138 latae
1426 4075 1600 4138 sententiae
1628 4075 1780 4138 diiticiles
1809 4074 1907 4136 tuisse-

1133 4187 1206 4232 mus
1221 4186 1240 4232 a
1253 4170 1416 4248 principio
1438 4170 1649 4248 supplicanti,
1665 4171 1776 4233 tamen
1796 4171 1907 4251 puisse

1133 4267 1252 4331 obtulit
1288 4267 1388 4330 claris
1426 4268 1676 4345 probationibus
1706 4269 1904 4334 ostensurum,

1133 4367 1218 4443 quod
1231 4365 1435 4428 Maionensis
1444 4365 1586 4428 ecclesia
1597 4367 1797 4428 cathedralis
1807 4366 1906 4428 estite-

1132 4464 1184 4524 rat
1205 4463 1246 4526 ab
1272 4464 1419 4540 antiqrm,
1452 4463 1545 4525 etin
1574 4480 1676 4525 causa
1704 4465 1778 4542 ipsa
1801 4463 1906 4539 legatus

1133 4559 1907 4639 iueratcircumventus,ejusqueprocessuspost·

1132 4654 1264 4717 modum
1279 4656 1464 4726 revocatus,
1479 4655 1631 4734 quodque
1646 4655 1754 4718 dictus
1765 4654 1904 4717 archidh·

1132 4768 1238 4814 conus
1277 4751 1382 4814 falsus
1416 4753 1525 4815 extitit
1552 4757 1761 4831 procurator,
1789 4757 1821 4815 et
1850 4764 1906 4813 cum

1132 4931 1229 4989 sciatis
1243 4929 1317 5004 quod
1332 4930 1803 5006 anteadventumregisllungarie
1812 4927 1906 4988 etducis

1131 5003 1252 5061 Austris
1264 5004 1407 5074 provisum
1419 5000 1495 5059 iuita
1507 5001 1623 5060 domino
1639 5003 1800 5076 patriarcha
1812 5009 1906 5077 strage,

1131 5081 1159 5131 et
1172 5073 1342 5156 peregrinis,
1358 5080 1386 5130 et
1401 5073 1534 5154 iratribus
1550 5075 1715 5158 Hospitalis,
1741 5081 1769 5132 et
1786 5073 1859 5131 vohis
1870 5082 1905 5140 qu

1131 5143 1904 5290 aviltransissenttauniacensis

1131 5301 1199 5344 vero
1212 5285 1410 5360 praedictorum
1424 5294 1603 5369 magnatum,
1618 5289 1646 5344 ic
1658 5287 1713 5346 hoc
1723 5301 1818 5346 omncs
1827 5294 1904 5365 maur·

1132 5359 1367 5416 mitcrassensum
1378 5357 1561 5431 prebuimus,
1575 5357 1651 5431 quod
1666 5360 1695 5415 in
1710 5355 1853 5416 manuiom
1864 5363 1902 5422 per

1132 5443 1211 5486 mare
1225 5429 1254 5484 in
1269 5436 1373 5485 terram
1387 5427 1540 5500 Babylonis
1562 5429 1801 5512 proficisceremur
1816 5421 1898 5503 abab·

1131 5499 1280 5558 uidendum
1308 5501 1482 5567 llamiatam,
1498 5506 1528 5557 ut
1549 5515 1592 5557 src
1609 5501 1724 5558 caritius
1741 5506 1767 5556 et
1784 5502 1899 5570 pmvrsrtn

1132 5587 1231 5628 versus
1245 5572 1362 5628 Terram
1382 5573 1515 5629 Sanctam
1532 5571 1690 5632 ierusalem
1705 5578 1768 5629 tunc
1778 5575 1894 5642 praparb·

1132 5656 1239 5699 remus.
