3936 6318
55 389 96 452 ao
300 380 387 441 xvi.
402 407 443 424 -
464 375 509 440 ur
532 377 661 440 rnsro
686 377 942 439 saporosum
962 374 1141 442 suenrus
1162 378 1214 440 er
1235 381 1373 447 raom.
1608 380 1667 446 190

54 548 152 616 rmum,
166 541 240 620 quia
254 539 294 602 de
305 554 371 602 uno
386 538 486 602 Patre
500 540 568 600 Deo
581 538 614 600 et
626 553 692 599 una
705 537 811 600 matre
864 535 1012 614 virgines
1027 535 1130 601 sortes
1141 541 1277 620 propter
1291 557 1425 604 carnem
1439 541 1665 624 incorruptam

54 643 165 708 Ecclesia
173 637 349 701 secundum
358 637 500 714 matiam
511 637 581 700 nati
593 638 681 699 sunt.
689 637 812 714 AEqua-
866 653 940 714 quae
955 637 1050 698 fortis
1073 639 1123 700 θεῖ
1141 639 1183 699 ad
1202 639 1422 702 resistendum
1437 642 1538 704 vitiis.
1558 643 1663 716 Unde,

53 743 137 810 litatis,
149 737 218 816 quia
231 737 376 814 aequales
390 735 571 798 creduntur
582 751 656 796 esse
669 735 808 806 meritis,
866 736 944 812 quia
963 735 1052 798 istud
1071 751 1148 797 raro
1172 737 1302 808 accidit,
1320 741 1481 816 quaeritur
1495 741 1564 802 sic:
1580 745 1664 804 Mu-

56 841 117 902 sicut
126 836 153 898 in
165 835 326 913 passione.
336 837 383 895 De
392 833 602 895 fraternitate
612 832 811 911 aequahtatis
866 837 987 896 lienem
1003 836 1131 909 sortem
1148 840 1225 910 quis
1243 839 1419 901 incentat?
1431 837 1544 918 (Pror.
1567 857 1663 914 xxxi,

55 939 144 998 licitur
162 935 193 994 in
216 931 406 994 Proverbiis
421 953 429 992 :
443 934 507 998 Qut
521 934 631 994 mollis
649 931 683 992 et
702 933 813 991 diseo-
868 929 931 1011 10).
961 932 1083 993 Mulier
1108 933 1276 1009 significat
1302 950 1447 998 carnem.
1476 937 1556 1000 Vult
1584 954 1664 1016 ergo

55 1037 120 1097 trulla
131 1031 217 1094 estin
229 1045 420 1106 opere-suu,
432 1032 547 1104 trater
560 1030 613 1091 est
625 1043 691 1090 sua
706 1041 812 1104 opera
868 1030 1002 1091 dicere:
1025 1031 1104 1101 Quis
1128 1031 1276 1095 inveniet
1294 1048 1427 1096 carnem
1449 1034 1578 1109 fortem,
1593 1050 1668 1114 quae

54 1131 214 1206 dnstpantts
234 1128 346 1208 (Pror.
362 1143 459 1201 xv111,
478 1127 524 1206 9),
547 1126 634 1188 idest
657 1125 808 1204 aequalis.
867 1127 994 1190 tantam
1009 1129 1093 1190 solet
1105 1129 1228 1192 habere
1243 1130 1477 1207 fragilitateml

54 1227 218 1298 dilectionis,
233 1226 312 1303 quia
326 1227 361 1285 in
376 1225 445 1286 vita
468 1241 528 1286 sua
555 1224 745 1286 dilexerunt
764 1239 810 1295 se,
909 1227 1245 1305 quatuorquacrigae,
1258 1230 1596 1306 quatuorEvangella,
1612 1231 1668 1293 rel

53 1331 77 1388 et
90 1328 117 1386 in
136 1327 233 1386 morte
259 1339 325 1385 non
355 1324 432 1384 sunt
461 1322 619 1400 separati,
641 1323 719 1400 quia
746 1337 812 1382 uno
869 1322 1012 1400 quatuor
1021 1323 1127 1384 status
1138 1323 1295 1386 Ecclesiae
1312 1325 1399 1398 sunt,
1413 1324 1669 1404 scilicetltpos-

53 1423 186 1501 martyrio,
201 1421 410 1500 martyrizati
420 1422 507 1493 sunt,
524 1424 557 1483 et
568 1421 603 1482 in
619 1436 685 1482 uno
701 1419 816 1496 sepul·
869 1419 1022 1492 tolorum‚
1047 1419 1244 1498 Martyrum,
1268 1422 1512 1495 consessorum,
1537 1423 1570 1485 et
1590 1424 1670 1486 Vir-

53 1523 111 1582 chm
131 1521 251 1598 sepulti.
283 1519 377 1581 Unde
405 1519 495 1580 canit
515 1518 665 1580 Ecclesia
680 1534 688 1578 :
702 1521 815 1580 «Haec
869 1518 996 1593 ginum.
1012 1520 1083 1580 Duo
1107 1521 1236 1580 montes
1252 1520 1292 1582 de
1317 1520 1436 1598 quibus
1449 1522 1670 1597 egrediuntur

52 1621 167 1681 estuera
179 1617 386 1692 fratemtitas
401 1631 478 1690 quae
496 1631 686 1692 numquam
702 1615 816 1690 potunt
870 1616 943 1678 istae
956 1619 1099 1693 quatuor
1112 1617 1366 1694 quadrigaesunt
1376 1619 1534 1680 divinitas
1546 1617 1670 1681 Christi

52 1720 147 1778 uiolari
159 1715 357 1786 certamine,
376 1707 458 1789 quic
479 1729 570 1777 unus
590 1714 657 1790 [tut
671 1713 816 1788 spiritus
871 1714 903 1775 et
917 1713 1118 1777 humanitas.
1131 1717 1178 1776 De
1188 1715 1307 1793 quihus
1318 1717 1487 1778 montibus
1502 1715 1670 1778 diciturin

52 1817 78 1874 in
89 1816 129 1874 eis
141 1813 170 1874 et
182 1827 253 1873 una
266 1812 351 1884 fides
362 1827 392 1871 a.
871 1815 970 1874 Amos
983 1833 991 1871 ε
1002 1816 1045 1873 In
1060 1813 1118 1874 itta
1133 1815 1190 1875 dte
1208 1815 1383 1876 niunburrt
1397 1815 1532 1876 montes
1555 1818 1670 1877 deuce-

79 1911 112 1971 lli
129 1911 196 1972 sunt
215 1908 294 1987 equi
313 1907 377 1968 rud
412 1908 453 1970 de
473 1907 594 1986 quibus
616 1905 758 1984 legimus
781 1905 817 1967 in
872 1911 986 1971 dinem
1017 1907 1191 1988 (Amosu,
1207 1911 1476 1992 13).1stimontes
1491 1913 1669 1974 suntaerei.

50 2008 197 2070 Zacharia:
213 2008 430 2068 «Conversus
445 2022 518 2067 sum
529 2007 563 2068 et
576 2005 686 2067 levavi
703 2003 817 2066 oculos
872 2009 911 2069 nt
927 2007 1010 2068 duas
1032 2007 1132 2069 habet
1153 2009 1374 2087 proprietates
1395 2025 1440 2070 aes
1458 2032 1465 2070 :
1482 2012 1532 2071 est
1551 2010 1670 2071 durum

51 2105 251 2181 neos,etvidi;
264 2106 297 2167 et
304 2119 381 2166 ecce
391 2105 532 2182 quatuor
540 2101 710 2182 quadrigae
719 2117 818 2178 egre-
873 2104 905 2167 et
918 2120 1086 2168 sonorum.
1094 2107 1225 2169 Duritia
1235 2105 1390 2169 convenit
1399 2107 1612 2187 Deitati,quae
1622 2107 1673 2170 est

51 2202 150 2264 dentes
161 2203 319 2265 demedio
334 2202 474 2265 duorum
488 2202 661 2274 montium,
675 2203 708 2263 et
723 2216 821 2262 mou·
873 2202 1067 2265 iudeficiens
1080 2202 1113 2266 et
1124 2203 1398 2282 incorruptibilis.
1415 2203 1586 2266 sonoritas
1595 2220 1672 2266 con·

52 2301 97 2370 les,
113 2301 229 2362 montes
252 2300 345 2362 aerei.
376 2302 412 2360 ln
436 2297 597 2377 quadriga
619 2298 727 2376 prima
742 2297 818 2374 equi
873 2299 964 2362 venit
983 2301 1192 2363 humanitati.
1220 2304 1257 2363 In
1278 2318 1409 2363 omnem
1433 2301 1520 2362 enim
1544 2303 1670 2366 terram

52 2397 107 2468 ruli,
121 2399 150 2460 in
164 2399 325 2476 quadriga
337 2397 481 2460 secunda
492 2398 568 2475 equi
578 2397 677 2473 nigri,
689 2397 725 2458 in
736 2411 821 2473 qua·
874 2400 1029 2460 convenit
1042 2415 1144 2462 sonus
1159 2402 1231 2476 ejus
1246 2400 1279 2459 et
1291 2414 1436 2460 suorum.
1459 2399 1502 2459 lli
1517 2400 1595 2461 suut
1614 2399 1671 2476 qui

50 2495 122 2570 drlga
138 2497 229 2558 tertia
250 2498 330 2574 equi
351 2495 429 2568 albi,
458 2495 494 2557 in
516 2495 677 2573 quadriga
701 2493 820 2572 quarta
875 2497 1074 2573 acceperunt
1087 2497 1197 2558 locum
1215 2487 1331 2557 subtu's
1345 2495 1450 2558 altare
1465 2496 1536 2569 Dei,
1558 2511 1673 2557 secun-

49 2595 423 2672 equinarii(Zach.r1,l
449 2594 482 2655 et
506 2591 603 2671 seq).
630 2595 695 2654 Per
718 2606 820 2669 equos
875 2593 952 2654 dum
981 2594 1067 2672 quod
1093 2592 1216 2672 legitur
1239 2593 1275 2654 in
1303 2593 1535 2672 Apocalypsi:
1560 2593 1672 2656 <Cum

51 2689 144 2752 rubros
156 2691 555 2768 significanturltpostoli,
567 2690 666 2768 quiin
675 2689 820 2752 Jeremia
875 2710 894 2753 c
916 2691 1125 2770 aperuissent
1137 2691 1287 2770 quintum
1299 2689 1457 2768 sigillum,
1473 2691 1543 2752 vidi
1557 2690 1672 2752 subtus

52 2786 178 2851 dicuutur
195 2790 454 2852 rubicundiores
466 2789 568 2851 ebore
586 2787 733 2865 antiquo.
751 2787 821 2848 Nec
875 2808 894 2851 ε
915 2790 1022 2852 altare
1036 2790 1164 2852 animas
1179 2789 1428 2852 interfectorum
1443 2791 1578 2866 propter
1590 2804 1673 2850 ver-

51 2885 144 2947 nirum
158 2889 185 2948 si
199 2889 281 2949 sunt
292 2887 480 2959 rubicundi,
499 2887 577 2964 quia
592 2901 692 2963 super
706 2901 821 2947 omnes
876 2906 894 2950 a
914 2888 993 2949 hum
1021 2888 1092 2961 Dei,
1121 2887 1153 2949 et
1182 2887 1317 2965 propter
1333 2886 1560 2949 testimonium
1586 2885 1672 2964 quod

51 2983 115 3044 alios
129 2987 218 3048 erant
230 2987 313 3063 igne
333 2985 507 3047 charitatis
532 2984 677 3046 accensi.
697 2985 744 3046 De
757 2999 821 3060 quo
876 3004 895 3047 c
916 2986 1092 3048 habehant.
1120 2988 1160 3047 Et
1173 2985 1360 3046 clamabant
1377 3000 1459 3046 uoce
1474 2999 1594 3060 magua
1616 2984 1672 3045 di-

52 3078 819 3160 ignedicitur:Ipnemoentmttteretnterram,
876 3087 1027 3147 «centes
1045 3107 1052 3145 :
1070 3085 1258 3161 Usquequo,
1286 3083 1435 3154 Domine,
1468 3083 1601 3144 sanctus
1641 3081 1674 3144 et

50 3179 233 3252 etqutdcclo
257 3185 330 3242 ntst
349 3181 389 3242 ut
407 3178 738 3260 ardeatl(huro.x11‚
755 3175 821 3257 49).
876 3197 1017 3245 «verus
1034 3198 1100 3243 non
1117 3181 1270 3242 vindicas
1289 3181 1485 3256 sanguinem
1505 3180 1677 3256 nostrum?

51 3276 724 3355 Perequosalhossignificanturmurtpres.
736 3279 822 3339 Nam
877 3299 896 3342 ‹
917 3282 957 3343 Et
977 3280 1062 3358 datae
1082 3281 1159 3342 sunt
1173 3273 1241 3340 illis
1265 3278 1406 3354 singulae
1422 3277 1516 3339 stolae
1531 3275 1627 3352 albae,
1644 3276 1677 3354 ot

50 3371 279 3455 inmartyribus
297 3377 440 3439 dicitur:
457 3378 522 3438 Isti
539 3377 621 3438 sunt
642 3379 700 3451 qui
714 3389 822 3437 cene·
876 3396 895 3439 ‹
918 3379 1041 3440 dictum
1069 3379 1119 3440 est
1155 3377 1223 3438 illis
1254 3377 1290 3439 ut
1310 3375 1521 3453 quiescerent
1546 3375 1676 3452 tempus

51 3474 113 3532 ruat
125 3489 167 3536 ec·
189 3491 325 3554 maana
347 3475 576 3547 tribulatione,
600 3475 635 3536 et
661 3475 822 3536 taverunt
877 3494 896 3537 ‹
917 3477 1026 3554 adhuc
1036 3475 1212 3547 modicum,
1221 3474 1324 3535 donec
1332 3473 1510 3551 impleatur
1518 3486 1677 3550 uumerus

50 3569 129 3632 etuas
138 3572 824 3654 suas,etgaeucavemmeascnscaptiam
877 3575 1108 3637 «sanctorum
1128 3588 1243 3634 eorum
1267 3571 1323 3650 qui
1351 3569 1574 3633 interficiendi
1598 3569 1675 3631 sunt

51 3669 119 3742 Aqui
138 3668 250 3749 (Apoc.
274 3685 339 3744 vu,
362 3669 427 3749 14).
453 3671 537 3743 Quia
559 3685 638 3746 ergo
660 3668 823 3746 martyres
878 3689 897 3732 e
919 3671 1005 3732 sicut
1028 3667 1247 3748 etilli(Apoc.
1262 3685 1308 3740 rr,
1324 3670 1344 3728 9
1358 3666 1527 3746 etseq.).>›

51 3761 168 3830 dealbati
183 3771 315 3832 suntin
338 3767 500 3844 sanguine
517 3767 650 3840 Christi,
671 3767 755 3828 hene
774 3765 824 3826 si·
919 3770 962 3831 Hi
975 3768 1052 3830 suut
1061 3768 1118 3844 qui
1131 3766 1299 3842 accipiunt
1309 3765 1417 3826 locum
1428 3763 1542 3824 subtus
1558 3763 1675 3835 altare,

52 3863 224 3934 qnidcantur
245 3883 311 3946 per
331 3881 433 3944 equos
451 3865 554 3926 albos.
578 3867 618 3927 m
639 3865 717 3927 uota
738 3863 824 3942 quod
879 3869 912 3930 θῖ
935 3866 1079 3928 clamant
1100 3880 1159 3941 pro
1178 3861 1325 3924 vindicta
1345 3877 1418 3939 quae
1443 3859 1499 3923 flet
1515 3861 1550 3921 in
1565 3859 1676 3920 tuturo

50 3957 187 4027 dealbatio
211 3965 402 4042 martyrum
425 3964 461 4025 in
483 3962 646 4040 sanguine
667 3963 754 4038 Agni
775 3963 826 4024 est
875 3965 1014 4045 judicio.
1029 3963 1100 4025 Hoc
1114 3962 1187 4023 est:
1203 3961 1359 4022 ardenter
1368 3957 1679 4037 appetuntiuturum

52 4061 186 4123 munditia
209 4065 285 4125 sive
306 4063 437 4124 novitas
454 4063 543 4134 une,
564 4075 638 4140 quae
657 4059 826 4122 confertur
876 4063 1050 4142 judicium,
1080 4059 1116 4122 in
1145 4073 1209 4138 quo
1241 4057 1409 4120 habebunt
1442 4057 1544 4118 stolas
1570 4055 1677 4124 albas,

51 4161 232 4232 expassione
242 4159 382 4223 Christi.
880 4161 966 4222 idest
976 4173 1115 4236 corpora
1128 4156 1285 4233 gloriosa.
1313 4153 1407 4218 Unde
1422 4154 1593 4232 sequitur:
1608 4156 1680 4214 Da-

80 4255 133 4316 Per
143 4273 244 4337 equos
252 4259 371 4334 nigros
382 4255 613 4334 significantur
620 4256 826 4318 confessores
882 4258 1012 4320 tasunt
1026 4256 1295 4318 illusstotoeatboe.
1310 4254 1350 4314 Et
1363 4253 1441 4316 nota
1459 4249 1545 4329 quod
1560 4251 1676 4322 altare,

52 4351 92 4424 lui
118 4359 195 4418 aestu
223 4355 432 4435 poenitentiae
463 4355 612 4416 nahvum
645 4353 829 4414 amiserunt
882 4356 961 4434 quia
973 4352 1115 4415 solidum
1128 4353 1180 4414 est
1192 4350 1440 4429 etquadratum,
1456 4349 1677 4410 stabilitatem

51 4447 179 4514 colorem.
206 4455 309 4517 Unde
332 4453 413 4516 dicit
432 4452 597 4531 poenitens
616 4452 652 4514 in
676 4451 825 4514 cantico:
883 4451 1049 4530 significat
1072 4451 1151 4512 vitae
1170 4449 1302 4521 iuturae,
1321 4450 1416 4525 cujus
1439 4445 1517 4508 ritae
1538 4444 1680 4521 gloriam

50 4547 241 4615 lucornara
265 4567 325 4613 nce
343 4557 403 4614 rot.
430 4552 470 4613 Et
495 4551 530 4612 in
554 4549 694 4612 eodem:
715 4553 828 4626 thra
883 4549 990 4613 sancti
1010 4564 1076 4610 non
1099 4545 1268 4609 habebunt
1291 4545 1490 4622 adplenum
1514 4541 1680 4620 usquead

51 4655 116 4718 nna,
123 4653 179 4711 sed
189 4653 363 4725 somnosa.
374 4651 440 4710 Per
449 4665 551 4726 equos
561 4647 674 4711 varios
684 4650 717 4710 et
726 4647 828 4710 fortes
884 4649 970 4711 diem
979 4647 1110 4726 judicii.
1134 4645 1227 4708 Unde
1247 4643 1367 4705 animae
1383 4642 1572 4703 sanctorum
1588 4638 1681 4699 desi-

53 4742 258 4815 sumentur
287 4747 440 4825 virgines
461 4745 636 4825 inquibus
663 4745 828 4824 multipli·
884 4747 1002 4809 derant
1021 4745 1168 4806 futurum
1187 4741 1362 4820 judicium.
1381 4740 1421 4800 Et
1442 4736 1529 4800 istud
1549 4734 1683 4797 deside-

53 4838 113 4904 uus
125 4846 156 4908 et
166 4847 320 4908 varietas
333 4844 562 4908 estuirtutum.
578 4845 671 4906 Unde
686 4843 729 4905 de
742 4859 828 4920 qua·
884 4846 972 4907 rium
986 4843 1037 4904 est
1051 4841 1176 4903 clamor
1191 4853 1316 4900 eorum.
1334 4835 1473 4913 Propter
1485 4835 1548 4896 hoc
1560 4833 1686 4895 dicitur

53 4933 111 5002 libet
138 4945 271 5022 virgine
313 4942 502 5020 specialiter
520 4941 643 5004 dicitur
674 4963 682 5001 :
709 4939 831 5002 astitit
886 4943 971 5023 quod
985 4939 1062 5002 sunt
1077 4937 1194 5000 subtus
1205 4937 1322 4998 altare.
1339 4933 1493 4996 Nondum
1506 4933 1595 4994 enim
1618 4930 1683 4993 ha·

54 5035 155 5114 Redite
176 5059 199 5104 a
220 5041 366 5106 demitti
381 5041 495 5102 muln
509 5040 638 5102 uestitu
651 5039 829 5108 deaurato,
885 5043 964 5104 baut
979 5037 1192 5102 eminentiam
1206 5034 1327 5096 futurae
1340 5031 1467 5110 gloriae.
1486 5029 1579 5094 Unde
1589 5029 1687 5090 Psal-

54 5137 291 5203 amumamicta
315 5139 486 5201 uarietate
511 5134 581 5217 (Ρε.
608 5141 659 5210 ll,
683 5135 746 5216 10),
768 5135 831 5198 hoc
886 5157 960 5202 mus
983 5139 1065 5200 dicit
1087 5137 1122 5197 in
1146 5149 1289 5212 persona
1322 5130 1467 5192 hominis
1486 5127 1682 5191 morientis:

55 5233 97 5304 0³¹·
107 5236 259 5302 sinotum
277 5236 537 5314 multiplicitate·
553 5236 611 5297 Est
625 5235 711 5297 enim
727 5233 834 5311 virgi·
888 5238 1108 5308 Convertere,
1124 5235 1243 5295 antam
1256 5245 1345 5303 anea,
1360 5233 1398 5300 tn
1409 5230 1564 5302 requiem
1577 5227 1685 5296 trram,

56 5329 831 5414 nitasinintegritatecarnis,etinincorruptione
888 5340 969 5412 qum
991 5337 1159 5397 Doncinus
1183 5329 1338 5404 beneficit
1359 5329 1419 5389 tibi
1445 5324 1514 5404 (Ρε.
1541 5326 1611 5396 114,
1637 5321 1683 5402 7).

57 5433 158 5494 neum.
182 5434 322 5497 Dicitur
345 5433 454 5494 autem
480 5431 628 5492 inLibro
642 5430 830 5507 Sapientiae,
888 5435 984 5496 Nunc
1007 5433 1102 5504 bene,
1129 5429 1187 5490 sed
1211 5428 1246 5489 in
1270 5423 1512 5503 glorificatione
1539 5421 1688 5498 corporis

59 5529 121 5597 illul
137 5529 350 5609 incorruptio
370 5530 450 5591 facit
462 5529 651 5606 PPOXimllm
665 5543 738 5590 esse
753 5530 832 5600 Deo,
890 5533 1022 5612 optime.
1041 5530 1133 5592 Unde
1150 5529 1186 5590 iu
1206 5524 1332 5604 psalmo
1353 5520 1559 5597 :imponent
1583 5533 1690 5594 super

60 5625 248 5693 elumbene
262 5629 638 5705 diciturcirptnescsse
652 5627 832 5700 ademirus,
889 5631 1000 5693 attare
1036 5629 1135 5690 tuum
1169 5625 1303 5688 vitulos.
1333 5623 1425 5682 Tunc
1462 5617 1570 5690 vituli,
1602 5616 1689 5678 idest

61 5721 281 5794 liittruuntur
302 5725 488 5806 potioribus
505 5715 721 5788 bonis.'Sunt
735 5725 835 5789 etiarn
891 5727 998 5790 sancti
1027 5725 1083 5805 qui
1122 5722 1198 5785 sunt
1228 5718 1421 5784 holocausta
1456 5717 1491 5777 in
1524 5711 1689 5776 sacrificio
