<?xml version="1.0" encoding="UTF-8"?>
<!DOCTYPE html PUBLIC "-//W3C//DTD XHTML 1.0 Transitional//EN"
    "http://www.w3.org/TR/xhtml1/DTD/xhtml1-transitional.dtd">
<html xmlns="http://www.w3.org/1999/xhtml" xml:lang="en" lang="en">
 <head>
  <title>
</title>
<meta http-equiv="Content-Type" content="text/html;charset=utf-8" />
  <meta name='ocr-system' content='tesseract 3.04.00' />
  <meta name='ocr-capabilities' content='ocr_page ocr_carea ocr_par ocr_line ocrx_word'/>
</head>
<body>
  <div class='ocr_page' id='page_1' title='image "./mediiaevibiblio01unkngoog_0617.png"; bbox 0 0 4142 6312; ppageno 0'>
   <div class='ocr_carea' id='block_1_1' title="bbox 323 333 1982 402">
    <p class='ocr_par' dir='ltr' id='par_1_1' title="bbox 323 333 1982 402">
     <span class='ocr_line' id='line_1_1' title="bbox 323 333 1982 402; baseline -0.005 0"><span class='ocrx_word' id='word_1_1' title='bbox 323 342 384 402; x_wconf 75' lang='lat'>759</span> <span class='ocrx_word' id='word_1_2' title='bbox 936 335 1111 396; x_wconf 83' lang='lat' dir='ltr'>HONORII</span> <span class='ocrx_word' id='word_1_3' title='bbox 1134 333 1178 394; x_wconf 82' lang='lat' dir='ltr'>ni</span> <span class='ocrx_word' id='word_1_4' title='bbox 1200 335 1347 397; x_wconf 70' lang='lat' dir='ltr'>ordita.</span> <span class='ocrx_word' id='word_1_5' title='bbox 1930 335 1982 394; x_wconf 72' lang='lat' dir='ltr'>tol</span> 
     </span>
    </p>
   </div>
   <div class='ocr_carea' id='block_1_2' title="bbox 325 490 1986 869">
    <p class='ocr_par' dir='ltr' id='par_1_2' title="bbox 325 490 1986 869">
     <span class='ocr_line' id='line_1_2' title="bbox 325 490 1982 574; baseline -0.005 -14"><span class='ocrx_word' id='word_1_6' title='bbox 325 499 440 562; x_wconf 87' lang='lat' dir='ltr'>eadem</span> <span class='ocrx_word' id='word_1_7' title='bbox 465 497 606 561; x_wconf 87' lang='lat' dir='ltr'>ecclesia</span> <span class='ocrx_word' id='word_1_8' title='bbox 634 497 669 562; x_wconf 89' lang='lat' dir='ltr'>in</span> <span class='ocrx_word' id='word_1_9' title='bbox 697 493 950 574; x_wconf 74' lang='lat' dir='ltr'>presentiarum</span> <span class='ocrx_word' id='word_1_10' title='bbox 973 493 1064 571; x_wconf 82' lang='lat' dir='ltr'>juste</span> <span class='ocrx_word' id='word_1_11' title='bbox 1092 493 1125 555; x_wconf 91' lang='lat' dir='ltr'>et</span> <span class='ocrx_word' id='word_1_12' title='bbox 1178 491 1281 556; x_wconf 88' lang='lat' dir='ltr'>nicati</span> <span class='ocrx_word' id='word_1_13' title='bbox 1306 493 1359 556; x_wconf 89' lang='lat' dir='ltr'>vel</span> <span class='ocrx_word' id='word_1_14' title='bbox 1386 493 1555 558; x_wconf 81' lang='lat' dir='ltr'>interdicti</span> <span class='ocrx_word' id='word_1_15' title='bbox 1580 493 1658 568; x_wconf 83' lang='lat' dir='ltr'>sint,</span> <span class='ocrx_word' id='word_1_16' title='bbox 1683 492 1811 555; x_wconf 89' lang='lat' dir='ltr'>nullus</span> <span class='ocrx_word' id='word_1_17' title='bbox 1835 490 1982 562; x_wconf 86' lang='lat' dir='ltr'>obsistat,</span> 
     </span>
     <span class='ocr_line' id='line_1_3' title="bbox 325 587 1983 674; baseline -0.004 -16"><span class='ocrx_word' id='word_1_18' title='bbox 325 598 486 658; x_wconf 89' lang='lat' dir='ltr'>canonice</span> <span class='ocrx_word' id='word_1_19' title='bbox 520 595 681 674; x_wconf 84' lang='lat' dir='ltr'>possidet,</span> <span class='ocrx_word' id='word_1_20' title='bbox 707 595 765 654; x_wconf 89' lang='lat' dir='ltr'>aut</span> <span class='ocrx_word' id='word_1_21' title='bbox 800 593 836 654; x_wconf 92' lang='lat' dir='ltr'>in</span> <span class='ocrx_word' id='word_1_22' title='bbox 866 587 1012 653; x_wconf 88' lang='lat' dir='ltr'>futurum</span> <span class='ocrx_word' id='word_1_23' title='bbox 1040 607 1124 652; x_wconf 91' lang='lat' dir='ltr'>con·</span> <span class='ocrx_word' id='word_1_24' title='bbox 1179 589 1271 652; x_wconf 89' lang='lat' dir='ltr'>salva</span> <span class='ocrx_word' id='word_1_25' title='bbox 1295 591 1405 652; x_wconf 89' lang='lat' dir='ltr'>tamen</span> <span class='ocrx_word' id='word_1_26' title='bbox 1419 591 1551 668; x_wconf 88' lang='lat' dir='ltr'>justitia</span> <span class='ocrx_word' id='word_1_27' title='bbox 1564 591 1697 653; x_wconf 90' lang='lat' dir='ltr'>illarum</span> <span class='ocrx_word' id='word_1_28' title='bbox 1712 589 1983 662; x_wconf 87' lang='lat' dir='ltr'>eeclesiarum‚a</span> 
     </span>
     <span class='ocr_line' id='line_1_4' title="bbox 327 687 1983 768; baseline -0.005 -13"><span class='ocrx_word' id='word_1_29' title='bbox 327 695 476 756; x_wconf 84' lang='lat' dir='ltr'>cessione</span> <span class='ocrx_word' id='word_1_30' title='bbox 501 693 710 764; x_wconf 88' lang='lat' dir='ltr'>Pontificum,</span> <span class='ocrx_word' id='word_1_31' title='bbox 728 690 906 768; x_wconf 81' lang='lat' dir='ltr'>largitione</span> <span class='ocrx_word' id='word_1_32' title='bbox 930 705 1045 765; x_wconf 90' lang='lat' dir='ltr'>regum</span> <span class='ocrx_word' id='word_1_33' title='bbox 1069 687 1122 750; x_wconf 92' lang='lat' dir='ltr'>vel</span> <span class='ocrx_word' id='word_1_34' title='bbox 1179 687 1296 764; x_wconf 90' lang='lat' dir='ltr'>quibus</span> <span class='ocrx_word' id='word_1_35' title='bbox 1334 690 1537 750; x_wconf 87' lang='lat' dir='ltr'>mortuorum</span> <span class='ocrx_word' id='word_1_36' title='bbox 1578 705 1715 766; x_wconf 91' lang='lat' dir='ltr'>corpora</span> <span class='ocrx_word' id='word_1_37' title='bbox 1756 689 1983 748; x_wconf 88' lang='lat' dir='ltr'>assumuntur.</span> 
     </span>
     <span class='ocr_line' id='line_1_5' title="bbox 327 775 1986 869; baseline -0.004 -17"><span class='ocrx_word' id='word_1_38' title='bbox 327 793 530 869; x_wconf 77' lang='lat' dir='ltr'>principum,</span> <span class='ocrx_word' id='word_1_39' title='bbox 560 790 727 851; x_wconf 90' lang='lat' dir='ltr'>oblatione</span> <span class='ocrx_word' id='word_1_40' title='bbox 760 788 924 860; x_wconf 87' lang='lat' dir='ltr'>fidelium,</span> <span class='ocrx_word' id='word_1_41' title='bbox 960 803 1020 848; x_wconf 91' lang='lat' dir='ltr'>sen</span> <span class='ocrx_word' id='word_1_42' title='bbox 1049 785 1125 847; x_wconf 91' lang='lat' dir='ltr'>aliis</span> <span class='ocrx_word' id='word_1_43' title='bbox 1179 787 1258 845; x_wconf 88' lang='lat' dir='ltr'>Cum</span> <span class='ocrx_word' id='word_1_44' title='bbox 1272 787 1380 847; x_wconf 89' lang='lat' dir='ltr'>autem</span> <span class='ocrx_word' id='word_1_45' title='bbox 1396 775 1553 862; x_wconf 85' lang='lat' dir='ltr'>generale</span> <span class='ocrx_word' id='word_1_46' title='bbox 1568 787 1789 848; x_wconf 88' lang='lat' dir='ltr'>interdictum</span> <span class='ocrx_word' id='word_1_47' title='bbox 1806 790 1909 847; x_wconf 80' lang='lat' dir='ltr'>terrae</span> <span class='ocrx_word' id='word_1_48' title='bbox 1922 785 1986 846; x_wconf 92' lang='lat' dir='ltr'>fue-</span> 
     </span>
    </p>
   </div>
   <div class='ocr_carea' id='block_1_3' title="bbox 324 882 2047 1063">
    <p class='ocr_par' dir='ltr' id='par_1_3' title="bbox 324 882 2047 1063">
     <span class='ocr_line' id='line_1_6' title="bbox 324 882 2047 966; baseline -0.001 -16"><span class='ocrx_word' id='word_1_49' title='bbox 324 889 423 966; x_wconf 89' lang='lat' dir='ltr'>justis</span> <span class='ocrx_word' id='word_1_50' title='bbox 438 888 544 949; x_wconf 89' lang='lat' dir='ltr'>modis</span> <span class='ocrx_word' id='word_1_51' title='bbox 556 889 735 966; x_wconf 83' lang='lat' dir='ltr'>praestante</span> <span class='ocrx_word' id='word_1_52' title='bbox 759 886 898 948; x_wconf 91' lang='lat' dir='ltr'>Domino</span> <span class='ocrx_word' id='word_1_53' title='bbox 911 885 1031 962; x_wconf 88' lang='lat' dir='ltr'>poterit</span> <span class='ocrx_word' id='word_1_54' title='bbox 1052 883 1127 944; x_wconf 92' lang='lat' dir='ltr'>adi·</span> <span class='ocrx_word' id='word_1_55' title='bbox 1180 883 1233 954; x_wconf 87' lang='lat' dir='ltr'>rit,</span> <span class='ocrx_word' id='word_1_56' title='bbox 1250 882 1349 946; x_wconf 90' lang='lat' dir='ltr'>liceat</span> <span class='ocrx_word' id='word_1_57' title='bbox 1363 884 1457 945; x_wconf 91' lang='lat' dir='ltr'>vobis</span> <span class='ocrx_word' id='word_1_58' title='bbox 1473 884 1596 946; x_wconf 88' lang='lat' dir='ltr'>clausis</span> <span class='ocrx_word' id='word_1_59' title='bbox 1606 885 1733 962; x_wconf 88' lang='lat' dir='ltr'>januis,</span> <span class='ocrx_word' id='word_1_60' title='bbox 1754 899 1830 944; x_wconf 90' lang='lat' dir='ltr'>non</span> <span class='ocrx_word' id='word_1_61' title='bbox 1854 883 1985 959; x_wconf 87' lang='lat' dir='ltr'>pulsatis</span> <span class='ocrx_word' id='word_1_62' title='bbox 2046 893 2047 948; x_wconf 71' lang='lat' dir='ltr'>l</span> 
     </span>
     <span class='ocr_line' id='line_1_7' title="bbox 328 979 2047 1063; baseline -0.005 -16"><span class='ocrx_word' id='word_1_63' title='bbox 328 987 424 1063; x_wconf 85' lang='lat' dir='ltr'>pisci,</span> <span class='ocrx_word' id='word_1_64' title='bbox 439 985 533 1047; x_wconf 86' lang='lat' dir='ltr'>firma</span> <span class='ocrx_word' id='word_1_65' title='bbox 553 985 647 1047; x_wconf 89' lang='lat' dir='ltr'>vobis</span> <span class='ocrx_word' id='word_1_66' title='bbox 669 984 856 1062; x_wconf 89' lang='lat' dir='ltr'>vestrisque</span> <span class='ocrx_word' id='word_1_67' title='bbox 877 981 1126 1044; x_wconf 90' lang='lat' dir='ltr'>successoribus</span> <span class='ocrx_word' id='word_1_68' title='bbox 1178 979 1422 1054; x_wconf 70' lang='lat' dir='ltr'>tintinnabulis</span> <span class='ocrx_word' id='word_1_69' title='bbox 1439 980 1585 1042; x_wconf 84' lang='lat' dir='ltr'>exclusis</span> <span class='ocrx_word' id='word_1_70' title='bbox 1600 981 1794 1044; x_wconf 88' lang='lat' dir='ltr'>interdictis</span> <span class='ocrx_word' id='word_1_71' title='bbox 1811 982 1848 1042; x_wconf 91' lang='lat' dir='ltr'>et</span> <span class='ocrx_word' id='word_1_72' title='bbox 1860 997 1987 1040; x_wconf 82' lang='lat' dir='ltr'>excom·</span> <span class='ocrx_word' id='word_1_73' title='bbox 2046 993 2047 1060; x_wconf 59' lang='lat'>3</span> 
     </span>
    </p>
   </div>
   <div class='ocr_carea' id='block_1_4' title="bbox 328 1077 2047 1160">
    <p class='ocr_par' dir='ltr' id='par_1_4' title="bbox 328 1077 2047 1160">
     <span class='ocr_line' id='line_1_8' title="bbox 328 1077 2047 1160; baseline -0.003 -16"><span class='ocrx_word' id='word_1_74' title='bbox 328 1086 361 1145; x_wconf 89' lang='lat' dir='ltr'>ot</span> <span class='ocrx_word' id='word_1_75' title='bbox 377 1084 502 1145; x_wconf 89' lang='lat' dir='ltr'>illibata</span> <span class='ocrx_word' id='word_1_76' title='bbox 520 1083 746 1160; x_wconf 88' lang='lat' dir='ltr'>permaneant.</span> <span class='ocrx_word' id='word_1_77' title='bbox 764 1084 800 1142; x_wconf 93' lang='lat' dir='ltr'>In</span> <span class='ocrx_word' id='word_1_78' title='bbox 816 1079 934 1158; x_wconf 91' lang='lat' dir='ltr'>quihus</span> <span class='ocrx_word' id='word_1_79' title='bbox 949 1079 1021 1140; x_wconf 88' lang='lat' dir='ltr'>haec</span> <span class='ocrx_word' id='word_1_80' title='bbox 1045 1094 1125 1156; x_wconf 93' lang='lat' dir='ltr'>pro·</span> <span class='ocrx_word' id='word_1_81' title='bbox 1181 1078 1376 1151; x_wconf 89' lang='lat' dir='ltr'>municatis,</span> <span class='ocrx_word' id='word_1_82' title='bbox 1403 1095 1582 1156; x_wconf 88' lang='lat' dir='ltr'>suppressa</span> <span class='ocrx_word' id='word_1_83' title='bbox 1602 1095 1701 1152; x_wconf 88' lang='lat' dir='ltr'>voce,</span> <span class='ocrx_word' id='word_1_84' title='bbox 1732 1079 1862 1140; x_wconf 89' lang='lat' dir='ltr'>divina</span> <span class='ocrx_word' id='word_1_85' title='bbox 1887 1077 1988 1138; x_wconf 83' lang='lat' dir='ltr'>officia</span> <span class='ocrx_word' id='word_1_86' title='bbox 2046 1077 2047 1120; x_wconf 56' lang='lat' dir='ltr'>f</span> 
     </span>
    </p>
   </div>
   <div class='ocr_carea' id='block_1_5' title="bbox 328 1174 2047 1258">
    <p class='ocr_par' dir='ltr' id='par_1_5' title="bbox 328 1174 2047 1258">
     <span class='ocr_line' id='line_1_9' title="bbox 328 1174 2047 1258; baseline -0.003 -18"><span class='ocrx_word' id='word_1_87' title='bbox 328 1180 411 1258; x_wconf 88' lang='lat' dir='ltr'>priis</span> <span class='ocrx_word' id='word_1_88' title='bbox 420 1181 575 1240; x_wconf 83' lang='lat' dir='ltr'>duximus</span> <span class='ocrx_word' id='word_1_89' title='bbox 586 1179 800 1256; x_wconf 86' lang='lat' dir='ltr'>exprimenda</span> <span class='ocrx_word' id='word_1_90' title='bbox 809 1176 991 1239; x_wconf 90' lang='lat' dir='ltr'>vocabulis.</span> <span class='ocrx_word' id='word_1_91' title='bbox 1005 1178 1127 1237; x_wconf 89' lang='lat' dir='ltr'>Locum</span> <span class='ocrx_word' id='word_1_92' title='bbox 1180 1174 1360 1238; x_wconf 86' lang='lat' dir='ltr'>celebrare.</span> <span class='ocrx_word' id='word_1_93' title='bbox 1388 1175 1536 1239; x_wconf 89' lang='lat' dir='ltr'>obeunte</span> <span class='ocrx_word' id='word_1_94' title='bbox 1556 1193 1636 1238; x_wconf 87' lang='lat' dir='ltr'>vero</span> <span class='ocrx_word' id='word_1_95' title='bbox 1661 1177 1695 1239; x_wconf 88' lang='lat' dir='ltr'>te</span> <span class='ocrx_word' id='word_1_96' title='bbox 1724 1177 1817 1239; x_wconf 91' lang='lat' dir='ltr'>tunc</span> <span class='ocrx_word' id='word_1_97' title='bbox 1846 1175 1987 1252; x_wconf 87' lang='lat' dir='ltr'>ejusdem</span> <span class='ocrx_word' id='word_1_98' title='bbox 2046 1183 2047 1192; x_wconf 58' lang='lat'>¹</span> 
     </span>
    </p>
   </div>
   <div class='ocr_carea' id='block_1_6' title="bbox 329 1273 1989 2232">
    <p class='ocr_par' dir='ltr' id='par_1_6' title="bbox 329 1273 1989 2232">
     <span class='ocr_line' id='line_1_10' title="bbox 329 1273 1988 1355; baseline -0.004 -18"><span class='ocrx_word' id='word_1_99' title='bbox 329 1277 437 1354; x_wconf 92' lang='lat' dir='ltr'>ipsum</span> <span class='ocrx_word' id='word_1_100' title='bbox 463 1278 577 1354; x_wconf 90' lang='lat' dir='ltr'>inquo</span> <span class='ocrx_word' id='word_1_101' title='bbox 604 1277 741 1355; x_wconf 86' lang='lat' dir='ltr'>praefata</span> <span class='ocrx_word' id='word_1_102' title='bbox 769 1275 909 1338; x_wconf 88' lang='lat' dir='ltr'>ecclesia</span> <span class='ocrx_word' id='word_1_103' title='bbox 939 1275 1127 1336; x_wconf 89' lang='lat' dir='ltr'>constructa</span> <span class='ocrx_word' id='word_1_104' title='bbox 1181 1273 1246 1334; x_wconf 88' lang='lat' dir='ltr'>loci</span> <span class='ocrx_word' id='word_1_105' title='bbox 1269 1273 1386 1335; x_wconf 86' lang='lat' dir='ltr'>abbate</span> <span class='ocrx_word' id='word_1_106' title='bbox 1405 1275 1458 1336; x_wconf 90' lang='lat' dir='ltr'>vel</span> <span class='ocrx_word' id='word_1_107' title='bbox 1485 1276 1615 1337; x_wconf 87' lang='lat' dir='ltr'>tuorum</span> <span class='ocrx_word' id='word_1_108' title='bbox 1639 1275 1795 1353; x_wconf 90' lang='lat' dir='ltr'>quolibet</span> <span class='ocrx_word' id='word_1_109' title='bbox 1818 1287 1988 1333; x_wconf 87' lang='lat' dir='ltr'>successo-</span> 
     </span>
     <span class='ocr_line' id='line_1_11' title="bbox 330 1370 1988 1452; baseline -0.004 -16"><span class='ocrx_word' id='word_1_110' title='bbox 330 1379 380 1436; x_wconf 89' lang='lat' dir='ltr'>est</span> <span class='ocrx_word' id='word_1_111' title='bbox 401 1391 474 1435; x_wconf 89' lang='lat' dir='ltr'>cum</span> <span class='ocrx_word' id='word_1_112' title='bbox 499 1373 652 1435; x_wconf 90' lang='lat' dir='ltr'>omnihus</span> <span class='ocrx_word' id='word_1_113' title='bbox 678 1373 889 1451; x_wconf 88' lang='lat' dir='ltr'>pertinentiis</span> <span class='ocrx_word' id='word_1_114' title='bbox 910 1373 991 1433; x_wconf 89' lang='lat' dir='ltr'>suis.</span> <span class='ocrx_word' id='word_1_115' title='bbox 1013 1371 1129 1432; x_wconf 87' lang='lat' dir='ltr'>Eccle-</span> <span class='ocrx_word' id='word_1_116' title='bbox 1182 1387 1265 1444; x_wconf 87' lang='lat' dir='ltr'>rum,</span> <span class='ocrx_word' id='word_1_117' title='bbox 1279 1371 1394 1432; x_wconf 87' lang='lat' dir='ltr'>nullus</span> <span class='ocrx_word' id='word_1_118' title='bbox 1404 1371 1449 1434; x_wconf 90' lang='lat' dir='ltr'>ibi</span> <span class='ocrx_word' id='word_1_119' title='bbox 1463 1372 1611 1452; x_wconf 90' lang='lat' dir='ltr'>qualibet</span> <span class='ocrx_word' id='word_1_120' title='bbox 1620 1370 1858 1450; x_wconf 89' lang='lat' dir='ltr'>subreptionis</span> <span class='ocrx_word' id='word_1_121' title='bbox 1874 1370 1988 1431; x_wconf 88' lang='lat' dir='ltr'>astutia</span> 
     </span>
     <span class='ocr_line' id='line_1_12' title="bbox 331 1467 1989 1550; baseline -0.004 -18"><span class='ocrx_word' id='word_1_122' title='bbox 331 1473 414 1533; x_wconf 89' lang='lat' dir='ltr'>siam</span> <span class='ocrx_word' id='word_1_123' title='bbox 428 1471 467 1532; x_wconf 90' lang='lat' dir='ltr'>de</span> <span class='ocrx_word' id='word_1_124' title='bbox 477 1471 639 1550; x_wconf 81' lang='lat' dir='ltr'>&#39;rioeraeby</span> <span class='ocrx_word' id='word_1_125' title='bbox 651 1488 725 1532; x_wconf 92' lang='lat' dir='ltr'>cum</span> <span class='ocrx_word' id='word_1_126' title='bbox 738 1471 886 1532; x_wconf 88' lang='lat' dir='ltr'>decimis.</span> <span class='ocrx_word' id='word_1_127' title='bbox 897 1469 1042 1531; x_wconf 87' lang='lat' dir='ltr'>Tertiam</span> <span class='ocrx_word' id='word_1_128' title='bbox 1056 1483 1129 1546; x_wconf 88' lang='lat' dir='ltr'>par·</span> <span class='ocrx_word' id='word_1_129' title='bbox 1182 1485 1241 1530; x_wconf 88' lang='lat' dir='ltr'>seu</span> <span class='ocrx_word' id='word_1_130' title='bbox 1252 1468 1411 1532; x_wconf 88' lang='lat' dir='ltr'>violentia</span> <span class='ocrx_word' id='word_1_131' title='bbox 1428 1471 1650 1549; x_wconf 89' lang='lat' dir='ltr'>praeponatur,</span> <span class='ocrx_word' id='word_1_132' title='bbox 1667 1471 1732 1531; x_wconf 90' lang='lat' dir='ltr'>nisi</span> <span class='ocrx_word' id='word_1_133' title='bbox 1750 1485 1861 1548; x_wconf 88' lang='lat' dir='ltr'>quern</span> <span class='ocrx_word' id='word_1_134' title='bbox 1877 1467 1989 1528; x_wconf 85' lang='lat' dir='ltr'>fratres</span> 
     </span>
     <span class='ocr_line' id='line_1_13' title="bbox 331 1565 1987 1644; baseline -0.003 -14"><span class='ocrx_word' id='word_1_135' title='bbox 331 1570 398 1630; x_wconf 88' lang='lat' dir='ltr'>tem</span> <span class='ocrx_word' id='word_1_136' title='bbox 423 1569 624 1630; x_wconf 90' lang='lat' dir='ltr'>decimarum</span> <span class='ocrx_word' id='word_1_137' title='bbox 644 1570 678 1630; x_wconf 93' lang='lat' dir='ltr'>in</span> <span class='ocrx_word' id='word_1_138' title='bbox 696 1569 839 1631; x_wconf 87' lang='lat' dir='ltr'>eeclesia</span> <span class='ocrx_word' id='word_1_139' title='bbox 858 1568 898 1628; x_wconf 88' lang='lat' dir='ltr'>de</span> <span class='ocrx_word' id='word_1_140' title='bbox 913 1569 1126 1643; x_wconf 81' lang='lat' dir='ltr'>Alexantrop.</span> <span class='ocrx_word' id='word_1_141' title='bbox 1182 1569 1348 1629; x_wconf 91' lang='lat' dir='ltr'>communi</span> <span class='ocrx_word' id='word_1_142' title='bbox 1359 1585 1523 1630; x_wconf 88' lang='lat' dir='ltr'>consensu</span> <span class='ocrx_word' id='word_1_143' title='bbox 1536 1569 1589 1630; x_wconf 90' lang='lat' dir='ltr'>vel</span> <span class='ocrx_word' id='word_1_144' title='bbox 1603 1569 1744 1630; x_wconf 88' lang='lat' dir='ltr'>fratrum</span> <span class='ocrx_word' id='word_1_145' title='bbox 1756 1583 1847 1644; x_wconf 90' lang='lat' dir='ltr'>pars</span> <span class='ocrx_word' id='word_1_146' title='bbox 1859 1565 1987 1628; x_wconf 88' lang='lat' dir='ltr'>consilii</span> 
     </span>
     <span class='ocr_line' id='line_1_14' title="bbox 331 1661 1988 1744; baseline -0.004 -17"><span class='ocrx_word' id='word_1_147' title='bbox 331 1667 475 1728; x_wconf 85' lang='lat' dir='ltr'>Tertiam</span> <span class='ocrx_word' id='word_1_148' title='bbox 488 1668 614 1744; x_wconf 90' lang='lat' dir='ltr'>partem</span> <span class='ocrx_word' id='word_1_149' title='bbox 625 1666 828 1728; x_wconf 89' lang='lat' dir='ltr'>decimarum</span> <span class='ocrx_word' id='word_1_150' title='bbox 839 1666 1125 1727; x_wconf 84' lang='lat' dir='ltr'>ecclesiaeAnesae.</span> <span class='ocrx_word' id='word_1_151' title='bbox 1183 1666 1337 1738; x_wconf 89' lang='lat' dir='ltr'>sanioris,</span> <span class='ocrx_word' id='word_1_152' title='bbox 1362 1666 1541 1728; x_wconf 90' lang='lat' dir='ltr'>secundum</span> <span class='ocrx_word' id='word_1_153' title='bbox 1569 1667 1629 1727; x_wconf 87' lang='lat' dir='ltr'>Dei</span> <span class='ocrx_word' id='word_1_154' title='bbox 1655 1667 1816 1728; x_wconf 90' lang='lat' dir='ltr'>timorem</span> <span class='ocrx_word' id='word_1_155' title='bbox 1844 1665 1881 1726; x_wconf 87' lang='lat' dir='ltr'>et</span> <span class='ocrx_word' id='word_1_156' title='bbox 1907 1661 1988 1723; x_wconf 87' lang='lat' dir='ltr'>beati</span> 
     </span>
     <span class='ocr_line' id='line_1_15' title="bbox 331 1761 1985 1841; baseline -0.004 -16"><span class='ocrx_word' id='word_1_157' title='bbox 331 1762 1130 1841; x_wconf 85' lang='lat' dir='ltr'>TertiampartemdecimarumdeHaelsinge.Ter·</span> <span class='ocrx_word' id='word_1_158' title='bbox 1182 1763 1359 1839; x_wconf 79' lang='lat' dir='ltr'>Augustini</span> <span class='ocrx_word' id='word_1_159' title='bbox 1380 1764 1529 1840; x_wconf 88' lang='lat' dir='ltr'>regulam</span> <span class='ocrx_word' id='word_1_160' title='bbox 1552 1763 1759 1841; x_wconf 86' lang='lat' dir='ltr'>providerint</span> <span class='ocrx_word' id='word_1_161' title='bbox 1784 1761 1985 1838; x_wconf 87' lang='lat' dir='ltr'>eligendum.</span> 
     </span>
     <span class='ocr_line' id='line_1_16' title="bbox 330 1859 1987 1938; baseline -0.002 -16"><span class='ocrx_word' id='word_1_162' title='bbox 330 1860 411 1922; x_wconf 85' lang='lat' dir='ltr'>tiam</span> <span class='ocrx_word' id='word_1_163' title='bbox 433 1861 562 1938; x_wconf 89' lang='lat' dir='ltr'>partem</span> <span class='ocrx_word' id='word_1_164' title='bbox 584 1861 787 1922; x_wconf 88' lang='lat' dir='ltr'>decimarum</span> <span class='ocrx_word' id='word_1_165' title='bbox 807 1859 956 1921; x_wconf 88' lang='lat' dir='ltr'>ecclesiae</span> <span class='ocrx_word' id='word_1_166' title='bbox 979 1859 1018 1919; x_wconf 90' lang='lat' dir='ltr'>de</span> <span class='ocrx_word' id='word_1_167' title='bbox 1040 1861 1129 1919; x_wconf 82' lang='lat' dir='ltr'>Crae-</span> <span class='ocrx_word' id='word_1_168' title='bbox 1183 1862 1398 1922; x_wconf 88' lang='lat' dir='ltr'>Decernimus</span> <span class='ocrx_word' id='word_1_169' title='bbox 1413 1861 1643 1938; x_wconf 88' lang='lat' dir='ltr'>ergo,utnulli</span> <span class='ocrx_word' id='word_1_170' title='bbox 1658 1862 1803 1922; x_wconf 88' lang='lat' dir='ltr'>omnino</span> <span class='ocrx_word' id='word_1_171' title='bbox 1820 1859 1987 1920; x_wconf 84' lang='lat' dir='ltr'>hominum</span> 
     </span>
     <span class='ocr_line' id='line_1_17' title="bbox 332 1955 1983 2036; baseline -0.003 -18"><span class='ocrx_word' id='word_1_172' title='bbox 332 1957 420 2028; x_wconf 88' lang='lat' dir='ltr'>kom,</span> <span class='ocrx_word' id='word_1_173' title='bbox 437 1958 579 2030; x_wconf 86' lang='lat' dir='ltr'>Elkisso,</span> <span class='ocrx_word' id='word_1_174' title='bbox 597 1958 801 2019; x_wconf 89' lang='lat' dir='ltr'>mansionem</span> <span class='ocrx_word' id='word_1_175' title='bbox 816 1957 851 2018; x_wconf 93' lang='lat' dir='ltr'>in</span> <span class='ocrx_word' id='word_1_176' title='bbox 866 1955 1038 2034; x_wconf 76' lang='lat' dir='ltr'>synderby</span> <span class='ocrx_word' id='word_1_177' title='bbox 1054 1972 1128 2017; x_wconf 90' lang='lat' dir='ltr'>cum</span> <span class='ocrx_word' id='word_1_178' title='bbox 1183 1957 1283 2020; x_wconf 88' lang='lat' dir='ltr'>liceat</span> <span class='ocrx_word' id='word_1_179' title='bbox 1302 1959 1473 2036; x_wconf 89' lang='lat' dir='ltr'>praefatam</span> <span class='ocrx_word' id='word_1_180' title='bbox 1490 1958 1609 2020; x_wconf 87' lang='lat' dir='ltr'>eccles.</span> <span class='ocrx_word' id='word_1_181' title='bbox 1627 1959 1754 2021; x_wconf 86' lang='lat' dir='ltr'>temere</span> <span class='ocrx_word' id='word_1_182' title='bbox 1775 1955 1983 2035; x_wconf 87' lang='lat' dir='ltr'>perturbare,</span> 
     </span>
     <span class='ocr_line' id='line_1_18' title="bbox 332 2052 1987 2134; baseline -0.002 -20"><span class='ocrx_word' id='word_1_183' title='bbox 332 2053 437 2131; x_wconf 86' lang='lat' dir='ltr'>sylva,</span> <span class='ocrx_word' id='word_1_184' title='bbox 454 2056 544 2130; x_wconf 90' lang='lat' dir='ltr'>agris</span> <span class='ocrx_word' id='word_1_185' title='bbox 558 2056 591 2117; x_wconf 91' lang='lat' dir='ltr'>et</span> <span class='ocrx_word' id='word_1_186' title='bbox 601 2055 715 2132; x_wconf 90' lang='lat' dir='ltr'>pratis.</span> <span class='ocrx_word' id='word_1_187' title='bbox 731 2055 938 2115; x_wconf 88' lang='lat' dir='ltr'>Mansionem</span> <span class='ocrx_word' id='word_1_188' title='bbox 951 2055 985 2114; x_wconf 93' lang='lat' dir='ltr'>in</span> <span class='ocrx_word' id='word_1_189' title='bbox 997 2057 1014 2116; x_wconf 91' lang='lat' dir='ltr'>J</span> <span class='ocrx_word' id='word_1_190' title='bbox 1019 2053 1130 2130; x_wconf 89' lang='lat' dir='ltr'>ulighe</span> <span class='ocrx_word' id='word_1_191' title='bbox 1183 2057 1241 2118; x_wconf 90' lang='lat' dir='ltr'>aut</span> <span class='ocrx_word' id='word_1_192' title='bbox 1268 2059 1340 2134; x_wconf 86' lang='lat' dir='ltr'>ejus</span> <span class='ocrx_word' id='word_1_193' title='bbox 1364 2055 1592 2133; x_wconf 83' lang='lat' dir='ltr'>possessiones</span> <span class='ocrx_word' id='word_1_194' title='bbox 1619 2055 1765 2128; x_wconf 87' lang='lat' dir='ltr'>auferre,</span> <span class='ocrx_word' id='word_1_195' title='bbox 1781 2055 1843 2117; x_wconf 91' lang='lat' dir='ltr'>vel</span> <span class='ocrx_word' id='word_1_196' title='bbox 1866 2052 1987 2114; x_wconf 88' lang='lat' dir='ltr'>ablatas</span> 
     </span>
     <span class='ocr_line' id='line_1_19' title="bbox 333 2150 1985 2232; baseline -0.002 -20"><span class='ocrx_word' id='word_1_197' title='bbox 333 2167 407 2212; x_wconf 91' lang='lat' dir='ltr'>cum</span> <span class='ocrx_word' id='word_1_198' title='bbox 433 2153 574 2213; x_wconf 88' lang='lat' dir='ltr'>ecclesia</span> <span class='ocrx_word' id='word_1_199' title='bbox 601 2152 748 2230; x_wconf 77' lang='lat' dir='ltr'>oJusdem</span> <span class='ocrx_word' id='word_1_200' title='bbox 776 2151 864 2214; x_wconf 86' lang='lat' dir='ltr'>villae</span> <span class='ocrx_word' id='word_1_201' title='bbox 901 2153 934 2213; x_wconf 89' lang='lat' dir='ltr'>et</span> <span class='ocrx_word' id='word_1_202' title='bbox 962 2151 1066 2229; x_wconf 87' lang='lat' dir='ltr'>pratis</span> <span class='ocrx_word' id='word_1_203' title='bbox 1098 2151 1131 2212; x_wconf 89' lang='lat' dir='ltr'>et</span> <span class='ocrx_word' id='word_1_204' title='bbox 1184 2153 1339 2226; x_wconf 86' lang='lat' dir='ltr'>retinere,</span> <span class='ocrx_word' id='word_1_205' title='bbox 1357 2156 1516 2223; x_wconf 88' lang='lat' dir='ltr'>minuere,</span> <span class='ocrx_word' id='word_1_206' title='bbox 1534 2169 1592 2215; x_wconf 89' lang='lat' dir='ltr'>seu</span> <span class='ocrx_word' id='word_1_207' title='bbox 1611 2153 1822 2232; x_wconf 80' lang='lat' dir='ltr'>quibuslibet</span> <span class='ocrx_word' id='word_1_208' title='bbox 1837 2150 1985 2213; x_wconf 77' lang='lat' dir='ltr'>veratio-</span> 
     </span>
    </p>
   </div>
   <div class='ocr_carea' id='block_1_7' title="bbox 332 2247 2047 2427">
    <p class='ocr_par' dir='ltr' id='par_1_7' title="bbox 332 2247 2047 2427">
     <span class='ocr_line' id='line_1_20' title="bbox 332 2247 2047 2328; baseline -0.003 -18"><span class='ocrx_word' id='word_1_209' title='bbox 332 2249 434 2324; x_wconf 86' lang='lat' dir='ltr'>agris,</span> <span class='ocrx_word' id='word_1_210' title='bbox 462 2249 496 2310; x_wconf 88' lang='lat' dir='ltr'>et</span> <span class='ocrx_word' id='word_1_211' title='bbox 526 2249 715 2311; x_wconf 91' lang='lat' dir='ltr'>molendino</span> <span class='ocrx_word' id='word_1_212' title='bbox 737 2249 800 2312; x_wconf 89' lang='lat' dir='ltr'>sito</span> <span class='ocrx_word' id='word_1_213' title='bbox 817 2252 917 2327; x_wconf 80' lang='lat' dir='ltr'>juxta</span> <span class='ocrx_word' id='word_1_214' title='bbox 949 2249 1129 2310; x_wconf 87' lang='lat' dir='ltr'>Vaeraebro.</span> <span class='ocrx_word' id='word_1_215' title='bbox 1184 2250 1282 2312; x_wconf 90' lang='lat' dir='ltr'>nibus</span> <span class='ocrx_word' id='word_1_216' title='bbox 1294 2250 1445 2328; x_wconf 87' lang='lat' dir='ltr'>fatigare,</span> <span class='ocrx_word' id='word_1_217' title='bbox 1463 2251 1519 2314; x_wconf 92' lang='lat' dir='ltr'>sed</span> <span class='ocrx_word' id='word_1_218' title='bbox 1535 2252 1646 2313; x_wconf 89' lang='lat' dir='ltr'>omnia</span> <span class='ocrx_word' id='word_1_219' title='bbox 1667 2251 1803 2326; x_wconf 86' lang='lat' dir='ltr'>integra</span> <span class='ocrx_word' id='word_1_220' title='bbox 1818 2249 1854 2310; x_wconf 91' lang='lat' dir='ltr'>et</span> <span class='ocrx_word' id='word_1_221' title='bbox 1868 2247 1987 2308; x_wconf 85' lang='lat' dir='ltr'>illibata</span> <span class='ocrx_word' id='word_1_222' title='bbox 2046 2321 2047 2326; x_wconf 5' lang='grc' dir='ltr'>ἵ</span> 
     </span>
     <span class='ocr_line' id='line_1_21' title="bbox 332 2345 2047 2427; baseline -0.003 -20"><span class='ocrx_word' id='word_1_223' title='bbox 332 2346 538 2408; x_wconf 90' lang='lat' dir='ltr'>Mansionem</span> <span class='ocrx_word' id='word_1_224' title='bbox 546 2347 580 2407; x_wconf 94' lang='lat' dir='ltr'>in</span> <span class='ocrx_word' id='word_1_225' title='bbox 591 2348 759 2425; x_wconf 87' lang='lat' dir='ltr'>Swestrop</span> <span class='ocrx_word' id='word_1_226' title='bbox 775 2363 850 2408; x_wconf 95' lang='lat' dir='ltr'>cum</span> <span class='ocrx_word' id='word_1_227' title='bbox 865 2347 956 2424; x_wconf 87' lang='lat' dir='ltr'>agris</span> <span class='ocrx_word' id='word_1_228' title='bbox 971 2347 1003 2408; x_wconf 90' lang='lat' dir='ltr'>et</span> <span class='ocrx_word' id='word_1_229' title='bbox 1013 2347 1129 2424; x_wconf 90' lang='lat' dir='ltr'>pratis.</span> <span class='ocrx_word' id='word_1_230' title='bbox 1185 2349 1359 2411; x_wconf 87' lang='lat' dir='ltr'>serventur</span> <span class='ocrx_word' id='word_1_231' title='bbox 1372 2366 1498 2422; x_wconf 89' lang='lat' dir='ltr'>eorum,</span> <span class='ocrx_word' id='word_1_232' title='bbox 1510 2365 1570 2427; x_wconf 90' lang='lat' dir='ltr'>pro</span> <span class='ocrx_word' id='word_1_233' title='bbox 1585 2363 1724 2427; x_wconf 93' lang='lat' dir='ltr'>quorum</span> <span class='ocrx_word' id='word_1_234' title='bbox 1741 2345 1986 2424; x_wconf 85' lang='lat' dir='ltr'>gubernatione</span> <span class='ocrx_word' id='word_1_235' title='bbox 2046 2375 2047 2388; x_wconf 66' lang='lat'><em>2</em></span> 
     </span>
    </p>
   </div>
   <div class='ocr_carea' id='block_1_8' title="bbox 334 2443 2047 3012">
    <p class='ocr_par' dir='ltr' id='par_1_8' title="bbox 334 2443 2047 3012">
     <span class='ocr_line' id='line_1_22' title="bbox 334 2443 2047 2522; baseline -0.003 -16"><span class='ocrx_word' id='word_1_236' title='bbox 334 2445 542 2506; x_wconf 87' lang='lat' dir='ltr'>Mansionem</span> <span class='ocrx_word' id='word_1_237' title='bbox 565 2445 793 2506; x_wconf 83' lang='lat' dir='ltr'>inMaedelosae</span> <span class='ocrx_word' id='word_1_238' title='bbox 805 2461 879 2505; x_wconf 92' lang='lat' dir='ltr'>cum</span> <span class='ocrx_word' id='word_1_239' title='bbox 896 2444 1010 2522; x_wconf 90' lang='lat' dir='ltr'>sylvis,</span> <span class='ocrx_word' id='word_1_240' title='bbox 1027 2443 1131 2522; x_wconf 88' lang='lat' dir='ltr'>pratis</span> <span class='ocrx_word' id='word_1_241' title='bbox 1185 2462 1224 2507; x_wconf 90' lang='lat' dir='ltr'>ac</span> <span class='ocrx_word' id='word_1_242' title='bbox 1237 2447 1476 2508; x_wconf 89' lang='lat' dir='ltr'>sustentatione</span> <span class='ocrx_word' id='word_1_243' title='bbox 1498 2463 1656 2508; x_wconf 89' lang='lat' dir='ltr'>concessa</span> <span class='ocrx_word' id='word_1_244' title='bbox 1676 2447 1764 2519; x_wconf 91' lang='lat' dir='ltr'>sunt,</span> <span class='ocrx_word' id='word_1_245' title='bbox 1783 2443 1908 2507; x_wconf 89' lang='lat' dir='ltr'>usibus</span> <span class='ocrx_word' id='word_1_246' title='bbox 1923 2457 1988 2502; x_wconf 91' lang='lat' dir='ltr'>om·</span> <span class='ocrx_word' id='word_1_247' title='bbox 2046 2501 2047 2514; x_wconf 64' lang='lat'>,</span> 
     </span>
     <span class='ocr_line' id='line_1_23' title="bbox 334 2521 2047 2621; baseline -0.004 -18"><span class='ocrx_word' id='word_1_248' title='bbox 334 2543 367 2603; x_wconf 91' lang='lat' dir='ltr'>et</span> <span class='ocrx_word' id='word_1_249' title='bbox 387 2543 489 2619; x_wconf 88' lang='lat' dir='ltr'>agris.</span> <span class='ocrx_word' id='word_1_250' title='bbox 503 2545 618 2605; x_wconf 85' lang='lat' dir='ltr'>Totam</span> <span class='ocrx_word' id='word_1_251' title='bbox 642 2542 755 2604; x_wconf 90' lang='lat' dir='ltr'>villam</span> <span class='ocrx_word' id='word_1_252' title='bbox 777 2542 915 2604; x_wconf 88' lang='lat' dir='ltr'>Naevetb</span> <span class='ocrx_word' id='word_1_253' title='bbox 935 2557 1008 2602; x_wconf 89' lang='lat' dir='ltr'>oum</span> <span class='ocrx_word' id='word_1_254' title='bbox 1028 2541 1131 2619; x_wconf 91' lang='lat' dir='ltr'>sylvis</span> <span class='ocrx_word' id='word_1_255' title='bbox 1186 2544 1328 2606; x_wconf 89' lang='lat' dir='ltr'>nimodis</span> <span class='ocrx_word' id='word_1_256' title='bbox 1354 2545 1538 2621; x_wconf 88' lang='lat' dir='ltr'>profutura,</span> <span class='ocrx_word' id='word_1_257' title='bbox 1563 2545 1654 2606; x_wconf 91' lang='lat' dir='ltr'>salva</span> <span class='ocrx_word' id='word_1_258' title='bbox 1674 2543 1763 2605; x_wconf 91' lang='lat' dir='ltr'>sedis</span> <span class='ocrx_word' id='word_1_259' title='bbox 1787 2540 1985 2620; x_wconf 83' lang='lat' dir='ltr'>Apostolicae</span> <span class='ocrx_word' id='word_1_260' title='bbox 2046 2521 2047 2546; x_wconf 62' lang='lat'>¹</span> 
     </span>
     <span class='ocr_line' id='line_1_24' title="bbox 335 2627 2047 2719; baseline -0.002 -19"><span class='ocrx_word' id='word_1_261' title='bbox 335 2641 368 2700; x_wconf 89' lang='lat' dir='ltr'>et</span> <span class='ocrx_word' id='word_1_262' title='bbox 382 2641 486 2716; x_wconf 87' lang='lat' dir='ltr'>pratis</span> <span class='ocrx_word' id='word_1_263' title='bbox 497 2641 530 2702; x_wconf 89' lang='lat' dir='ltr'>et</span> <span class='ocrx_word' id='word_1_264' title='bbox 544 2640 633 2717; x_wconf 89' lang='lat' dir='ltr'>agris</span> <span class='ocrx_word' id='word_1_265' title='bbox 648 2643 680 2702; x_wconf 89' lang='lat' dir='ltr'>et</span> <span class='ocrx_word' id='word_1_266' title='bbox 691 2639 940 2716; x_wconf 89' lang='lat' dir='ltr'>piscationibus.</span> <span class='ocrx_word' id='word_1_267' title='bbox 954 2639 1076 2700; x_wconf 90' lang='lat' dir='ltr'>Villam</span> <span class='ocrx_word' id='word_1_268' title='bbox 1091 2638 1132 2700; x_wconf 90' lang='lat' dir='ltr'>de</span> <span class='ocrx_word' id='word_1_269' title='bbox 1186 2641 1384 2704; x_wconf 89' lang='lat' dir='ltr'>anctoritate</span> <span class='ocrx_word' id='word_1_270' title='bbox 1405 2641 1438 2703; x_wconf 88' lang='lat' dir='ltr'>et</span> <span class='ocrx_word' id='word_1_271' title='bbox 1459 2641 1637 2703; x_wconf 88' lang='lat' dir='ltr'>dioecesani</span> <span class='ocrx_word' id='word_1_272' title='bbox 1653 2641 1805 2719; x_wconf 82' lang='lat' dir='ltr'>episcopi</span> <span class='ocrx_word' id='word_1_273' title='bbox 1829 2635 1985 2702; x_wconf 87' lang='lat' dir='ltr'>canonica</span> <span class='ocrx_word' id='word_1_274' title='bbox 2046 2627 2047 2706; x_wconf 61' lang='grc' dir='ltr'>ζ</span> 
     </span>
     <span class='ocr_line' id='line_1_25' title="bbox 335 2735 1984 2818; baseline -0.003 -22"><span class='ocrx_word' id='word_1_275' title='bbox 335 2737 499 2814; x_wconf 83' lang='lat' dir='ltr'>Tioeraeby</span> <span class='ocrx_word' id='word_1_276' title='bbox 519 2753 593 2798; x_wconf 93' lang='lat' dir='ltr'>cum</span> <span class='ocrx_word' id='word_1_277' title='bbox 610 2737 761 2808; x_wconf 89' lang='lat' dir='ltr'>ecclesia,</span> <span class='ocrx_word' id='word_1_278' title='bbox 787 2736 900 2814; x_wconf 91' lang='lat' dir='ltr'>sylvis,</span> <span class='ocrx_word' id='word_1_279' title='bbox 917 2737 949 2797; x_wconf 87' lang='lat' dir='ltr'>et</span> <span class='ocrx_word' id='word_1_280' title='bbox 972 2736 1076 2812; x_wconf 86' lang='lat' dir='ltr'>pratis</span> <span class='ocrx_word' id='word_1_281' title='bbox 1100 2735 1133 2796; x_wconf 88' lang='lat' dir='ltr'>ot</span> <span class='ocrx_word' id='word_1_282' title='bbox 1181 2739 1324 2816; x_wconf 87' lang='lat' dir='ltr'>justitia.</span> <span class='ocrx_word' id='word_1_283' title='bbox 1341 2739 1376 2799; x_wconf 87' lang='lat' dir='ltr'>si</span> <span class='ocrx_word' id='word_1_284' title='bbox 1390 2739 1567 2818; x_wconf 86' lang='lat' dir='ltr'>quaigitur</span> <span class='ocrx_word' id='word_1_285' title='bbox 1582 2739 1616 2800; x_wconf 91' lang='lat' dir='ltr'>in</span> <span class='ocrx_word' id='word_1_286' title='bbox 1632 2739 1779 2800; x_wconf 86' lang='lat' dir='ltr'>futurum</span> <span class='ocrx_word' id='word_1_287' title='bbox 1806 2735 1984 2799; x_wconf 87' lang='lat' dir='ltr'>ecclesias·</span> 
     </span>
     <span class='ocr_line' id='line_1_26' title="bbox 336 2819 2047 2915; baseline -0.004 -21"><span class='ocrx_word' id='word_1_288' title='bbox 336 2834 437 2908; x_wconf 89' lang='lat' dir='ltr'>agris.</span> <span class='ocrx_word' id='word_1_289' title='bbox 454 2833 637 2895; x_wconf 86' lang='lat' dir='ltr'>Ecclesiam</span> <span class='ocrx_word' id='word_1_290' title='bbox 656 2833 696 2894; x_wconf 90' lang='lat' dir='ltr'>do</span> <span class='ocrx_word' id='word_1_291' title='bbox 711 2833 1013 2894; x_wconf 84' lang='lat' dir='ltr'>Frethorsloffcum</span> <span class='ocrx_word' id='word_1_292' title='bbox 1037 2832 1131 2893; x_wconf 90' lang='lat' dir='ltr'>deci·</span> <span class='ocrx_word' id='word_1_293' title='bbox 1185 2838 1252 2899; x_wconf 83' lang='lat' dir='ltr'>tica</span> <span class='ocrx_word' id='word_1_294' title='bbox 1267 2837 1479 2899; x_wconf 84' lang='lat' dir='ltr'>saecularisve</span> <span class='ocrx_word' id='word_1_295' title='bbox 1494 2853 1637 2915; x_wconf 87' lang='lat' dir='ltr'>persona</span> <span class='ocrx_word' id='word_1_296' title='bbox 1652 2837 1738 2898; x_wconf 89' lang='lat' dir='ltr'>hauc</span> <span class='ocrx_word' id='word_1_297' title='bbox 1753 2837 1885 2898; x_wconf 87' lang='lat' dir='ltr'>nostrae</span> <span class='ocrx_word' id='word_1_298' title='bbox 1901 2845 1986 2892; x_wconf 86' lang='lat' dir='ltr'>cons·</span> <span class='ocrx_word' id='word_1_299' title='bbox 2046 2819 2047 2888; x_wconf 72' lang='lat'>3</span> 
     </span>
     <span class='ocr_line' id='line_1_27' title="bbox 336 2928 2047 3012; baseline -0.012 -8"><span class='ocrx_word' id='word_1_300' title='bbox 336 2930 414 3004; x_wconf 70' lang='lat' dir='ltr'>mis,</span> <span class='ocrx_word' id='word_1_301' title='bbox 444 2931 562 3008; x_wconf 68' lang='lat' dir='ltr'>Silvis,</span> <span class='ocrx_word' id='word_1_302' title='bbox 592 2930 755 3008; x_wconf 55' lang='grc' dir='ltr'>113ῑὶ861</span> <span class='ocrx_word' id='word_1_303' title='bbox 781 2930 883 3007; x_wconf 69' lang='lat' dir='ltr'>agris·</span> <span class='ocrx_word' id='word_1_304' title='bbox 913 2931 1064 2991; x_wconf 76' lang='lat' dir='ltr'>Decimas</span> <span class='ocrx_word' id='word_1_305' title='bbox 1093 2928 1132 2989; x_wconf 77' lang='lat' dir='ltr'>de</span> <span class='ocrx_word' id='word_1_306' title='bbox 1187 2935 1350 2998; x_wconf 86' lang='lat' dir='ltr'>titutionis</span> <span class='ocrx_word' id='word_1_307' title='bbox 1363 2934 1517 3012; x_wconf 92' lang='lat' dir='ltr'>paginam</span> <span class='ocrx_word' id='word_1_308' title='bbox 1528 2935 1637 2995; x_wconf 89' lang='lat' dir='ltr'>sciens</span> <span class='ocrx_word' id='word_1_309' title='bbox 1648 2935 1762 2995; x_wconf 90' lang='lat' dir='ltr'>contra</span> <span class='ocrx_word' id='word_1_310' title='bbox 1776 2932 1983 2994; x_wconf 87' lang='lat' dir='ltr'>eamtemerc</span> <span class='ocrx_word' id='word_1_311' title='bbox 2046 2997 2047 3000; x_wconf 8' lang='grc' dir='ltr'><strong>Ἴ</strong></span> 
     </span>
    </p>
   </div>
   <div class='ocr_carea' id='block_1_9' title="bbox 335 3026 1983 3106">
    <p class='ocr_par' dir='ltr' id='par_1_9' title="bbox 335 3026 1983 3106">
     <span class='ocr_line' id='line_1_28' title="bbox 335 3026 1983 3106; baseline -0.004 -18"><span class='ocrx_word' id='word_1_312' title='bbox 335 3026 450 3106; x_wconf 89' lang='lat' dir='ltr'>Veyby</span> <span class='ocrx_word' id='word_1_313' title='bbox 469 3032 502 3090; x_wconf 91' lang='lat' dir='ltr'>et</span> <span class='ocrx_word' id='word_1_314' title='bbox 526 3028 656 3106; x_wconf 89' lang='lat' dir='ltr'>Bistorp</span> <span class='ocrx_word' id='word_1_315' title='bbox 679 3029 711 3090; x_wconf 90' lang='lat' dir='ltr'>et</span> <span class='ocrx_word' id='word_1_316' title='bbox 730 3027 896 3105; x_wconf 85' lang='lat' dir='ltr'>Tybirkae.</span> <span class='ocrx_word' id='word_1_317' title='bbox 913 3027 1076 3104; x_wconf 85' lang='lat' dir='ltr'>Quidquid</span> <span class='ocrx_word' id='word_1_318' title='bbox 1091 3026 1132 3088; x_wconf 82' lang='lat' dir='ltr'>da</span> <span class='ocrx_word' id='word_1_319' title='bbox 1186 3033 1301 3096; x_wconf 88' lang='lat' dir='ltr'>venire</span> <span class='ocrx_word' id='word_1_320' title='bbox 1316 3033 1504 3105; x_wconf 84' lang='lat' dir='ltr'>tentaverit,</span> <span class='ocrx_word' id='word_1_321' title='bbox 1521 3031 1667 3092; x_wconf 89' lang='lat' dir='ltr'>secundo</span> <span class='ocrx_word' id='word_1_322' title='bbox 1682 3030 1824 3093; x_wconf 89' lang='lat' dir='ltr'>tertiove</span> <span class='ocrx_word' id='word_1_323' title='bbox 1841 3039 1983 3090; x_wconf 88' lang='lat' dir='ltr'>commo·</span> 
     </span>
    </p>
   </div>
   <div class='ocr_carea' id='block_1_10' title="bbox 334 3123 2047 3499">
    <p class='ocr_par' dir='ltr' id='par_1_10' title="bbox 334 3123 2047 3499">
     <span class='ocr_line' id='line_1_29' title="bbox 335 3123 2047 3210; baseline -0.005 -24"><span class='ocrx_word' id='word_1_324' title='bbox 335 3125 558 3188; x_wconf 88' lang='lat' dir='ltr'>oblationibus</span> <span class='ocrx_word' id='word_1_325' title='bbox 573 3127 724 3188; x_wconf 86' lang='lat' dir='ltr'>ecclesiae</span> <span class='ocrx_word' id='word_1_326' title='bbox 742 3126 862 3188; x_wconf 86' lang='lat' dir='ltr'>vestrae</span> <span class='ocrx_word' id='word_1_327' title='bbox 878 3125 957 3186; x_wconf 93' lang='lat' dir='ltr'>olim</span> <span class='ocrx_word' id='word_1_328' title='bbox 982 3125 1022 3210; x_wconf 88' lang='lat' dir='ltr'>ad</span> <span class='ocrx_word' id='word_1_329' title='bbox 1039 3124 1132 3201; x_wconf 89' lang='lat' dir='ltr'>epis·</span> <span class='ocrx_word' id='word_1_330' title='bbox 1187 3131 1267 3203; x_wconf 81' lang='lat' dir='ltr'>nita,</span> <span class='ocrx_word' id='word_1_331' title='bbox 1289 3129 1354 3190; x_wconf 86' lang='lat' dir='ltr'>nisi</span> <span class='ocrx_word' id='word_1_332' title='bbox 1378 3131 1508 3190; x_wconf 84' lang='lat' dir='ltr'>reatum</span> <span class='ocrx_word' id='word_1_333' title='bbox 1532 3145 1628 3190; x_wconf 90' lang='lat' dir='ltr'>suum</span> <span class='ocrx_word' id='word_1_334' title='bbox 1643 3129 1743 3205; x_wconf 88' lang='lat' dir='ltr'>digna</span> <span class='ocrx_word' id='word_1_335' title='bbox 1758 3123 1982 3190; x_wconf 82' lang='lat' dir='ltr'>satisfactione</span> <span class='ocrx_word' id='word_1_336' title='bbox 2046 3161 2047 3170; x_wconf 54' lang='lat'>,</span> 
     </span>
     <span class='ocr_line' id='line_1_30' title="bbox 334 3217 2047 3304; baseline -0.003 -20"><span class='ocrx_word' id='word_1_337' title='bbox 334 3237 451 3299; x_wconf 91' lang='lat' dir='ltr'>copum</span> <span class='ocrx_word' id='word_1_338' title='bbox 463 3223 711 3285; x_wconf 76' lang='lat' dir='ltr'>Rollrildensem</span> <span class='ocrx_word' id='word_1_339' title='bbox 732 3222 911 3299; x_wconf 88' lang='lat' dir='ltr'>spectabat,</span> <span class='ocrx_word' id='word_1_340' title='bbox 928 3221 1014 3298; x_wconf 90' lang='lat' dir='ltr'>quod</span> <span class='ocrx_word' id='word_1_341' title='bbox 1037 3221 1133 3282; x_wconf 82' lang='lat' dir='ltr'>bonae</span> <span class='ocrx_word' id='word_1_342' title='bbox 1187 3227 1382 3300; x_wconf 84' lang='lat' dir='ltr'>correxerit,</span> <span class='ocrx_word' id='word_1_343' title='bbox 1401 3226 1574 3304; x_wconf 88' lang='lat' dir='ltr'>potestatis</span> <span class='ocrx_word' id='word_1_344' title='bbox 1590 3227 1792 3302; x_wconf 86' lang='lat' dir='ltr'>honorisque</span> <span class='ocrx_word' id='word_1_345' title='bbox 1809 3223 1866 3285; x_wconf 93' lang='lat' dir='ltr'>sui</span> <span class='ocrx_word' id='word_1_346' title='bbox 1882 3217 1984 3294; x_wconf 89' lang='lat' dir='ltr'>digni·</span> <span class='ocrx_word' id='word_1_347' title='bbox 2046 3247 2047 3290; x_wconf 67' lang='grc'>;</span> 
     </span>
     <span class='ocr_line' id='line_1_31' title="bbox 335 3315 2047 3400; baseline -0.002 -20"><span class='ocrx_word' id='word_1_348' title='bbox 335 3320 503 3381; x_wconf 86' lang='lat' dir='ltr'>memoriae</span> <span class='ocrx_word' id='word_1_349' title='bbox 533 3323 570 3381; x_wconf 88' lang='lat' dir='ltr'>P.</span> <span class='ocrx_word' id='word_1_350' title='bbox 607 3319 833 3381; x_wconf 79' lang='lat' dir='ltr'>Rollrildensis</span> <span class='ocrx_word' id='word_1_351' title='bbox 875 3319 1048 3394; x_wconf 89' lang='lat' dir='ltr'>episcopus</span> <span class='ocrx_word' id='word_1_352' title='bbox 1079 3318 1134 3394; x_wconf 85' lang='lat' dir='ltr'>pia</span> <span class='ocrx_word' id='word_1_353' title='bbox 1189 3325 1254 3386; x_wconf 88' lang='lat' dir='ltr'>tate</span> <span class='ocrx_word' id='word_1_354' title='bbox 1266 3322 1389 3396; x_wconf 86' lang='lat' dir='ltr'>careat,</span> <span class='ocrx_word' id='word_1_355' title='bbox 1402 3339 1560 3400; x_wconf 90' lang='lat' dir='ltr'>reamque</span> <span class='ocrx_word' id='word_1_356' title='bbox 1572 3321 1876 3399; x_wconf 91' lang='lat' dir='ltr'>sedivinojudicio</span> <span class='ocrx_word' id='word_1_357' title='bbox 1893 3315 1979 3378; x_wconf 84' lang='lat' dir='ltr'>exis·</span> <span class='ocrx_word' id='word_1_358' title='bbox 2046 3329 2047 3378; x_wconf 69' lang='lat' dir='ltr'>l</span> 
     </span>
     <span class='ocr_line' id='line_1_32' title="bbox 334 3413 2047 3499; baseline -0.003 -24"><span class='ocrx_word' id='word_1_359' title='bbox 334 3415 429 3476; x_wconf 89' lang='lat' dir='ltr'>vobis</span> <span class='ocrx_word' id='word_1_360' title='bbox 455 3415 654 3478; x_wconf 90' lang='lat' dir='ltr'>liberalitate</span> <span class='ocrx_word' id='word_1_361' title='bbox 683 3415 829 3477; x_wconf 89' lang='lat' dir='ltr'>donavit.</span> <span class='ocrx_word' id='word_1_362' title='bbox 856 3417 943 3476; x_wconf 89' lang='lat' dir='ltr'>Sane</span> <span class='ocrx_word' id='word_1_363' title='bbox 963 3415 1133 3476; x_wconf 91' lang='lat' dir='ltr'>novalium</span> <span class='ocrx_word' id='word_1_364' title='bbox 1187 3421 1307 3484; x_wconf 76' lang='lat' dir='ltr'>teredo</span> <span class='ocrx_word' id='word_1_365' title='bbox 1322 3422 1509 3498; x_wconf 87' lang='lat' dir='ltr'>perpetrata</span> <span class='ocrx_word' id='word_1_366' title='bbox 1524 3420 1699 3499; x_wconf 90' lang='lat' dir='ltr'>iniquitate</span> <span class='ocrx_word' id='word_1_367' title='bbox 1715 3417 1908 3497; x_wconf 86' lang='lat' dir='ltr'>cognoscat,</span> <span class='ocrx_word' id='word_1_368' title='bbox 1923 3413 1979 3474; x_wconf 90' lang='lat' dir='ltr'>eta</span> <span class='ocrx_word' id='word_1_369' title='bbox 2046 3415 2047 3494; x_wconf 69' lang='lat' dir='ltr'>j</span> 
     </span>
    </p>
   </div>
   <div class='ocr_carea' id='block_1_11' title="bbox 334 3512 2047 3692">
    <p class='ocr_par' dir='ltr' id='par_1_11' title="bbox 334 3512 2047 3692">
     <span class='ocr_line' id='line_1_33' title="bbox 334 3512 1979 3596; baseline -0.006 -10"><span class='ocrx_word' id='word_1_370' title='bbox 334 3512 532 3586; x_wconf 65' lang='lat' dir='ltr'>Vesil&#39;ffl&#39;um,</span> <span class='ocrx_word' id='word_1_371' title='bbox 548 3529 621 3590; x_wconf 69' lang='grc' dir='ltr'>(1111θ</span> <span class='ocrx_word' id='word_1_372' title='bbox 632 3513 775 3590; x_wconf 70' lang='lat' dir='ltr'>PPOPfflS</span> <span class='ocrx_word' id='word_1_373' title='bbox 790 3513 942 3574; x_wconf 92' lang='lat' dir='ltr'>manibus</span> <span class='ocrx_word' id='word_1_374' title='bbox 958 3514 1014 3574; x_wconf 68' lang='lat' dir='ltr'>aut</span> <span class='ocrx_word' id='word_1_375' title='bbox 1027 3529 1135 3590; x_wconf 89' lang='lat' dir='ltr'>sump-</span> <span class='ocrx_word' id='word_1_376' title='bbox 1188 3519 1416 3581; x_wconf 86' lang='lat' dir='ltr'>sacratissimo</span> <span class='ocrx_word' id='word_1_377' title='bbox 1429 3521 1608 3596; x_wconf 88' lang='lat' dir='ltr'>corporeet</span> <span class='ocrx_word' id='word_1_378' title='bbox 1622 3517 1785 3595; x_wconf 88' lang='lat' dir='ltr'>sanguino</span> <span class='ocrx_word' id='word_1_379' title='bbox 1801 3517 1864 3578; x_wconf 90' lang='lat' dir='ltr'>Dei</span> <span class='ocrx_word' id='word_1_380' title='bbox 1875 3515 1907 3576; x_wconf 89' lang='lat' dir='ltr'>et</span> <span class='ocrx_word' id='word_1_381' title='bbox 1918 3514 1979 3572; x_wconf 89' lang='lat' dir='ltr'>Do·</span> 
     </span>
     <span class='ocr_line' id='line_1_34' title="bbox 335 3605 2047 3692; baseline -0.005 -20"><span class='ocrx_word' id='word_1_382' title='bbox 335 3609 423 3672; x_wconf 91' lang='lat' dir='ltr'>tibus</span> <span class='ocrx_word' id='word_1_383' title='bbox 443 3611 553 3673; x_wconf 92' lang='lat' dir='ltr'>colitis</span> <span class='ocrx_word' id='word_1_384' title='bbox 573 3611 643 3672; x_wconf 87' lang='lat' dir='ltr'>sive</span> <span class='ocrx_word' id='word_1_385' title='bbox 665 3611 704 3672; x_wconf 88' lang='lat' dir='ltr'>de</span> <span class='ocrx_word' id='word_1_386' title='bbox 720 3611 932 3673; x_wconf 88' lang='lat' dir='ltr'>nutrimentis</span> <span class='ocrx_word' id='word_1_387' title='bbox 948 3614 1133 3674; x_wconf 85' lang='lat' dir='ltr'>vestrorum</span> <span class='ocrx_word' id='word_1_388' title='bbox 1188 3617 1269 3677; x_wconf 90' lang='lat' dir='ltr'>mini</span> <span class='ocrx_word' id='word_1_389' title='bbox 1285 3615 1515 3692; x_wconf 89' lang='lat' dir='ltr'>Redemptoris</span> <span class='ocrx_word' id='word_1_390' title='bbox 1528 3615 1632 3677; x_wconf 91' lang='lat' dir='ltr'>nostri</span> <span class='ocrx_word' id='word_1_391' title='bbox 1647 3617 1726 3678; x_wconf 91' lang='lat' dir='ltr'>Jesu</span> <span class='ocrx_word' id='word_1_392' title='bbox 1740 3611 1868 3675; x_wconf 82' lang='lat' dir='ltr'>Christi</span> <span class='ocrx_word' id='word_1_393' title='bbox 1879 3609 1978 3671; x_wconf 86' lang='lat' dir='ltr'>aliena</span> <span class='ocrx_word' id='word_1_394' title='bbox 2046 3605 2047 3664; x_wconf 75' lang='lat' dir='ltr'>l</span> 
     </span>
    </p>
   </div>
   <div class='ocr_carea' id='block_1_12' title="bbox 336 3701 1979 3791">
    <p class='ocr_par' dir='ltr' id='par_1_12' title="bbox 336 3701 1979 3791">
     <span class='ocr_line' id='line_1_35' title="bbox 336 3701 1979 3791; baseline -0.005 -22"><span class='ocrx_word' id='word_1_395' title='bbox 336 3708 542 3783; x_wconf 78' lang='lat' dir='ltr'>animalium,</span> <span class='ocrx_word' id='word_1_396' title='bbox 564 3710 675 3772; x_wconf 85' lang='lat' dir='ltr'>nullus</span> <span class='ocrx_word' id='word_1_397' title='bbox 691 3709 825 3771; x_wconf 87' lang='lat' dir='ltr'>omnino</span> <span class='ocrx_word' id='word_1_398' title='bbox 843 3709 972 3772; x_wconf 78' lang='lat' dir='ltr'>avohis</span> <span class='ocrx_word' id='word_1_399' title='bbox 988 3708 1133 3770; x_wconf 79' lang='lat' dir='ltr'>decimas</span> <span class='ocrx_word' id='word_1_400' title='bbox 1188 3715 1256 3786; x_wconf 83' lang='lat' dir='ltr'>nat,</span> <span class='ocrx_word' id='word_1_401' title='bbox 1269 3715 1367 3791; x_wconf 85' lang='lat' dir='ltr'>atque</span> <span class='ocrx_word' id='word_1_402' title='bbox 1381 3713 1416 3773; x_wconf 90' lang='lat' dir='ltr'>in</span> <span class='ocrx_word' id='word_1_403' title='bbox 1432 3713 1580 3773; x_wconf 80' lang='lat' dir='ltr'>extremo</span> <span class='ocrx_word' id='word_1_404' title='bbox 1593 3712 1746 3773; x_wconf 81' lang='lat' dir='ltr'>examine</span> <span class='ocrx_word' id='word_1_405' title='bbox 1757 3708 1919 3774; x_wconf 79' lang='lat' dir='ltr'>districtae</span> <span class='ocrx_word' id='word_1_406' title='bbox 1934 3701 1979 3761; x_wconf 90' lang='lat' dir='ltr'>ul-</span> 
     </span>
    </p>
   </div>
   <div class='ocr_carea' id='block_1_13' title="bbox 334 3802 2047 3986">
    <p class='ocr_par' dir='ltr' id='par_1_13' title="bbox 334 3802 2047 3986">
     <span class='ocr_line' id='line_1_36' title="bbox 334 3802 2047 3888; baseline -0.006 -21"><span class='ocrx_word' id='word_1_407' title='bbox 334 3812 515 3884; x_wconf 87' lang='lat' dir='ltr'>praesumat</span> <span class='ocrx_word' id='word_1_408' title='bbox 528 3809 675 3884; x_wconf 81' lang='lat' dir='ltr'>exigere.</span> <span class='ocrx_word' id='word_1_409' title='bbox 691 3807 804 3870; x_wconf 88' lang='lat' dir='ltr'>Liceat</span> <span class='ocrx_word' id='word_1_410' title='bbox 816 3823 945 3885; x_wconf 88' lang='lat' dir='ltr'>quoquc</span> <span class='ocrx_word' id='word_1_411' title='bbox 959 3807 1053 3868; x_wconf 90' lang='lat' dir='ltr'>vobis</span> <span class='ocrx_word' id='word_1_412' title='bbox 1066 3807 1135 3869; x_wconf 86' lang='lat' dir='ltr'>cle·</span> <span class='ocrx_word' id='word_1_413' title='bbox 1188 3812 1270 3873; x_wconf 89' lang='lat' dir='ltr'>tioni</span> <span class='ocrx_word' id='word_1_414' title='bbox 1300 3810 1480 3888; x_wconf 84' lang='lat' dir='ltr'>subjaceat.</span> <span class='ocrx_word' id='word_1_415' title='bbox 1497 3810 1631 3870; x_wconf 85' lang='lat' dir='ltr'>Cunctis</span> <span class='ocrx_word' id='word_1_416' title='bbox 1656 3811 1767 3870; x_wconf 89' lang='lat' dir='ltr'>autem</span> <span class='ocrx_word' id='word_1_417' title='bbox 1783 3809 1893 3869; x_wconf 86' lang='lat' dir='ltr'>eidem</span> <span class='ocrx_word' id='word_1_418' title='bbox 1914 3802 1978 3861; x_wconf 89' lang='lat' dir='ltr'>loco</span> <span class='ocrx_word' id='word_1_419' title='bbox 2046 3833 2047 3876; x_wconf 54' lang='lat' dir='ltr'>y</span> 
     </span>
     <span class='ocr_line' id='line_1_37' title="bbox 335 3893 2047 3986; baseline -0.006 -22"><span class='ocrx_word' id='word_1_420' title='bbox 335 3903 423 3965; x_wconf 89' lang='lat' dir='ltr'>ricos</span> <span class='ocrx_word' id='word_1_421' title='bbox 437 3905 490 3966; x_wconf 93' lang='lat' dir='ltr'>vel</span> <span class='ocrx_word' id='word_1_422' title='bbox 518 3904 657 3966; x_wconf 88' lang='lat' dir='ltr'>laicose</span> <span class='ocrx_word' id='word_1_423' title='bbox 681 3905 802 3966; x_wconf 88' lang='lat' dir='ltr'>saeculo</span> <span class='ocrx_word' id='word_1_424' title='bbox 826 3904 990 3980; x_wconf 88' lang='lat' dir='ltr'>fugientes</span> <span class='ocrx_word' id='word_1_425' title='bbox 1011 3903 1134 3964; x_wconf 88' lang='lat' dir='ltr'>liberos</span> <span class='ocrx_word' id='word_1_426' title='bbox 1188 3925 1248 3969; x_wconf 90' lang='lat' dir='ltr'>sua</span> <span class='ocrx_word' id='word_1_427' title='bbox 1257 3911 1334 3986; x_wconf 87' lang='lat' dir='ltr'>jura</span> <span class='ocrx_word' id='word_1_428' title='bbox 1348 3907 1559 3970; x_wconf 90' lang='lat' dir='ltr'>servantibus</span> <span class='ocrx_word' id='word_1_429' title='bbox 1575 3906 1612 3968; x_wconf 90' lang='lat' dir='ltr'>nt</span> <span class='ocrx_word' id='word_1_430' title='bbox 1630 3922 1696 3983; x_wconf 81' lang='lat' dir='ltr'>pax</span> <span class='ocrx_word' id='word_1_431' title='bbox 1721 3905 1855 3967; x_wconf 88' lang='lat' dir='ltr'>Domini</span> <span class='ocrx_word' id='word_1_432' title='bbox 1881 3893 1976 3962; x_wconf 92' lang='lat' dir='ltr'>nostri</span> <span class='ocrx_word' id='word_1_433' title='bbox 2046 3897 2047 3902; x_wconf 77' lang='grc'>’</span> 
     </span>
    </p>
   </div>
   <div class='ocr_carea' id='block_1_14' title="bbox 336 3997 1978 4275">
    <p class='ocr_par' dir='ltr' id='par_1_14' title="bbox 336 3997 1978 4275">
     <span class='ocr_line' id='line_1_38' title="bbox 336 3997 1977 4082; baseline -0.007 -20"><span class='ocrx_word' id='word_1_434' title='bbox 336 4001 368 4063; x_wconf 92' lang='lat' dir='ltr'>et</span> <span class='ocrx_word' id='word_1_435' title='bbox 382 4001 549 4063; x_wconf 89' lang='lat' dir='ltr'>absolutos</span> <span class='ocrx_word' id='word_1_436' title='bbox 563 4002 602 4062; x_wconf 90' lang='lat' dir='ltr'>ad</span> <span class='ocrx_word' id='word_1_437' title='bbox 618 4002 869 4064; x_wconf 89' lang='lat' dir='ltr'>conversionem</span> <span class='ocrx_word' id='word_1_438' title='bbox 886 4001 1035 4077; x_wconf 89' lang='lat' dir='ltr'>recipere</span> <span class='ocrx_word' id='word_1_439' title='bbox 1048 4001 1080 4061; x_wconf 89' lang='lat' dir='ltr'>et</span> <span class='ocrx_word' id='word_1_440' title='bbox 1099 3999 1134 4060; x_wconf 92' lang='lat' dir='ltr'>in</span> <span class='ocrx_word' id='word_1_441' title='bbox 1187 4007 1267 4068; x_wconf 83' lang='lat' dir='ltr'>Jesu</span> <span class='ocrx_word' id='word_1_442' title='bbox 1281 4005 1414 4078; x_wconf 80' lang='lat' dir='ltr'>christi,</span> <span class='ocrx_word' id='word_1_443' title='bbox 1432 4005 1593 4082; x_wconf 89' lang='lat' dir='ltr'>quatenus</span> <span class='ocrx_word' id='word_1_444' title='bbox 1610 4006 1643 4065; x_wconf 91' lang='lat' dir='ltr'>et</span> <span class='ocrx_word' id='word_1_445' title='bbox 1654 4004 1709 4064; x_wconf 89' lang='lat' dir='ltr'>bic</span> <span class='ocrx_word' id='word_1_446' title='bbox 1727 4003 1871 4065; x_wconf 88' lang='lat' dir='ltr'>fructum</span> <span class='ocrx_word' id='word_1_447' title='bbox 1892 3997 1977 4058; x_wconf 82' lang='lat' dir='ltr'>bonae</span> 
     </span>
     <span class='ocr_line' id='line_1_39' title="bbox 336 4085 1978 4180; baseline -0.009 -22"><span class='ocrx_word' id='word_1_448' title='bbox 336 4097 479 4159; x_wconf 91' lang='lat' dir='ltr'>ecclesia</span> <span class='ocrx_word' id='word_1_449' title='bbox 502 4101 609 4160; x_wconf 89' lang='lat' dir='ltr'>vestra</span> <span class='ocrx_word' id='word_1_450' title='bbox 639 4114 697 4159; x_wconf 89' lang='lat' dir='ltr'>eos</span> <span class='ocrx_word' id='word_1_451' title='bbox 725 4098 849 4176; x_wconf 90' lang='lat' dir='ltr'>absque</span> <span class='ocrx_word' id='word_1_452' title='bbox 874 4097 1134 4159; x_wconf 89' lang='lat' dir='ltr'>contradictione</span> <span class='ocrx_word' id='word_1_453' title='bbox 1189 4101 1329 4162; x_wconf 86' lang='lat' dir='ltr'>actionis</span> <span class='ocrx_word' id='word_1_454' title='bbox 1342 4101 1527 4180; x_wconf 89' lang='lat' dir='ltr'>percipiant</span> <span class='ocrx_word' id='word_1_455' title='bbox 1543 4103 1576 4162; x_wconf 89' lang='lat' dir='ltr'>et</span> <span class='ocrx_word' id='word_1_456' title='bbox 1598 4097 1685 4175; x_wconf 89' lang='lat' dir='ltr'>apud</span> <span class='ocrx_word' id='word_1_457' title='bbox 1698 4097 1884 4160; x_wconf 90' lang='lat' dir='ltr'>districtum</span> <span class='ocrx_word' id='word_1_458' title='bbox 1895 4085 1978 4169; x_wconf 88' lang='lat' dir='ltr'>jndi-</span> 
     </span>
     <span class='ocr_line' id='line_1_40' title="bbox 336 4189 1974 4275; baseline -0.004 -20"><span class='ocrx_word' id='word_1_459' title='bbox 336 4193 449 4270; x_wconf 89' lang='lat' dir='ltr'>aliqua</span> <span class='ocrx_word' id='word_1_460' title='bbox 475 4195 631 4255; x_wconf 89' lang='lat' dir='ltr'>retinere.</span> <span class='ocrx_word' id='word_1_461' title='bbox 659 4189 877 4255; x_wconf 82' lang='lat' dir='ltr'>Prohibemus</span> <span class='ocrx_word' id='word_1_462' title='bbox 901 4195 1062 4272; x_wconf 88' lang='lat' dir='ltr'>insuper,</span> <span class='ocrx_word' id='word_1_463' title='bbox 1100 4195 1136 4255; x_wconf 90' lang='lat' dir='ltr'>ut</span> <span class='ocrx_word' id='word_1_464' title='bbox 1189 4215 1257 4260; x_wconf 91' lang='lat' dir='ltr'>cem</span> <span class='ocrx_word' id='word_1_465' title='bbox 1270 4197 1407 4275; x_wconf 89' lang='lat' dir='ltr'>proemia</span> <span class='ocrx_word' id='word_1_466' title='bbox 1421 4199 1553 4259; x_wconf 85' lang='lat' dir='ltr'>aeternae</span> <span class='ocrx_word' id='word_1_467' title='bbox 1566 4197 1657 4274; x_wconf 90' lang='lat' dir='ltr'>pacis</span> <span class='ocrx_word' id='word_1_468' title='bbox 1673 4195 1855 4256; x_wconf 89' lang='lat' dir='ltr'>inveniant.</span> <span class='ocrx_word' id='word_1_469' title='bbox 1870 4194 1974 4252; x_wconf 80' lang='lat' dir='ltr'>Amen·</span> 
     </span>
    </p>
   </div>
   <div class='ocr_carea' id='block_1_15' title="bbox 336 4290 2047 4372">
    <p class='ocr_par' dir='ltr' id='par_1_15' title="bbox 336 4290 2047 4372">
     <span class='ocr_line' id='line_1_41' title="bbox 336 4290 2047 4372; baseline -0.002 -20"><span class='ocrx_word' id='word_1_470' title='bbox 336 4292 420 4353; x_wconf 91' lang='lat' dir='ltr'>nulli</span> <span class='ocrx_word' id='word_1_471' title='bbox 435 4292 574 4354; x_wconf 86' lang='lat' dir='ltr'>fratrum</span> <span class='ocrx_word' id='word_1_472' title='bbox 590 4293 775 4351; x_wconf 88' lang='lat' dir='ltr'>vestrorum</span> <span class='ocrx_word' id='word_1_473' title='bbox 791 4295 864 4367; x_wconf 90' lang='lat' dir='ltr'>post</span> <span class='ocrx_word' id='word_1_474' title='bbox 878 4290 997 4353; x_wconf 91' lang='lat' dir='ltr'>factam</span> <span class='ocrx_word' id='word_1_475' title='bbox 1014 4292 1049 4352; x_wconf 93' lang='lat' dir='ltr'>in</span> <span class='ocrx_word' id='word_1_476' title='bbox 1062 4292 1134 4352; x_wconf 88' lang='lat' dir='ltr'>loco</span> <span class='ocrx_word' id='word_1_477' title='bbox 1228 4296 1346 4357; x_wconf 89' lang='lat' dir='ltr'>Datum</span> <span class='ocrx_word' id='word_1_478' title='bbox 1362 4299 1475 4358; x_wconf 85' lang='lat' dir='ltr'>Romae</span> <span class='ocrx_word' id='word_1_479' title='bbox 1490 4293 1576 4372; x_wconf 92' lang='lat' dir='ltr'>apud</span> <span class='ocrx_word' id='word_1_480' title='bbox 1603 4293 1760 4355; x_wconf 87' lang='lat' dir='ltr'>Sanctum</span> <span class='ocrx_word' id='word_1_481' title='bbox 1773 4293 1907 4353; x_wconf 85' lang='lat' dir='ltr'>Petrum</span> <span class='ocrx_word' id='word_1_482' title='bbox 1925 4293 1976 4360; x_wconf 74' lang='lat' dir='ltr'>per</span> <span class='ocrx_word' id='word_1_483' title='bbox 2046 4319 2047 4322; x_wconf 17' lang='grc' dir='ltr'>π</span> 
     </span>
    </p>
   </div>
   <div class='ocr_carea' id='block_1_16' title="bbox 335 4379 1974 4955">
    <p class='ocr_par' dir='ltr' id='par_1_16' title="bbox 335 4379 1974 4860">
     <span class='ocr_line' id='line_1_42' title="bbox 335 4379 1974 4467; baseline -0.004 -16"><span class='ocrx_word' id='word_1_484' title='bbox 335 4391 446 4453; x_wconf 88' lang='lat' dir='ltr'>vestro</span> <span class='ocrx_word' id='word_1_485' title='bbox 470 4387 710 4467; x_wconf 82' lang='lat' dir='ltr'>professionem</span> <span class='ocrx_word' id='word_1_486' title='bbox 730 4386 780 4448; x_wconf 87' lang='lat' dir='ltr'>fas</span> <span class='ocrx_word' id='word_1_487' title='bbox 801 4387 845 4449; x_wconf 90' lang='lat' dir='ltr'>sit</span> <span class='ocrx_word' id='word_1_488' title='bbox 868 4387 908 4448; x_wconf 90' lang='lat' dir='ltr'>de</span> <span class='ocrx_word' id='word_1_489' title='bbox 926 4388 1040 4449; x_wconf 88' lang='lat' dir='ltr'>eodem</span> <span class='ocrx_word' id='word_1_490' title='bbox 1063 4389 1135 4450; x_wconf 89' lang='lat' dir='ltr'>loco</span> <span class='ocrx_word' id='word_1_491' title='bbox 1189 4409 1323 4454; x_wconf 91' lang='lat' dir='ltr'>manum</span> <span class='ocrx_word' id='word_1_492' title='bbox 1349 4393 1487 4455; x_wconf 84' lang='lat' dir='ltr'>Ranerii</span> <span class='ocrx_word' id='word_1_493' title='bbox 1511 4391 1634 4452; x_wconf 80' lang='lat' dir='ltr'>sanctae</span> <span class='ocrx_word' id='word_1_494' title='bbox 1657 4393 1814 4451; x_wconf 88' lang='lat' dir='ltr'>Romanae</span> <span class='ocrx_word' id='word_1_495' title='bbox 1829 4379 1974 4450; x_wconf 65' lang='lat' dir='ltr'>Ecclesiae</span> 
     </span>
     <span class='ocr_line' id='line_1_43' title="bbox 335 4477 1973 4566; baseline -0.009 -17"><span class='ocrx_word' id='word_1_496' title='bbox 335 4489 459 4566; x_wconf 89' lang='lat' dir='ltr'>absque</span> <span class='ocrx_word' id='word_1_497' title='bbox 472 4487 608 4550; x_wconf 88' lang='lat' dir='ltr'>licentia</span> <span class='ocrx_word' id='word_1_498' title='bbox 620 4489 671 4548; x_wconf 87' lang='lat' dir='ltr'>sui</span> <span class='ocrx_word' id='word_1_499' title='bbox 686 4485 813 4547; x_wconf 88' lang='lat' dir='ltr'>abbatis</span> <span class='ocrx_word' id='word_1_500' title='bbox 829 4484 893 4546; x_wconf 93' lang='lat' dir='ltr'>nisi</span> <span class='ocrx_word' id='word_1_501' title='bbox 907 4485 1046 4546; x_wconf 88' lang='lat' dir='ltr'>acrioris</span> <span class='ocrx_word' id='word_1_502' title='bbox 1061 4485 1136 4546; x_wconf 90' lang='lat' dir='ltr'>reli·</span> <span class='ocrx_word' id='word_1_503' title='bbox 1189 4490 1468 4562; x_wconf 86' lang='lat' dir='ltr'>vicecancellarii,</span> <span class='ocrx_word' id='word_1_504' title='bbox 1490 4489 1568 4550; x_wconf 84' lang='lat' dir='ltr'>XIII</span> <span class='ocrx_word' id='word_1_505' title='bbox 1588 4487 1750 4550; x_wconf 85' lang='lat' dir='ltr'>kalendas</span> <span class='ocrx_word' id='word_1_506' title='bbox 1765 4486 1854 4565; x_wconf 77' lang='lat' dir='ltr'>Junii</span> <span class='ocrx_word' id='word_1_507' title='bbox 1875 4477 1973 4543; x_wconf 91' lang='lat' dir='ltr'>indic-</span> 
     </span>
     <span class='ocr_line' id='line_1_44' title="bbox 335 4582 1973 4661; baseline -0.004 -15"><span class='ocrx_word' id='word_1_508' title='bbox 335 4587 444 4661; x_wconf 76' lang='lat' dir='ltr'>pionis</span> <span class='ocrx_word' id='word_1_509' title='bbox 457 4585 591 4648; x_wconf 85' lang='lat' dir='ltr'>obtentu</span> <span class='ocrx_word' id='word_1_510' title='bbox 607 4585 786 4646; x_wconf 89' lang='lat' dir='ltr'>discedere.</span> <span class='ocrx_word' id='word_1_511' title='bbox 811 4582 1042 4645; x_wconf 71' lang='lat' dir='ltr'>discedentem</span> <span class='ocrx_word' id='word_1_512' title='bbox 1056 4599 1135 4644; x_wconf 89' lang='lat' dir='ltr'>vero</span> <span class='ocrx_word' id='word_1_513' title='bbox 1188 4588 1278 4650; x_wconf 88' lang='lat' dir='ltr'>tione</span> <span class='ocrx_word' id='word_1_514' title='bbox 1302 4590 1388 4660; x_wconf 86' lang='lat' dir='ltr'>VIII,</span> <span class='ocrx_word' id='word_1_515' title='bbox 1410 4585 1652 4649; x_wconf 88' lang='lat' dir='ltr'>incarnationis</span> <span class='ocrx_word' id='word_1_516' title='bbox 1684 4583 1865 4646; x_wconf 84' lang='lat' dir='ltr'>Dominicae</span> <span class='ocrx_word' id='word_1_517' title='bbox 1897 4585 1973 4638; x_wconf 78' lang='lat' dir='ltr'>anno</span> 
     </span>
     <span class='ocr_line' id='line_1_45' title="bbox 336 4666 1972 4762; baseline -0.004 -19"><span class='ocrx_word' id='word_1_518' title='bbox 336 4685 408 4745; x_wconf 90' lang='lat' dir='ltr'>sine</span> <span class='ocrx_word' id='word_1_519' title='bbox 419 4684 640 4745; x_wconf 92' lang='lat' dir='ltr'>communium</span> <span class='ocrx_word' id='word_1_520' title='bbox 653 4683 840 4745; x_wconf 89' lang='lat' dir='ltr'>litterarum</span> <span class='ocrx_word' id='word_1_521' title='bbox 853 4682 1039 4743; x_wconf 90' lang='lat' dir='ltr'>vostrarum</span> <span class='ocrx_word' id='word_1_522' title='bbox 1056 4697 1137 4742; x_wconf 89' lang='lat' dir='ltr'>cau·</span> <span class='ocrx_word' id='word_1_523' title='bbox 1190 4687 1390 4757; x_wconf 86' lang='lat' dir='ltr'>MCCXVllI,</span> <span class='ocrx_word' id='word_1_524' title='bbox 1399 4684 1610 4762; x_wconf 88' lang='lat' dir='ltr'>pontificatus</span> <span class='ocrx_word' id='word_1_525' title='bbox 1623 4698 1702 4744; x_wconf 88' lang='lat' dir='ltr'>vero</span> <span class='ocrx_word' id='word_1_526' title='bbox 1713 4680 1838 4745; x_wconf 87' lang='lat' dir='ltr'>domini</span> <span class='ocrx_word' id='word_1_527' title='bbox 1849 4666 1972 4741; x_wconf 78' lang='lat' dir='ltr'>Honori</span> 
     </span>
     <span class='ocr_line' id='line_1_46' title="bbox 336 4779 1611 4860; baseline 0 -18"><span class='ocrx_word' id='word_1_528' title='bbox 336 4781 427 4842; x_wconf 89' lang='lat' dir='ltr'>tione</span> <span class='ocrx_word' id='word_1_529' title='bbox 445 4781 556 4842; x_wconf 87' lang='lat' dir='ltr'>nullus</span> <span class='ocrx_word' id='word_1_530' title='bbox 570 4781 691 4842; x_wconf 90' lang='lat' dir='ltr'>audeat</span> <span class='ocrx_word' id='word_1_531' title='bbox 705 4782 860 4841; x_wconf 88' lang='lat' dir='ltr'>retinere.</span> <span class='ocrx_word' id='word_1_532' title='bbox 878 4781 914 4840; x_wconf 92' lang='lat' dir='ltr'>In</span> <span class='ocrx_word' id='word_1_533' title='bbox 933 4779 1137 4856; x_wconf 88' lang='lat' dir='ltr'>parochiali·</span> <span class='ocrx_word' id='word_1_534' title='bbox 1189 4799 1283 4860; x_wconf 85' lang='lat' dir='ltr'>papae</span> <span class='ocrx_word' id='word_1_535' title='bbox 1294 4785 1340 4844; x_wconf 92' lang='lat' dir='ltr'>lll</span> <span class='ocrx_word' id='word_1_536' title='bbox 1355 4797 1442 4844; x_wconf 90' lang='lat' dir='ltr'>anno</span> <span class='ocrx_word' id='word_1_537' title='bbox 1456 4781 1611 4842; x_wconf 87' lang='lat' dir='ltr'>secundo.</span> 
     </span>
    </p>

    <p class='ocr_par' dir='ltr' id='par_1_17' title="bbox 337 4875 1135 4955">
     <span class='ocr_line' id='line_1_47' title="bbox 337 4875 1135 4955; baseline -0.001 -18"><span class='ocrx_word' id='word_1_538' title='bbox 337 4875 398 4938; x_wconf 89' lang='lat' dir='ltr'>bus</span> <span class='ocrx_word' id='word_1_539' title='bbox 412 4893 491 4940; x_wconf 90' lang='lat' dir='ltr'>vero</span> <span class='ocrx_word' id='word_1_540' title='bbox 502 4879 663 4950; x_wconf 88' lang='lat' dir='ltr'>ecclesiis,</span> <span class='ocrx_word' id='word_1_541' title='bbox 681 4894 763 4955; x_wconf 92' lang='lat' dir='ltr'>quas</span> <span class='ocrx_word' id='word_1_542' title='bbox 777 4877 908 4950; x_wconf 86' lang='lat' dir='ltr'>tenetis,</span> <span class='ocrx_word' id='word_1_543' title='bbox 926 4877 1025 4938; x_wconf 84' lang='lat' dir='ltr'>liccat</span> <span class='ocrx_word' id='word_1_544' title='bbox 1040 4876 1135 4938; x_wconf 92' lang='lat' dir='ltr'>vobis</span> 
     </span>
    </p>
   </div>
   <div class='ocr_carea' id='block_1_17' title="bbox 310 4924 1969 5148">
    <p class='ocr_par' dir='ltr' id='par_1_18' title="bbox 310 4924 1969 5148">
     <span class='ocr_line' id='line_1_48' title="bbox 310 4924 1917 5055; baseline -0.012 -19"><span class='ocrx_word' id='word_1_545' title='bbox 310 4957 477 5035; x_wconf 77' lang='lat' dir='ltr'>&#39;clericos</span> <span class='ocrx_word' id='word_1_546' title='bbox 492 4975 617 5050; x_wconf 89' lang='lat' dir='ltr'>eligere</span> <span class='ocrx_word' id='word_1_547' title='bbox 631 4977 665 5037; x_wconf 88' lang='lat' dir='ltr'>et</span> <span class='ocrx_word' id='word_1_548' title='bbox 679 4975 811 5036; x_wconf 91' lang='lat' dir='ltr'>domino</span> <span class='ocrx_word' id='word_1_549' title='bbox 826 4975 980 5052; x_wconf 91' lang='lat' dir='ltr'>episcopo</span> <span class='ocrx_word' id='word_1_550' title='bbox 994 4989 1137 5052; x_wconf 85' lang='lat' dir='ltr'>praesen·</span> <span class='ocrx_word' id='word_1_551' title='bbox 1531 4924 1643 5010; x_wconf 70' lang='lat' dir='ltr'>GCLI</span> <span class='ocrx_word' id='word_1_552' title='bbox 1899 5041 1917 5055; x_wconf 93' lang='lat'>..</span> 
     </span>
     <span class='ocr_line' id='line_1_49' title="bbox 336 5035 1969 5148; baseline -0.013 -13"><span class='ocrx_word' id='word_1_553' title='bbox 336 5074 420 5143; x_wconf 89' lang='lat' dir='ltr'>tare,</span> <span class='ocrx_word' id='word_1_554' title='bbox 449 5069 579 5148; x_wconf 91' lang='lat' dir='ltr'>quibus,</span> <span class='ocrx_word' id='word_1_555' title='bbox 606 5073 635 5132; x_wconf 90' lang='lat' dir='ltr'>si</span> <span class='ocrx_word' id='word_1_556' title='bbox 662 5071 773 5133; x_wconf 90' lang='lat' dir='ltr'>idonei</span> <span class='ocrx_word' id='word_1_557' title='bbox 796 5072 936 5144; x_wconf 87' lang='lat' dir='ltr'>fuerint,</span> <span class='ocrx_word' id='word_1_558' title='bbox 962 5071 1136 5148; x_wconf 87' lang='lat' dir='ltr'>episcopus</span> <span class='ocrx_word' id='word_1_559' title='bbox 1189 5052 1241 5111; x_wconf 79' lang='lat' dir='ltr'>Ad</span> <span class='ocrx_word' id='word_1_560' title='bbox 1262 5049 1417 5111; x_wconf 62' lang='lat' dir='ltr'>abbatem</span> <span class='ocrx_word' id='word_1_561' title='bbox 1439 5049 1473 5110; x_wconf 67' lang='lat' dir='ltr'>ef</span> <span class='ocrx_word' id='word_1_562' title='bbox 1490 5049 1697 5110; x_wconf 55' lang='lat' dir='ltr'>&amp;nitentum</span> <span class='ocrx_word' id='word_1_563' title='bbox 1715 5045 1916 5106; x_wconf 62' lang='lat' dir='ltr'>dwnassleflt</span> <span class='ocrx_word' id='word_1_564' title='bbox 1935 5035 1969 5094; x_wconf 83' lang='lat' dir='ltr'>dc</span> 
     </span>
    </p>
   </div>
   <div class='ocr_carea' id='block_1_18' title="bbox 338 5143 1900 5246">
    <p class='ocr_par' dir='ltr' id='par_1_19' title="bbox 338 5143 1900 5246">
     <span class='ocr_line' id='line_1_50' title="bbox 338 5143 1900 5246; baseline -0.013 -14"><span class='ocrx_word' id='word_1_565' title='bbox 338 5185 452 5232; x_wconf 94' lang='lat' dir='ltr'>curam</span> <span class='ocrx_word' id='word_1_566' title='bbox 468 5169 653 5229; x_wconf 89' lang='lat' dir='ltr'>animarum</span> <span class='ocrx_word' id='word_1_567' title='bbox 667 5169 858 5242; x_wconf 90' lang='lat' dir='ltr'>committat,</span> <span class='ocrx_word' id='word_1_568' title='bbox 876 5170 912 5231; x_wconf 88' lang='lat' dir='ltr'>ut</span> <span class='ocrx_word' id='word_1_569' title='bbox 924 5168 955 5230; x_wconf 90' lang='lat' dir='ltr'>ei</span> <span class='ocrx_word' id='word_1_570' title='bbox 972 5169 1012 5230; x_wconf 95' lang='lat' dir='ltr'>de</span> <span class='ocrx_word' id='word_1_571' title='bbox 1032 5169 1135 5246; x_wconf 92' lang='lat' dir='ltr'>spiri·</span> <span class='ocrx_word' id='word_1_572' title='bbox 1277 5147 1381 5209; x_wconf 77' lang='lat' dir='ltr'>steca</span> <span class='ocrx_word' id='word_1_573' title='bbox 1392 5145 1743 5207; x_wconf 69' lang='lat' dir='ltr'>praemonstratenses</span> <span class='ocrx_word' id='word_1_574' title='bbox 1757 5143 1900 5204; x_wconf 60' lang='lat' dir='ltr'>ordivit&amp;</span> 
     </span>
    </p>
   </div>
   <div class='ocr_carea' id='block_1_19' title="bbox 278 5257 1947 5533">
    <p class='ocr_par' dir='ltr' id='par_1_20' title="bbox 278 5257 1947 5533">
     <span class='ocr_line' id='line_1_51' title="bbox 337 5257 1690 5344; baseline -0.014 -13"><span class='ocrx_word' id='word_1_575' title='bbox 337 5266 496 5341; x_wconf 90' lang='lat' dir='ltr'>tualibus,</span> <span class='ocrx_word' id='word_1_576' title='bbox 508 5266 602 5328; x_wconf 90' lang='lat' dir='ltr'>vobis</span> <span class='ocrx_word' id='word_1_577' title='bbox 613 5265 1138 5344; x_wconf 88' lang='lat' dir='ltr'>verodetemporalibusdebeant</span> <span class='ocrx_word' id='word_1_578' title='bbox 1485 5257 1518 5316; x_wconf 89' lang='grc'>16</span> <span class='ocrx_word' id='word_1_579' title='bbox 1533 5259 1591 5315; x_wconf 90' lang='lat' dir='ltr'>mai</span> <span class='ocrx_word' id='word_1_580' title='bbox 1611 5257 1690 5314; x_wconf 74' lang='grc'><strong>1118.</strong></span> 
     </span>
     <span class='ocr_line' id='line_1_52' title="bbox 278 5351 1853 5443; baseline -0.007 -16"><span class='ocrx_word' id='word_1_581' title='bbox 278 5424 282 5434; x_wconf 89' lang='grc'><em>,</em></span> <span class='ocrx_word' id='word_1_582' title='bbox 339 5366 551 5443; x_wconf 87' lang='lat' dir='ltr'>respondere.</span> <span class='ocrx_word' id='word_1_583' title='bbox 576 5363 785 5442; x_wconf 80' lang='lat' dir='ltr'>sepulturam</span> <span class='ocrx_word' id='word_1_584' title='bbox 808 5380 938 5440; x_wconf 89' lang='lat' dir='ltr'>quoque</span> <span class='ocrx_word' id='word_1_585' title='bbox 953 5364 1057 5441; x_wconf 90' lang='lat' dir='ltr'>ipsius</span> <span class='ocrx_word' id='word_1_586' title='bbox 1072 5363 1137 5425; x_wconf 90' lang='lat' dir='ltr'>loci</span> <span class='ocrx_word' id='word_1_587' title='bbox 1325 5354 1532 5422; x_wconf 78' lang='lat' dir='ltr'>[Galbacnrist.,</span> <span class='ocrx_word' id='word_1_588' title='bbox 1543 5359 1562 5404; x_wconf 85' lang='lat' dir='ltr'>t.</span> <span class='ocrx_word' id='word_1_589' title='bbox 1576 5353 1641 5412; x_wconf 86' lang='lat' dir='ltr'>vni,</span> <span class='ocrx_word' id='word_1_590' title='bbox 1654 5353 1774 5417; x_wconf 78' lang='lat' dir='ltr'>instr.,p.</span> <span class='ocrx_word' id='word_1_591' title='bbox 1785 5351 1853 5417; x_wconf 63' lang='grc'>1391</span> 
     </span>
     <span class='ocr_line' id='line_1_53' title="bbox 339 5438 1947 5533; baseline -0.017 -8"><span class='ocrx_word' id='word_1_592' title='bbox 339 5461 479 5523; x_wconf 86' lang='lat' dir='ltr'>liberam</span> <span class='ocrx_word' id='word_1_593' title='bbox 503 5479 577 5525; x_wconf 87' lang='lat' dir='ltr'>esse</span> <span class='ocrx_word' id='word_1_594' title='bbox 599 5461 819 5533; x_wconf 87' lang='lat' dir='ltr'>concedimus,</span> <span class='ocrx_word' id='word_1_595' title='bbox 847 5462 882 5523; x_wconf 91' lang='lat' dir='ltr'>ut</span> <span class='ocrx_word' id='word_1_596' title='bbox 901 5477 1014 5522; x_wconf 84' lang='lat' dir='ltr'>eorum</span> <span class='ocrx_word' id='word_1_597' title='bbox 1034 5461 1137 5522; x_wconf 78' lang='lat' dir='ltr'>‹levo-</span> <span class='ocrx_word' id='word_1_598' title='bbox 1218 5453 1274 5513; x_wconf 85' lang='lat' dir='ltr'>sub</span> <span class='ocrx_word' id='word_1_599' title='bbox 1289 5453 1367 5514; x_wconf 83' lang='lat' dir='ltr'>beati</span> <span class='ocrx_word' id='word_1_600' title='bbox 1377 5455 1450 5512; x_wconf 88' lang='lat' dir='ltr'>Petri</span> <span class='ocrx_word' id='word_1_601' title='bbox 1464 5463 1493 5511; x_wconf 85' lang='lat' dir='ltr'>et</span> <span class='ocrx_word' id='word_1_602' title='bbox 1503 5469 1554 5510; x_wconf 87' lang='lat' dir='ltr'>sua</span> <span class='ocrx_word' id='word_1_603' title='bbox 1572 5453 1749 5526; x_wconf 83' lang='lat' dir='ltr'>protectione</span> <span class='ocrx_word' id='word_1_604' title='bbox 1759 5449 1877 5523; x_wconf 85' lang='lat' dir='ltr'>suscipit</span> <span class='ocrx_word' id='word_1_605' title='bbox 1891 5438 1947 5503; x_wconf 87' lang='lat' dir='ltr'>illud</span> 
     </span>
    </p>
   </div>
   <div class='ocr_carea' id='block_1_20' title="bbox 337 5541 1966 5734">
    <p class='ocr_par' dir='ltr' id='par_1_21' title="bbox 337 5541 1966 5734">
     <span class='ocr_line' id='line_1_54' title="bbox 338 5541 1955 5646; baseline -0.004 -24"><span class='ocrx_word' id='word_1_606' title='bbox 338 5559 423 5622; x_wconf 90' lang='lat' dir='ltr'>tioni</span> <span class='ocrx_word' id='word_1_607' title='bbox 438 5560 471 5621; x_wconf 91' lang='lat' dir='ltr'>et</span> <span class='ocrx_word' id='word_1_608' title='bbox 483 5559 639 5623; x_wconf 86' lang='lat' dir='ltr'>extremae</span> <span class='ocrx_word' id='word_1_609' title='bbox 653 5558 828 5632; x_wconf 89' lang='lat' dir='ltr'>voluntati,</span> <span class='ocrx_word' id='word_1_610' title='bbox 846 5559 902 5636; x_wconf 93' lang='lat' dir='ltr'>qui</span> <span class='ocrx_word' id='word_1_611' title='bbox 915 5575 951 5620; x_wconf 90' lang='lat' dir='ltr'>se</span> <span class='ocrx_word' id='word_1_612' title='bbox 963 5559 1033 5621; x_wconf 88' lang='lat' dir='ltr'>illic</span> <span class='ocrx_word' id='word_1_613' title='bbox 1048 5573 1140 5636; x_wconf 87' lang='lat' dir='ltr'>sope-</span> <span class='ocrx_word' id='word_1_614' title='bbox 1482 5541 1698 5600; x_wconf 65' lang='lat' dir='ltr'>ffl⁰ss⁸⁸¹0il⁰¹¹l</span> <span class='ocrx_word' id='word_1_615' title='bbox 1950 5633 1955 5646; x_wconf 93' lang='lat'><strong>.</strong></span> 
     </span>
     <span class='ocr_line' id='line_1_55' title="bbox 337 5644 1966 5734; baseline -0.007 -17"><span class='ocrx_word' id='word_1_616' title='bbox 337 5655 393 5717; x_wconf 92' lang='lat' dir='ltr'>liri</span> <span class='ocrx_word' id='word_1_617' title='bbox 420 5655 701 5734; x_wconf 88' lang='lat' dir='ltr'>deliberaverint;</span> <span class='ocrx_word' id='word_1_618' title='bbox 731 5657 797 5719; x_wconf 89' lang='lat' dir='ltr'>nisi</span> <span class='ocrx_word' id='word_1_619' title='bbox 826 5657 912 5720; x_wconf 87' lang='lat' dir='ltr'>forte</span> <span class='ocrx_word' id='word_1_620' title='bbox 941 5671 1136 5720; x_wconf 78' lang='lat' dir='ltr'>excommu-</span> <span class='ocrx_word' id='word_1_621' title='bbox 1231 5651 1397 5715; x_wconf 87' lang='lat' dir='ltr'>Honorius</span> <span class='ocrx_word' id='word_1_622' title='bbox 1408 5651 1898 5730; x_wconf 77' lang='lat' dir='ltr'>episcopusservusservorum</span> <span class='ocrx_word' id='word_1_623' title='bbox 1910 5644 1966 5705; x_wconf 70' lang='lat' dir='ltr'>Del,</span> 
     </span>
    </p>
   </div>
   <div class='ocr_carea' id='block_1_21' title="bbox 0 0 2090 6308">
    <p class='ocr_par' dir='ltr' id='par_1_22' title="bbox 0 0 2090 6308">
     <span class='ocr_line' id='line_1_56' title="bbox 0 0 2090 6308; baseline 0 0"><span class='ocrx_word' id='word_1_624' title='bbox 0 0 2090 6308; x_wconf 95' lang='lat' dir='ltr'> </span> 
     </span>
    </p>
   </div>
  </div>
 </body>
</html>
