3994 6326
249 391 308 448 623
870 395 1044 460 uorttuul
1068 399 1111 459 111
1134 400 1281 462 OPERA.
1838 411 1888 470 eit

249 549 413 628 episcopis
428 552 615 629 inquorum
629 553 917 618 dioecesibussunt
931 555 1047 618 domus
1433 569 1567 658 CXXX

249 646 469 719 carthusien..
490 649 618 712 ordinis
639 653 839 726 constituta,
858 653 1048 718 salutemet
1650 715 1658 726 .

247 745 464 822 apostolicam
479 746 755 812 benedictionem·
1100 711 1153 770 Ad
1158 713 1316 785 priorem
1326 712 1573 774 ctcoaoeatum
1582 717 1887 789 compendiensem.

164 895 170 902 .
287 845 391 914 ouum
425 843 537 907 ouem
562 847 623 908 alu
649 847 770 910 fratres
797 847 1046 909 carthusiensis
1406 824 1493 884 isal·
1511 825 1590 886 ¹²¹⁸·

246 941 384 1015 ordinis,
401 944 546 1020 acceptis
566 946 684 1022 pennis
704 946 864 1008 columbae
877 945 912 1006 in
926 945 1045 1008 mentis
1131 928 1252 993 [negot.,
1267 930 1312 982 Μ’·
1322 931 1354 990 ¹¹·
1365 931 1441 995 ⁰⁹5⁸&
1450 931 1507 982 ⁸3³·
1521 934 1579 984 ¹⁵⁸·
1592 934 1629 984 ¹⁴²
1639 935 1712 986 P⁰¹¹⁰
1725 935 1761 986 ‘¹¹¹
1771 936 1862 1000 rnen}

246 1038 457 1101 solitudinem
478 1042 654 1110 evolarint,
680 1043 814 1121 illicque
838 1059 898 1120 pro
920 1043 989 1104 suis
1013 1045 1046 1106 et
1099 1027 1889 1104 Neiemlllfleiiiubditfli⁰¹1tl¹¹i⁸010⁰m¹¹¹111150³ti⁰sse

246 1136 387 1198 aliorum
411 1141 556 1216 peccatis
582 1141 752 1217 gemendis
777 1143 811 1202 in
836 1156 896 1203 ara
922 1140 1042 1212 cordis,
1270 1118 1315 1175 V³¹
1330 1117 1726 1194 ¹⁰¹⁸'di010³¹¹¹ssffll³⁰⁸⁸i¹·

245 1235 398 1297 mactatis
426 1237 616 1298 carnalibus
643 1239 834 1310 desideriis,
863 1239 1044 1300 bolecaus-
1139 1233 1317 1307 Honorius,
1341 1236 1416 1308 eto,
1440 1235 1570 1298 dilectis
1591 1237 1707 1299 filiisu·
1732 1239 1838 1316 priori
1862 1242 1889 1302 ei

245 1333 1042 1414 tumofferentesDominosemetipsosnepedes,
1099 1330 1276 1392 conventui
1288 1331 1553 1408 Compendiensi.

244 1447 327 1506 quos
349 1432 510 1506 laverant,
533 1436 694 1509 cogantur
712 1435 832 1497 iterum
853 1435 1042 1512 inquinare,
1137 1428 1451 1506 Justispetelltillffl2
1468 1447 1601 1506 itique-¹
1620 1431 1827 1511 complere...
1850 1437 1888 1496 En

244 1527 444 1592 fraternitati
468 1532 588 1592 vestrae
614 1547 674 1609 per
701 1533 891 1609 Apostolica
920 1533 1043 1610 scripta
1098 1526 1233 1603 propter
1247 1543 1566 1602 usone:assensu...
1582 1531 1790 1594 Auctoritate
1810 1549 1888 1610 prae-

244 1626 451 1700 mandamus‚
465 1631 627 1704 quatenus
643 1629 780 1708 quilibet
792 1630 938 1692 vestrum
949 1646 1044 1707 paro-
1098 1623 1243 1685 sentium
1266 1624 1456 1689 inhibemus
1471 1643 1514 1689 ne
1529 1628 1651 1706 aliquis
1666 1629 1887 1708 archiepisco-

243 1723 381 1784 cliianos
395 1741 483 1797 sace,
497 1728 553 1803 qui
564 1743 620 1789 eos
634 1727 909 1805 praesumpserint
917 1730 1042 1790 temere
1097 1736 1225 1796 Porum,
1253 1723 1306 1784 vel
1328 1723 1570 1802 episcoporum,
1598 1743 1658 1788 seu
1672 1727 1740 1788 alia
1755 1743 1888 1804 persona

243 1821 432 1894 molestare,
458 1825 493 1884 ut
508 1841 608 1902 super
627 1824 690 1886 hoc
709 1826 759 1886 eis
774 1824 918 1888 debitam
941 1826 1043 1888 satis.
1097 1817 1340 1888 ecclesiastica,
1368 1821 1607 1883 ministeriales
1626 1838 1686 1884 seu
1712 1825 1888 1886 servientes

241 1917 418 1980 sectionem
434 1921 638 1998 impendant,
653 1924 835 1986 monitione
856 1923 1040 2001 praemissa,
1097 1917 1291 1979 monasterii
1312 1919 1414 1981 vestri
1429 1919 1464 1980 in
1480 1919 1585 1998 ipsius
1607 1918 1778 1999 obsequiis
1794 1923 1888 1982 insis-

242 2032 301 2093 per
328 2034 504 2080 censuram
532 2020 796 2084 ecclesiasticam
819 2021 1042 2099 appellatione
1096 2015 1888 2098 tess10⁸‚isst0tdicel0‚V010100111111¹111i0³1¹0prae⁴

241 2116 368 2177 remota
386 2117 572 2194 eonspellat.
1097 2114 1215 2184 sumat,
1238 2114 1384 2194 quandiu
1400 2130 1459 2177 vos
1483 2115 1591 2192 parati
1613 2115 1693 2178 estis
1715 2116 1757 2177 de
1772 2116 1840 2178 illis
1859 2117 1888 2178 in

281 2215 489 2290 thuoniam
503 2215 613 2289 iidem,
629 2217 664 2279 ut
678 2217 854 2289 credimus,
868 2217 1042 2279 adeptum.
1096 2211 1190 2272 curia
1215 2214 1327 2274 restra
1351 2212 1487 2274 cuilibet
1517 2214 1732 2292 conquerenti
1756 2215 1888 2292 justitie

241 2310 332 2370 niam
354 2315 575 2390 projecerunt,
601 2315 798 2376 auctoritate
827 2316 1041 2392 praesentium
1097 2307 1334 2384 plenitudinem
1345 2309 1516 2379 exhibere,
1528 2310 1595 2371 nisi
1612 2309 1725 2372 forsan
1738 2327 1888 2374 excessus

239 2407 439 2481 inhibemus,
457 2425 498 2472 ne
514 2411 587 2489 quis
601 2411 729 2488 priores
745 2428 804 2474 seu
820 2411 939 2475 iratres
954 2413 1042 2475 ordi·
1096 2405 1139 2468 sit
1171 2405 1254 2468 adeo
1285 2407 1495 2480 manifestus,
1531 2409 1618 2486 quod
1644 2408 1888 2487 justificationis

240 2506 293 2565 nis
322 2508 495 2569 memorati
524 2508 636 2571 subire
660 2511 835 2587 compellat
863 2511 1040 2572 calumniae
1096 2503 1188 2566 locus
1210 2504 1322 2566 nullus
1337 2505 1470 2578 existat,
1494 2522 1553 2568 seu
1567 2507 1615 2568 ita
1631 2507 1789 2580 enormis,
1811 2506 1889 2584 quod

236 2604 473 2678 juramentum,
503 2621 564 2666 nec
585 2605 686 2667 iidem
702 2608 742 2668 ad
758 2607 931 2669 terendum
945 2609 1042 2670 testi·
1096 2601 1137 2662 ad
1162 2604 1310 2663 vestrum
1337 2603 1501 2680 judicium
1532 2619 1599 2665 non
1629 2605 1810 2681 pertineat,
1842 2604 1888 2664 vei

240 2701 388 2761 monium
404 2703 687 2778 coganturinriti.
1091 2697 1307 2776 judiciarium
1339 2701 1489 2762 ordinem
1516 2718 1582 2763 non
1612 2703 1772 2780 requirat
1803 2701 1888 2764 Nulli

280 2799 398 2859 Datum
424 2800 592 2874 Laterani,
607 2795 737 2878 'quinto
763 2801 839 2863 idus
867 2802 1038 2875 februarii,
1095 2812 1186 2873 ergo,
1205 2797 1279 2870 etc,
1300 2801 1424 2860 ROSttae
1444 2797 1665 2862 inhibitionis·
1688 2799 1723 2861 Si
1739 2800 1814 2877 duis
1828 2817 1887 2862 au·

241 2895 452 2975 pontideatus
466 2899 572 2962 nostri
588 2915 677 2961 anno
692 2899 847 2963 secundo,
1094 2895 1172 2966 tem,
1198 2895 1260 2955 etc.
1289 2896 1407 2956 Datum
1429 2896 1586 2959 Laterani
1609 2897 1725 2976 quinto
1743 2897 1819 2959 idus
1844 2897 1889 2958 ie-

1094 2990 1223 3052 bruarii
1235 3006 1323 3054 anno
1338 2993 1495 3056 secundo.

324 3228 816 3296 Adelbatcmetcoaoentum
834 3231 953 3294 Seactl
1365 3299 1372 3312 ι
1414 3153 1570 3242 CXXXI

419 3327 664 3401 sumpserant
680 3329 858 3391 Marem·
1094 3298 1145 3358 Ad
1158 3298 1325 3358 decertum
1334 3297 1529 3369 Sdoaacct„
1541 3297 1722 3360 cantorem
1731 3301 1885 3360 Noctem.

1133 3394 1167 3456 ei
1174 3397 1331 3468 priorem
1345 3395 1458 3456 sarmit
1470 3397 1604 3457 Nicolat
1618 3397 1794 3458 suession.
1805 3399 1886 3456 dioe-

551 3458 568 3515 9
583 3455 638 3517 nb.
653 3458 732 3518 litt.
1103 3514 1108 3530 ,
1133 3494 1231 3555 cem·

270 3567 390 3634 [blegent.
406 3569 450 3621 lib.
464 3571 717 3636 inopinatilm.
730 3574 767 3625 La
781 3573 903 3624 Pertedu
914 3573 1008 3640 riteh]
1400 3569 1417 3626 9
1432 3567 1489 3627 seb.
1505 3570 1583 3628 iiie.

321 3679 523 3736 possessiones
537 3679 613 3736 illius
626 3688 785 3738 conventus
799 3680 959 3739 confirmat.
1125 3676 1247 3742 [amn.,
1259 3674 1305 3726 tih.
1320 3674 1352 3732 ll.
1365 3675 1507 3741 tihi-⁸39·
1521 3677 1580 3728 ¹¹⁸³·
1590 3678 1626 3728 ln
1638 3677 1712 3728 P⁰¹¹⁰
1722 3678 1757 3730 ‘¹1¹
1768 3679 1855 3744 rheti]

277 3796 460 3870 Honorius,
492 3797 567 3867 020„
600 3796 730 3866 dilectis
760 3797 838 3860 fflfls
868 3797 979 3862 abbati
1007 3800 1040 3861 et
1094 3784 1398 3842 Annulumetmitram
1412 3783 1881 3860 conceditabhstitiompendiensi.

239 3894 417 3956 conventui
434 3897 547 3957 Sancti
563 3897 797 3974 symphoriani
816 3899 938 3961 Meton.
1133 3893 1314 3967 Honorius,
1332 3897 1410 3969 etc,
1425 3893 1555 3956 dilectis
1577 3895 1655 3955 tiliis
1670 3895 1797 3958 decano
1819 3898 1880 3958 Sil·

278 3993 384 4063 Quum
401 4007 420 4052 a
438 3992 533 4053 nohis
548 3995 707 4070 petitur...
726 4010 855 4069 usque:
871 3996 1037 4072 perduca-
1093 3993 1292 4054 vanecten...
1315 3991 1444 4055 cantori
1464 3993 1675 4065 Noviomen„
1698 3995 1770 4056 et...
1787 3995 1881 4071 priori

237 4089 293 4150 tur
305 4087 469 4149 effectum.
484 4092 531 4151 Ea
546 4091 689 4166 propter,
715 4107 822 4165 usque
836 4108 1037 4154 :assensu...
1095 4091 1206 4152 Sancti
1228 4090 1359 4153 Nicolai
1381 4091 1416 4152 in
1439 4093 1543 4152 Bosco
1568 4092 1782 4153 suessionen.
1802 4093 1881 4153 dite·

238 4183 421 4247 Ecclesiam
442 4187 556 4247 Sancti
583 4186 802 4263 stephanide
823 4192 941 4267 Arajes
963 4207 1038 4252 cum
1093 4188 1189 4249 cesis.

239 4280 392 4343 omnibus
407 4283 1038 4360 pertinentiissuisavenerabiliiratri
1133 4289 1239 4358 Quum
1268 4285 1364 4349 robis
1392 4286 1523 4348 nostras
1554 4285 1669 4348 demus
1698 4286 1826 4351 litteras
1847 4287 1878 4347 in

237 4381 390 4442 nostro...
419 4381 540 4442 Meten.
564 4381 721 4459 episcopo
742 4383 926 4460 imperialis
952 4386 1038 4448 aulae
1093 4383 1268 4455 mandatis,
1284 4385 1319 4444 ui
1334 4383 1701 4445 examinataelectione
1715 4384 1877 4446 dedilecto

237 4478 450 4551 cancellario,
474 4479 588 4540 dilecti
608 4479 669 4540 iiiii
683 4477 811 4542 Elionis
833 4483 953 4544 Meten.
977 4499 1030 4545 ar·
1094 4481 1161 4541 tilio
1176 4479 1309 4542 alberto
1325 4480 1488 4542 monacho
1502 4481 1739 4557 compendien.
1756 4497 1879 4544 monas·

237 4575 436 4649 obidiaconi,
452 4577 487 4637 in
510 4581 606 4657 cujus
624 4578 899 4642 archidiaconatu
922 4582 1036 4642 eadem
1092 4578 1168 4640 terii
1180 4578 1215 4639 in
1229 4579 1344 4639 eodem
1357 4578 1560 4639 monasterio
1571 4576 1751 4652 celebrata,
1765 4580 1879 4657 pariter

238 4673 391 4738 consistit
412 4675 556 4737 ecclesia
582 4676 826 4739 interveniente
855 4693 1035 4752 consensu,
1092 4680 1125 4738 et
1146 4677 1261 4747 electo,
1290 4675 1318 4736 si
1338 4691 1412 4738 eam
1431 4675 1473 4735 de
1490 4691 1632 4752 persona
1652 4675 1776 4742 idonea
1794 4677 1879 4740 inre·

235 4771 329 4832 vobis
353 4773 408 4852 pia
435 4773 635 4838 liberalitate
664 4774 831 4848 collatam,
862 4791 936 4838 eum
961 4779 1038 4853 jure
1091 4772 1208 4852 neritis
1228 4773 1388 4834 canonice
1407 4772 1619 4845 celebratam,
1642 4773 1750 4850 ipsam
1772 4775 1876 4835 aucto·

237 4870 441 4944 patronatus,
457 4872 542 4948 quod
559 4871 683 4934 babere
699 4873 848 4935 dicimini
861 4875 896 4936 in
909 4875 1034 4946 eadem,
1092 4873 1190 4932 ritate
1225 4869 1416 4948 apostolica
1449 4869 1652 4934 confirmetis
1687 4872 1721 4932 et
1760 4871 1877 4932 iacietis

236 4965 325 5026 sicut
342 4982 382 5027 ea
405 4969 494 5043 juste
519 4984 560 5029 ac
582 4969 718 5047 pacifice
744 4971 913 5045 obtinetis,
944 4973 977 5034 et
1003 4973 1035 5033 in
1092 4970 1196 5031 electo
1206 4970 1302 5046 Juxta
1315 4967 1422 5046 ipsius
1433 4968 1626 5029 monasterii
1641 4969 1877 5045 privilegiorum

236 5063 426 5126 eorumdem
443 5065 589 5143 episcopi
604 5069 637 5127 et
658 5067 889 5132 archidiaconi
904 5070 1034 5141 litteris,
1091 5068 1239 5127 tenorem
1254 5081 1374 5126 munus
1388 5064 1629 5127 benedictionis
1645 5065 1801 5142 impendi.
1813 5065 1877 5125 Dis·

236 5161 357 5227 dicitur
379 5161 553 5236 contineri,
577 5163 682 5237 vobis,
700 5165 733 5227 et
755 5183 884 5244 parvos
902 5184 1038 5230 monas·
1091 5163 1232 5225 cretioni
1246 5165 1366 5226 restrae
1382 5179 1442 5241 per
1453 5163 1642 5241 apostolica
1655 5164 1779 5240 scripta
1794 5177 1877 5223 man-

235 5259 320 5322 terio
355 5260 466 5322 vestro
500 5259 698 5324 auctoritate
730 5263 920 5338 apostolica
955 5280 1038 5325 oon·
1091 5261 1208 5324 damus
1223 5261 1385 5338 quatenus
1400 5275 1475 5322 cum
1491 5260 1564 5324 baec
1578 5259 1641 5322 rita
1656 5259 1788 5325 fueritis
1800 5275 1874 5321 exe-

235 5357 404 5417 tirmarnus
439 5355 473 5420 et
503 5356 679 5434 praesentis
708 5358 822 5436 scripti
851 5361 1036 5437 patrocinio
1091 5359 1169 5431 cuti,
1184 5373 1281 5419 usum
1302 5358 1407 5422 mitrae
1429 5373 1468 5419 ao
1483 5357 1599 5423 annuli
1613 5357 1721 5420 eidem
1739 5355 1875 5420 auctori-

235 5455 488 5516 communimus.
505 5454 597 5516 Nulli
613 5470 703 5531 ergo,
722 5459 799 5526 etc,
819 5459 944 5520 nostrae
962 5474 1037 5521 con·
1090 5458 1157 5520 tate
1179 5458 1293 5520 nostra
1318 5455 1538 5532 personaliter
1561 5456 1763 5518 concedatis.
1793 5451 1875 5528 Quod

236 5550 444 5622 firmationis,
463 5554 525 5614 etc.
546 5552 581 5613 Si
596 5551 670 5630 quis
689 5556 811 5628 autem,
829 5556 891 5617 etc.
918 5552 1035 5619 Datum
1091 5555 1119 5616 si
1134 5571 1200 5616 non
1216 5569 1342 5625 omnes,
1358 5556 1433 5623 etc„
1451 5553 1684 5625 duovestrum,
1701 5556 1762 5616 etc.

236 5649 390 5710 Laterani
419 5649 533 5730 quinto
565 5651 639 5720 idus
666 5650 826 5716 februarii
857 5669 945 5717 auno
976 5671 1034 5717 se·
1130 5654 1249 5714 Datum
1274 5649 1431 5714 Laterani
1463 5650 1579 5730 quinto
1606 5650 1681 5712 idus
1711 5646 1857 5714 februarii

235 5745 353 5808 eundo.
1089 5749 1349 5817 anuosecundo.
