<?xml version="1.0" encoding="UTF-8"?>
<!DOCTYPE html PUBLIC "-//W3C//DTD XHTML 1.0 Transitional//EN"
    "http://www.w3.org/TR/xhtml1/DTD/xhtml1-transitional.dtd">
<html xmlns="http://www.w3.org/1999/xhtml" xml:lang="en" lang="en">
 <head>
  <title>
</title>
<meta http-equiv="Content-Type" content="text/html;charset=utf-8" />
  <meta name='ocr-system' content='tesseract 3.04.00' />
  <meta name='ocr-capabilities' content='ocr_page ocr_carea ocr_par ocr_line ocrx_word'/>
</head>
<body>
  <div class='ocr_page' id='page_1' title='image "./mediiaevibiblio01unkngoog_0454.png"; bbox 0 0 4082 6342; ppageno 0'>
   <div class='ocr_carea' id='block_1_1' title="bbox 116 335 1137 406">
    <p class='ocr_par' dir='ltr' id='par_1_1' title="bbox 116 335 1137 406">
     <span class='ocr_line' id='line_1_1' title="bbox 116 335 1137 406; baseline 0.007 -10"><span class='ocrx_word' id='word_1_1' title='bbox 116 335 178 396; x_wconf 78' lang='lat'>433</span> <span class='ocrx_word' id='word_1_2' title='bbox 754 338 983 402; x_wconf 80' lang='lat' dir='ltr'>EPISTOLAE.</span> <span class='ocrx_word' id='word_1_3' title='bbox 1007 343 1087 406; x_wconf 83' lang='lat' dir='ltr'>LlB.</span> <span class='ocrx_word' id='word_1_4' title='bbox 1112 346 1137 404; x_wconf 96' lang='lat' dir='ltr'>l.</span> 
     </span>
    </p>
   </div>
   <div class='ocr_carea' id='block_1_2' title="bbox 1712 339 1804 420">
    <p class='ocr_par' dir='ltr' id='par_1_2' title="bbox 1712 339 1804 420">
     <span class='ocr_line' id='line_1_2' title="bbox 1712 339 1804 420; baseline 0.076 -8"><span class='ocrx_word' id='word_1_5' title='bbox 1712 339 1782 420; x_wconf 67' lang='lat' dir='ltr'>434ss</span> <span class='ocrx_word' id='word_1_6' title='bbox 1798 345 1804 356; x_wconf 76' lang='grc'><em>”</em></span> 
     </span>
    </p>
   </div>
   <div class='ocr_carea' id='block_1_3' title="bbox 115 493 1887 678">
    <p class='ocr_par' dir='ltr' id='par_1_3' title="bbox 115 493 1887 678">
     <span class='ocr_line' id='line_1_3' title="bbox 115 493 1887 580; baseline 0.011 -24"><span class='ocrx_word' id='word_1_7' title='bbox 115 496 204 556; x_wconf 90' lang='lat' dir='ltr'>Hiuc</span> <span class='ocrx_word' id='word_1_8' title='bbox 232 497 294 568; x_wconf 90' lang='lat' dir='ltr'>est,</span> <span class='ocrx_word' id='word_1_9' title='bbox 314 493 400 574; x_wconf 89' lang='lat' dir='ltr'>quod</span> <span class='ocrx_word' id='word_1_10' title='bbox 425 512 484 574; x_wconf 87' lang='lat' dir='ltr'>pro</span> <span class='ocrx_word' id='word_1_11' title='bbox 509 493 630 559; x_wconf 91' lang='lat' dir='ltr'>dilecto</span> <span class='ocrx_word' id='word_1_12' title='bbox 650 496 720 559; x_wconf 87' lang='lat' dir='ltr'>tillo</span> <span class='ocrx_word' id='word_1_13' title='bbox 738 499 778 560; x_wconf 86' lang='lat' dir='ltr'>R.</span> <span class='ocrx_word' id='word_1_14' title='bbox 795 498 916 562; x_wconf 88' lang='lat' dir='ltr'>clerico</span> <span class='ocrx_word' id='word_1_15' title='bbox 971 503 1028 580; x_wconf 85' lang='lat' dir='ltr'>qui</span> <span class='ocrx_word' id='word_1_16' title='bbox 1059 503 1240 568; x_wconf 90' lang='lat' dir='ltr'>secundum</span> <span class='ocrx_word' id='word_1_17' title='bbox 1275 506 1390 579; x_wconf 86' lang='lat' dir='ltr'>Deum,</span> <span class='ocrx_word' id='word_1_18' title='bbox 1427 507 1460 570; x_wconf 88' lang='lat' dir='ltr'>et</span> <span class='ocrx_word' id='word_1_19' title='bbox 1486 506 1576 570; x_wconf 90' lang='lat' dir='ltr'>beati</span> <span class='ocrx_word' id='word_1_20' title='bbox 1598 509 1772 574; x_wconf 81' lang='lat' dir='ltr'>Benedicti</span> <span class='ocrx_word' id='word_1_21' title='bbox 1885 493 1887 500; x_wconf 43' lang='lat'><strong>¹</strong></span> 
     </span>
     <span class='ocr_line' id='line_1_4' title="bbox 115 593 1873 678; baseline 0.01 -25"><span class='ocrx_word' id='word_1_22' title='bbox 115 593 231 656; x_wconf 89' lang='lat' dir='ltr'>dilecti</span> <span class='ocrx_word' id='word_1_23' title='bbox 243 594 303 655; x_wconf 90' lang='lat' dir='ltr'>tilii</span> <span class='ocrx_word' id='word_1_24' title='bbox 315 595 420 655; x_wconf 87' lang='lat' dir='ltr'>nostri</span> <span class='ocrx_word' id='word_1_25' title='bbox 431 597 469 658; x_wconf 87' lang='lat' dir='ltr'>R.</span> <span class='ocrx_word' id='word_1_26' title='bbox 481 595 587 658; x_wconf 89' lang='lat' dir='ltr'>sancti</span> <span class='ocrx_word' id='word_1_27' title='bbox 599 594 759 674; x_wconf 89' lang='lat' dir='ltr'>Stephani</span> <span class='ocrx_word' id='word_1_28' title='bbox 770 597 804 657; x_wconf 92' lang='lat' dir='ltr'>in</span> <span class='ocrx_word' id='word_1_29' title='bbox 815 598 917 659; x_wconf 82' lang='lat' dir='ltr'>Goelio</span> <span class='ocrx_word' id='word_1_30' title='bbox 970 602 1122 678; x_wconf 83' lang='lat' dir='ltr'>regulam</span> <span class='ocrx_word' id='word_1_31' title='bbox 1137 602 1171 664; x_wconf 92' lang='lat' dir='ltr'>in</span> <span class='ocrx_word' id='word_1_32' title='bbox 1186 603 1301 666; x_wconf 93' lang='lat' dir='ltr'>eodem</span> <span class='ocrx_word' id='word_1_33' title='bbox 1320 606 1522 668; x_wconf 86' lang='lat' dir='ltr'>monasterio</span> <span class='ocrx_word' id='word_1_34' title='bbox 1543 606 1694 670; x_wconf 88' lang='lat' dir='ltr'>noscitur</span> <span class='ocrx_word' id='word_1_35' title='bbox 1712 607 1771 670; x_wconf 85' lang='lat' dir='ltr'>in·</span> <span class='ocrx_word' id='word_1_36' title='bbox 1869 669 1873 678; x_wconf 91' lang='grc'><strong>,</strong></span> 
     </span>
    </p>
   </div>
   <div class='ocr_carea' id='block_1_4' title="bbox 113 691 1770 868">
    <p class='ocr_par' dir='ltr' id='par_1_4' title="bbox 113 691 1770 868">
     <span class='ocr_line' id='line_1_5' title="bbox 116 691 1770 782; baseline 0.008 -28"><span class='ocrx_word' id='word_1_37' title='bbox 116 694 230 754; x_wconf 86' lang='lat' dir='ltr'>moute</span> <span class='ocrx_word' id='word_1_38' title='bbox 256 691 441 772; x_wconf 86' lang='lat' dir='ltr'>presbyteri</span> <span class='ocrx_word' id='word_1_39' title='bbox 463 693 645 756; x_wconf 87' lang='lat' dir='ltr'>cardinalis</span> <span class='ocrx_word' id='word_1_40' title='bbox 668 694 917 758; x_wconf 86' lang='lat' dir='ltr'>universitatem</span> <span class='ocrx_word' id='word_1_41' title='bbox 972 700 1116 772; x_wconf 90' lang='lat' dir='ltr'>stitutus,</span> <span class='ocrx_word' id='word_1_42' title='bbox 1142 700 1311 780; x_wconf 89' lang='lat' dir='ltr'>perpetuis</span> <span class='ocrx_word' id='word_1_43' title='bbox 1339 702 1463 764; x_wconf 78' lang='lat' dir='ltr'>ibidem</span> <span class='ocrx_word' id='word_1_44' title='bbox 1490 705 1695 782; x_wconf 82' lang='lat' dir='ltr'>temporibus</span> <span class='ocrx_word' id='word_1_45' title='bbox 1712 705 1770 768; x_wconf 90' lang='lat' dir='ltr'>in-</span> 
     </span>
     <span class='ocr_line' id='line_1_6' title="bbox 113 791 1396 868; baseline 0.008 -16"><span class='ocrx_word' id='word_1_46' title='bbox 113 793 262 852; x_wconf 86' lang='lat' dir='ltr'>vestram</span> <span class='ocrx_word' id='word_1_47' title='bbox 275 807 434 868; x_wconf 87' lang='lat' dir='ltr'>rogamus</span> <span class='ocrx_word' id='word_1_48' title='bbox 460 791 493 853; x_wconf 88' lang='lat' dir='ltr'>et</span> <span class='ocrx_word' id='word_1_49' title='bbox 510 807 691 866; x_wconf 87' lang='lat' dir='ltr'>monemus,</span> <span class='ocrx_word' id='word_1_50' title='bbox 718 794 751 854; x_wconf 89' lang='lat' dir='ltr'>et</span> <span class='ocrx_word' id='word_1_51' title='bbox 765 793 919 856; x_wconf 87' lang='lat' dir='ltr'>exhorta·</span> <span class='ocrx_word' id='word_1_52' title='bbox 971 797 1176 862; x_wconf 79' lang='lat' dir='ltr'>violabiliter</span> <span class='ocrx_word' id='word_1_53' title='bbox 1189 799 1396 863; x_wconf 81' lang='lat' dir='ltr'>observetur.</span> 
     </span>
    </p>
   </div>
   <div class='ocr_carea' id='block_1_5' title="bbox 114 889 1774 979">
    <p class='ocr_par' dir='ltr' id='par_1_5' title="bbox 114 889 1774 979">
     <span class='ocr_line' id='line_1_7' title="bbox 114 889 1774 979; baseline 0.008 -29"><span class='ocrx_word' id='word_1_54' title='bbox 114 905 192 950; x_wconf 86' lang='lat' dir='ltr'>mur</span> <span class='ocrx_word' id='word_1_55' title='bbox 218 889 352 962; x_wconf 86' lang='lat' dir='ltr'>attente,</span> <span class='ocrx_word' id='word_1_56' title='bbox 379 906 439 968; x_wconf 87' lang='lat' dir='ltr'>per</span> <span class='ocrx_word' id='word_1_57' title='bbox 464 891 655 967; x_wconf 78' lang='lat' dir='ltr'>apostolica</span> <span class='ocrx_word' id='word_1_58' title='bbox 678 890 772 952; x_wconf 90' lang='lat' dir='ltr'>vobis</span> <span class='ocrx_word' id='word_1_59' title='bbox 795 892 918 970; x_wconf 89' lang='lat' dir='ltr'>scripta</span> <span class='ocrx_word' id='word_1_60' title='bbox 1012 898 1178 959; x_wconf 74' lang='lat' dir='ltr'>Praeterea</span> <span class='ocrx_word' id='word_1_61' title='bbox 1195 914 1420 976; x_wconf 84' lang='lat' dir='ltr'>quascumque</span> <span class='ocrx_word' id='word_1_62' title='bbox 1433 901 1672 976; x_wconf 81' lang='lat' dir='ltr'>possessiones,</span> <span class='ocrx_word' id='word_1_63' title='bbox 1685 917 1774 979; x_wconf 84' lang='lat' dir='ltr'>quae·</span> 
     </span>
    </p>
   </div>
   <div class='ocr_carea' id='block_1_6' title="bbox 113 987 922 2143">
    <p class='ocr_par' dir='ltr' id='par_1_6' title="bbox 113 987 922 2143">
     <span class='ocr_line' id='line_1_8' title="bbox 115 987 920 1067; baseline 0.002 -19"><span class='ocrx_word' id='word_1_64' title='bbox 115 987 325 1056; x_wconf 89' lang='lat' dir='ltr'>mandantes,</span> <span class='ocrx_word' id='word_1_65' title='bbox 342 988 505 1065; x_wconf 83' lang='lat' dir='ltr'>quatenus</span> <span class='ocrx_word' id='word_1_66' title='bbox 521 987 562 1050; x_wconf 96' lang='lat' dir='ltr'>ob</span> <span class='ocrx_word' id='word_1_67' title='bbox 577 988 797 1051; x_wconf 88' lang='lat' dir='ltr'>reverentiam</span> <span class='ocrx_word' id='word_1_68' title='bbox 812 993 920 1067; x_wconf 80' lang='lat' dir='ltr'>Apos-</span> 
     </span>
     <span class='ocr_line' id='line_1_9' title="bbox 114 1083 918 1164; baseline 0.004 -20"><span class='ocrx_word' id='word_1_69' title='bbox 114 1085 228 1146; x_wconf 81' lang='lat' dir='ltr'>tolicae</span> <span class='ocrx_word' id='word_1_70' title='bbox 245 1083 340 1146; x_wconf 88' lang='lat' dir='ltr'>Sedis</span> <span class='ocrx_word' id='word_1_71' title='bbox 359 1084 392 1146; x_wconf 85' lang='lat' dir='ltr'>et</span> <span class='ocrx_word' id='word_1_72' title='bbox 406 1087 564 1157; x_wconf 90' lang='lat' dir='ltr'>nostram,</span> <span class='ocrx_word' id='word_1_73' title='bbox 583 1086 693 1164; x_wconf 89' lang='lat' dir='ltr'>ipsum</span> <span class='ocrx_word' id='word_1_74' title='bbox 708 1085 748 1146; x_wconf 91' lang='lat' dir='ltr'>ad</span> <span class='ocrx_word' id='word_1_75' title='bbox 762 1085 918 1163; x_wconf 89' lang='lat' dir='ltr'>praeben-</span> 
     </span>
     <span class='ocr_line' id='line_1_10' title="bbox 115 1181 921 1263; baseline 0.004 -21"><span class='ocrx_word' id='word_1_76' title='bbox 115 1181 206 1252; x_wconf 85' lang='lat' dir='ltr'>dam,</span> <span class='ocrx_word' id='word_1_77' title='bbox 221 1182 250 1243; x_wconf 92' lang='lat' dir='ltr'>si</span> <span class='ocrx_word' id='word_1_78' title='bbox 263 1182 372 1260; x_wconf 85' lang='lat' dir='ltr'>quain</span> <span class='ocrx_word' id='word_1_79' title='bbox 387 1182 529 1244; x_wconf 90' lang='lat' dir='ltr'>ecclesia</span> <span class='ocrx_word' id='word_1_80' title='bbox 544 1183 655 1245; x_wconf 88' lang='lat' dir='ltr'>vestra</span> <span class='ocrx_word' id='word_1_81' title='bbox 667 1184 764 1246; x_wconf 90' lang='lat' dir='ltr'>vacat</span> <span class='ocrx_word' id='word_1_82' title='bbox 776 1182 817 1244; x_wconf 93' lang='lat' dir='ltr'>ad</span> <span class='ocrx_word' id='word_1_83' title='bbox 833 1200 921 1263; x_wconf 81' lang='lat' dir='ltr'>prm·</span> 
     </span>
     <span class='ocr_line' id='line_1_11' title="bbox 115 1279 919 1351; baseline 0.006 -14"><span class='ocrx_word' id='word_1_84' title='bbox 115 1295 208 1351; x_wconf 86' lang='lat' dir='ltr'>sens,</span> <span class='ocrx_word' id='word_1_85' title='bbox 237 1280 273 1340; x_wconf 88' lang='lat' dir='ltr'>in</span> <span class='ocrx_word' id='word_1_86' title='bbox 306 1281 452 1342; x_wconf 85' lang='lat' dir='ltr'>vestrum</span> <span class='ocrx_word' id='word_1_87' title='bbox 487 1279 623 1344; x_wconf 83' lang='lat' dir='ltr'>tratrem</span> <span class='ocrx_word' id='word_1_88' title='bbox 657 1282 690 1343; x_wconf 88' lang='lat' dir='ltr'>et</span> <span class='ocrx_word' id='word_1_89' title='bbox 723 1282 919 1344; x_wconf 91' lang='lat' dir='ltr'>canonicum</span> 
     </span>
     <span class='ocr_line' id='line_1_12' title="bbox 115 1377 920 1450; baseline 0.005 -12"><span class='ocrx_word' id='word_1_90' title='bbox 115 1377 313 1450; x_wconf 87' lang='lat' dir='ltr'>admittatis,</span> <span class='ocrx_word' id='word_1_91' title='bbox 339 1378 403 1441; x_wconf 89' lang='lat' dir='ltr'>sibi</span> <span class='ocrx_word' id='word_1_92' title='bbox 432 1379 566 1440; x_wconf 90' lang='lat' dir='ltr'>stallum</span> <span class='ocrx_word' id='word_1_93' title='bbox 588 1380 624 1441; x_wconf 91' lang='lat' dir='ltr'>in</span> <span class='ocrx_word' id='word_1_94' title='bbox 647 1379 750 1442; x_wconf 88' lang='lat' dir='ltr'>choro</span> <span class='ocrx_word' id='word_1_95' title='bbox 764 1381 797 1442; x_wconf 90' lang='lat' dir='ltr'>et</span> <span class='ocrx_word' id='word_1_96' title='bbox 811 1379 920 1442; x_wconf 91' lang='lat' dir='ltr'>locum</span> 
     </span>
     <span class='ocr_line' id='line_1_13' title="bbox 114 1475 919 1556; baseline 0.006 -21"><span class='ocrx_word' id='word_1_97' title='bbox 114 1475 151 1536; x_wconf 90' lang='lat' dir='ltr'>in</span> <span class='ocrx_word' id='word_1_98' title='bbox 165 1477 313 1552; x_wconf 89' lang='lat' dir='ltr'>capitulo</span> <span class='ocrx_word' id='word_1_99' title='bbox 331 1477 552 1553; x_wconf 88' lang='lat' dir='ltr'>assignantes.</span> <span class='ocrx_word' id='word_1_100' title='bbox 567 1477 723 1554; x_wconf 86' lang='lat' dir='ltr'>Alioquin</span> <span class='ocrx_word' id='word_1_101' title='bbox 734 1477 840 1556; x_wconf 88' lang='lat' dir='ltr'>primo</span> <span class='ocrx_word' id='word_1_102' title='bbox 855 1494 919 1540; x_wconf 93' lang='lat' dir='ltr'>va·</span> 
     </span>
     <span class='ocr_line' id='line_1_14' title="bbox 115 1573 922 1653; baseline 0.004 -18"><span class='ocrx_word' id='word_1_103' title='bbox 115 1575 269 1635; x_wconf 89' lang='lat' dir='ltr'>caturam</span> <span class='ocrx_word' id='word_1_104' title='bbox 284 1573 407 1636; x_wconf 88' lang='lat' dir='ltr'>ibidem</span> <span class='ocrx_word' id='word_1_105' title='bbox 417 1575 588 1638; x_wconf 91' lang='lat' dir='ltr'>donationi</span> <span class='ocrx_word' id='word_1_106' title='bbox 600 1576 799 1653; x_wconf 81' lang='lat' dir='ltr'>Apostolicae</span> <span class='ocrx_word' id='word_1_107' title='bbox 814 1591 922 1638; x_wconf 89' lang='lat' dir='ltr'>reser-</span> 
     </span>
     <span class='ocr_line' id='line_1_15' title="bbox 115 1672 919 1749; baseline 0.004 -17"><span class='ocrx_word' id='word_1_108' title='bbox 115 1688 236 1734; x_wconf 90' lang='lat' dir='ltr'>vamus</span> <span class='ocrx_word' id='word_1_109' title='bbox 260 1688 413 1749; x_wconf 77' lang='lat' dir='ltr'>personae</span> <span class='ocrx_word' id='word_1_110' title='bbox 434 1672 563 1734; x_wconf 87' lang='lat' dir='ltr'>idoueae</span> <span class='ocrx_word' id='word_1_111' title='bbox 588 1673 835 1748; x_wconf 83' lang='lat' dir='ltr'>conterendam.</span> <span class='ocrx_word' id='word_1_112' title='bbox 851 1676 919 1736; x_wconf 89' lang='lat' dir='ltr'>De-</span> 
     </span>
     <span class='ocr_line' id='line_1_16' title="bbox 115 1770 920 1850; baseline 0.004 -20"><span class='ocrx_word' id='word_1_113' title='bbox 115 1771 293 1832; x_wconf 89' lang='lat' dir='ltr'>cerneutes</span> <span class='ocrx_word' id='word_1_114' title='bbox 315 1770 447 1832; x_wconf 86' lang='lat' dir='ltr'>irritum</span> <span class='ocrx_word' id='word_1_115' title='bbox 469 1772 502 1833; x_wconf 91' lang='lat' dir='ltr'>et</span> <span class='ocrx_word' id='word_1_116' title='bbox 525 1771 626 1834; x_wconf 91' lang='lat' dir='ltr'>inane</span> <span class='ocrx_word' id='word_1_117' title='bbox 648 1773 677 1834; x_wconf 92' lang='lat' dir='ltr'>si</span> <span class='ocrx_word' id='word_1_118' title='bbox 699 1771 778 1850; x_wconf 86' lang='lat' dir='ltr'>quid</span> <span class='ocrx_word' id='word_1_119' title='bbox 791 1773 832 1833; x_wconf 89' lang='lat' dir='ltr'>de</span> <span class='ocrx_word' id='word_1_120' title='bbox 847 1772 920 1850; x_wconf 92' lang='lat' dir='ltr'>ipsa</span> 
     </span>
     <span class='ocr_line' id='line_1_17' title="bbox 114 1867 922 1946; baseline 0.005 -18"><span class='ocrx_word' id='word_1_121' title='bbox 114 1869 241 1946; x_wconf 84' lang='lat' dir='ltr'>praeter</span> <span class='ocrx_word' id='word_1_122' title='bbox 265 1867 455 1931; x_wconf 88' lang='lat' dir='ltr'>mandatum</span> <span class='ocrx_word' id='word_1_123' title='bbox 482 1872 630 1931; x_wconf 90' lang='lat' dir='ltr'>nostrum</span> <span class='ocrx_word' id='word_1_124' title='bbox 656 1870 755 1932; x_wconf 78' lang='lat' dir='ltr'>literit</span> <span class='ocrx_word' id='word_1_125' title='bbox 776 1871 922 1932; x_wconf 85' lang='lat' dir='ltr'>attenta-</span> 
     </span>
     <span class='ocr_line' id='line_1_18' title="bbox 113 1967 918 2048; baseline 0.005 -22"><span class='ocrx_word' id='word_1_126' title='bbox 113 1968 198 2027; x_wconf 88' lang='lat' dir='ltr'>tum.</span> <span class='ocrx_word' id='word_1_127' title='bbox 223 1969 341 2028; x_wconf 88' lang='lat' dir='ltr'>Datum</span> <span class='ocrx_word' id='word_1_128' title='bbox 371 1968 541 2044; x_wconf 76' lang='lat' dir='ltr'>Anagnia,</span> <span class='ocrx_word' id='word_1_129' title='bbox 564 1971 623 2029; x_wconf 84' lang='lat' dir='ltr'>XV</span> <span class='ocrx_word' id='word_1_130' title='bbox 645 1967 806 2030; x_wconf 83' lang='lat' dir='ltr'>kalendas</span> <span class='ocrx_word' id='word_1_131' title='bbox 828 1969 918 2048; x_wconf 91' lang='lat' dir='ltr'>julii,</span> 
     </span>
     <span class='ocr_line' id='line_1_19' title="bbox 114 2063 676 2143; baseline 0.007 -19"><span class='ocrx_word' id='word_1_132' title='bbox 114 2063 329 2142; x_wconf 80' lang='lat' dir='ltr'>pontificatus</span> <span class='ocrx_word' id='word_1_133' title='bbox 342 2065 447 2127; x_wconf 90' lang='lat' dir='ltr'>nostri</span> <span class='ocrx_word' id='word_1_134' title='bbox 458 2081 545 2128; x_wconf 89' lang='lat' dir='ltr'>auno</span> <span class='ocrx_word' id='word_1_135' title='bbox 559 2067 676 2143; x_wconf 89' lang='lat' dir='ltr'>primo.</span> 
     </span>
    </p>
   </div>
   <div class='ocr_carea' id='block_1_7' title="bbox 115 2216 921 2671">
    <p class='ocr_par' dir='ltr' id='par_1_7' title="bbox 115 2216 921 2671">
     <span class='ocr_line' id='line_1_20' title="bbox 157 2216 921 2295; baseline 0.007 -19"><span class='ocrx_word' id='word_1_136' title='bbox 157 2216 325 2293; x_wconf 90' lang='lat' dir='ltr'>Scriptum</span> <span class='ocrx_word' id='word_1_137' title='bbox 347 2218 397 2278; x_wconf 92' lang='lat' dir='ltr'>est</span> <span class='ocrx_word' id='word_1_138' title='bbox 419 2233 519 2294; x_wconf 86' lang='lat' dir='ltr'>super</span> <span class='ocrx_word' id='word_1_139' title='bbox 540 2217 604 2279; x_wconf 90' lang='lat' dir='ltr'>boc</span> <span class='ocrx_word' id='word_1_140' title='bbox 619 2217 872 2295; x_wconf 88' lang='lat' dir='ltr'>archiepiscopo</span> <span class='ocrx_word' id='word_1_141' title='bbox 887 2223 921 2284; x_wconf 89' lang='lat' dir='ltr'>et</span> 
     </span>
     <span class='ocr_line' id='line_1_21' title="bbox 115 2314 920 2392; baseline 0.002 -18"><span class='ocrx_word' id='word_1_142' title='bbox 115 2314 224 2390; x_wconf 87' lang='lat' dir='ltr'>priori</span> <span class='ocrx_word' id='word_1_143' title='bbox 249 2315 290 2376; x_wconf 90' lang='lat' dir='ltr'>de</span> <span class='ocrx_word' id='word_1_144' title='bbox 315 2315 426 2377; x_wconf 88' lang='lat' dir='ltr'>Monte</span> <span class='ocrx_word' id='word_1_145' title='bbox 454 2317 687 2392; x_wconf 89' lang='lat' dir='ltr'>Leprosorum,</span> <span class='ocrx_word' id='word_1_146' title='bbox 713 2317 747 2377; x_wconf 89' lang='lat' dir='ltr'>et</span> <span class='ocrx_word' id='word_1_147' title='bbox 760 2315 920 2391; x_wconf 87' lang='lat' dir='ltr'>magistro</span> 
     </span>
     <span class='ocr_line' id='line_1_22' title="bbox 115 2413 921 2490; baseline 0.001 -18"><span class='ocrx_word' id='word_1_148' title='bbox 115 2413 171 2472; x_wconf 89' lang='lat' dir='ltr'>W.</span> <span class='ocrx_word' id='word_1_149' title='bbox 191 2413 324 2475; x_wconf 90' lang='lat' dir='ltr'>Osseliu</span> <span class='ocrx_word' id='word_1_150' title='bbox 346 2414 507 2475; x_wconf 90' lang='lat' dir='ltr'>canonico</span> <span class='ocrx_word' id='word_1_151' title='bbox 524 2413 764 2489; x_wconf 82' lang='lat' dir='ltr'>Rotbomageu.</span> <span class='ocrx_word' id='word_1_152' title='bbox 780 2413 816 2474; x_wconf 91' lang='lat' dir='ltr'>ut</span> <span class='ocrx_word' id='word_1_153' title='bbox 830 2413 921 2490; x_wconf 88' lang='lat' dir='ltr'>epis-</span> 
     </span>
     <span class='ocr_line' id='line_1_23' title="bbox 117 2510 920 2588; baseline 0.001 -18"><span class='ocrx_word' id='word_1_154' title='bbox 117 2525 239 2587; x_wconf 89' lang='lat' dir='ltr'>copum</span> <span class='ocrx_word' id='word_1_155' title='bbox 268 2511 302 2572; x_wconf 89' lang='lat' dir='ltr'>et</span> <span class='ocrx_word' id='word_1_156' title='bbox 328 2511 508 2588; x_wconf 89' lang='lat' dir='ltr'>capitulum</span> <span class='ocrx_word' id='word_1_157' title='bbox 535 2510 575 2572; x_wconf 94' lang='lat' dir='ltr'>de</span> <span class='ocrx_word' id='word_1_158' title='bbox 604 2511 667 2572; x_wconf 91' lang='lat' dir='ltr'>boc</span> <span class='ocrx_word' id='word_1_159' title='bbox 692 2510 859 2583; x_wconf 90' lang='lat' dir='ltr'>moneant,</span> <span class='ocrx_word' id='word_1_160' title='bbox 887 2511 920 2571; x_wconf 89' lang='lat' dir='ltr'>et</span> 
     </span>
     <span class='ocr_line' id='line_1_24' title="bbox 118 2608 294 2671; baseline 0.006 -3"><span class='ocrx_word' id='word_1_161' title='bbox 118 2608 294 2671; x_wconf 89' lang='lat' dir='ltr'>inducant.</span> 
     </span>
    </p>
   </div>
   <div class='ocr_carea' id='block_1_8' title="bbox 418 2771 618 2860">
    <p class='ocr_par' dir='ltr' id='par_1_8' title="bbox 418 2771 618 2860">
     <span class='ocr_line' id='line_1_25' title="bbox 418 2771 618 2860; baseline 0 -2"><span class='ocrx_word' id='word_1_162' title='bbox 418 2771 618 2860; x_wconf 82' lang='lat' dir='ltr'>GCCXLII</span> 
     </span>
    </p>
   </div>
   <div class='ocr_carea' id='block_1_9' title="bbox 117 2921 923 3082">
    <p class='ocr_par' dir='ltr' id='par_1_9' title="bbox 117 2921 923 3082">
     <span class='ocr_line' id='line_1_26' title="bbox 117 2921 923 2984; baseline 0 0"><span class='ocrx_word' id='word_1_163' title='bbox 117 2924 172 2984; x_wconf 82' lang='lat' dir='ltr'>Ad</span> <span class='ocrx_word' id='word_1_164' title='bbox 196 2924 367 2984; x_wconf 76' lang='lat' dir='ltr'>loannem</span> <span class='ocrx_word' id='word_1_165' title='bbox 389 2922 545 2984; x_wconf 81' lang='lat' dir='ltr'>abbatem</span> <span class='ocrx_word' id='word_1_166' title='bbox 572 2921 777 2984; x_wconf 74' lang='lat' dir='ltr'>monasterti</span> <span class='ocrx_word' id='word_1_167' title='bbox 800 2923 923 2984; x_wconf 73' lang='lat' dir='ltr'>Saenia-</span> 
     </span>
     <span class='ocr_line' id='line_1_27' title="bbox 452 3025 576 3082; baseline -0.008 0"><span class='ocrx_word' id='word_1_168' title='bbox 452 3025 576 3082; x_wconf 79' lang='lat' dir='ltr'>censis.</span> 
     </span>
    </p>
   </div>
   <div class='ocr_carea' id='block_1_10' title="bbox 972 995 1812 3135">
    <p class='ocr_par' dir='ltr' id='par_1_10' title="bbox 972 995 1812 3135">
     <span class='ocr_line' id='line_1_28' title="bbox 972 995 1773 1077; baseline 0.007 -23"><span class='ocrx_word' id='word_1_169' title='bbox 972 1010 1111 1074; x_wconf 87' lang='lat' dir='ltr'>cumque</span> <span class='ocrx_word' id='word_1_170' title='bbox 1121 995 1210 1058; x_wconf 90' lang='lat' dir='ltr'>bona</span> <span class='ocrx_word' id='word_1_171' title='bbox 1224 995 1311 1058; x_wconf 90' lang='lat' dir='ltr'>idem</span> <span class='ocrx_word' id='word_1_172' title='bbox 1329 998 1566 1060; x_wconf 87' lang='lat' dir='ltr'>monasterium</span> <span class='ocrx_word' id='word_1_173' title='bbox 1576 999 1610 1061; x_wconf 92' lang='lat' dir='ltr'>iu</span> <span class='ocrx_word' id='word_1_174' title='bbox 1624 1015 1773 1077; x_wconf 87' lang='lat' dir='ltr'>praesen-</span> 
     </span>
     <span class='ocr_line' id='line_1_29' title="bbox 972 1093 1772 1172; baseline 0.005 -18"><span class='ocrx_word' id='word_1_175' title='bbox 972 1093 1053 1155; x_wconf 90' lang='lat' dir='ltr'>tiam</span> <span class='ocrx_word' id='word_1_176' title='bbox 1062 1094 1167 1172; x_wconf 71' lang='lat' dir='ltr'>iuste,</span> <span class='ocrx_word' id='word_1_177' title='bbox 1186 1095 1220 1157; x_wconf 88' lang='lat' dir='ltr'>et</span> <span class='ocrx_word' id='word_1_178' title='bbox 1236 1095 1396 1158; x_wconf 89' lang='lat' dir='ltr'>canonice</span> <span class='ocrx_word' id='word_1_179' title='bbox 1414 1095 1572 1172; x_wconf 89' lang='lat' dir='ltr'>possidet,</span> <span class='ocrx_word' id='word_1_180' title='bbox 1593 1098 1651 1158; x_wconf 92' lang='lat' dir='ltr'>aut</span> <span class='ocrx_word' id='word_1_181' title='bbox 1665 1097 1699 1158; x_wconf 91' lang='lat' dir='ltr'>in</span> <span class='ocrx_word' id='word_1_182' title='bbox 1716 1096 1772 1158; x_wconf 86' lang='lat' dir='ltr'>iu·</span> 
     </span>
     <span class='ocr_line' id='line_1_30' title="bbox 972 1191 1774 1272; baseline 0.005 -20"><span class='ocrx_word' id='word_1_183' title='bbox 972 1191 1084 1253; x_wconf 87' lang='lat' dir='ltr'>turum</span> <span class='ocrx_word' id='word_1_184' title='bbox 1111 1193 1326 1254; x_wconf 79' lang='lat' dir='ltr'>concessione</span> <span class='ocrx_word' id='word_1_185' title='bbox 1352 1193 1564 1270; x_wconf 81' lang='lat' dir='ltr'>pontificum,</span> <span class='ocrx_word' id='word_1_186' title='bbox 1594 1194 1774 1272; x_wconf 80' lang='lat' dir='ltr'>largitione</span> 
     </span>
     <span class='ocr_line' id='line_1_31' title="bbox 972 1289 1773 1369; baseline 0.006 -19"><span class='ocrx_word' id='word_1_187' title='bbox 972 1304 1100 1366; x_wconf 90' lang='lat' dir='ltr'>regum,</span> <span class='ocrx_word' id='word_1_188' title='bbox 1125 1290 1178 1350; x_wconf 94' lang='lat' dir='ltr'>vel</span> <span class='ocrx_word' id='word_1_189' title='bbox 1200 1290 1398 1369; x_wconf 86' lang='lat' dir='ltr'>principum,</span> <span class='ocrx_word' id='word_1_190' title='bbox 1424 1289 1591 1354; x_wconf 91' lang='lat' dir='ltr'>oblatione</span> <span class='ocrx_word' id='word_1_191' title='bbox 1611 1292 1773 1365; x_wconf 88' lang='lat' dir='ltr'>tidelium,</span> 
     </span>
     <span class='ocr_line' id='line_1_32' title="bbox 974 1387 1770 1466; baseline 0.004 -18"><span class='ocrx_word' id='word_1_192' title='bbox 974 1402 1034 1448; x_wconf 91' lang='lat' dir='ltr'>seu</span> <span class='ocrx_word' id='word_1_193' title='bbox 1059 1387 1246 1466; x_wconf 86' lang='lat' dir='ltr'>aliisjustis</span> <span class='ocrx_word' id='word_1_194' title='bbox 1271 1389 1389 1461; x_wconf 88' lang='lat' dir='ltr'>modis,</span> <span class='ocrx_word' id='word_1_195' title='bbox 1414 1391 1593 1466; x_wconf 80' lang='lat' dir='ltr'>praestante</span> <span class='ocrx_word' id='word_1_196' title='bbox 1619 1390 1770 1462; x_wconf 89' lang='lat' dir='ltr'>Domino,</span> 
     </span>
     <span class='ocr_line' id='line_1_33' title="bbox 973 1485 1773 1564; baseline 0.003 -18"><span class='ocrx_word' id='word_1_197' title='bbox 973 1485 1095 1562; x_wconf 89' lang='lat' dir='ltr'>poterit</span> <span class='ocrx_word' id='word_1_198' title='bbox 1108 1486 1259 1564; x_wconf 88' lang='lat' dir='ltr'>adipisci,</span> <span class='ocrx_word' id='word_1_199' title='bbox 1275 1487 1370 1548; x_wconf 82' lang='lat' dir='ltr'>firma</span> <span class='ocrx_word' id='word_1_200' title='bbox 1389 1487 1484 1549; x_wconf 91' lang='lat' dir='ltr'>vobis</span> <span class='ocrx_word' id='word_1_201' title='bbox 1496 1487 1682 1564; x_wconf 87' lang='lat' dir='ltr'>vestrisque</span> <span class='ocrx_word' id='word_1_202' title='bbox 1692 1503 1773 1548; x_wconf 89' lang='lat' dir='ltr'>suc-</span> 
     </span>
     <span class='ocr_line' id='line_1_34' title="bbox 974 1582 1775 1662; baseline -0.001 -16"><span class='ocrx_word' id='word_1_203' title='bbox 974 1582 1161 1646; x_wconf 88' lang='lat' dir='ltr'>cessoribus</span> <span class='ocrx_word' id='word_1_204' title='bbox 1184 1583 1313 1648; x_wconf 88' lang='lat' dir='ltr'>illibata</span> <span class='ocrx_word' id='word_1_205' title='bbox 1339 1587 1569 1662; x_wconf 88' lang='lat' dir='ltr'>permaneant,</span> <span class='ocrx_word' id='word_1_206' title='bbox 1594 1584 1629 1646; x_wconf 92' lang='lat' dir='ltr'>in</span> <span class='ocrx_word' id='word_1_207' title='bbox 1654 1584 1775 1662; x_wconf 88' lang='lat' dir='ltr'>quibus</span> 
     </span>
     <span class='ocr_line' id='line_1_35' title="bbox 973 1681 1774 1761; baseline 0.004 -19"><span class='ocrx_word' id='word_1_208' title='bbox 973 1681 1046 1744; x_wconf 89' lang='lat' dir='ltr'>haec</span> <span class='ocrx_word' id='word_1_209' title='bbox 1061 1681 1205 1758; x_wconf 89' lang='lat' dir='ltr'>propriis</span> <span class='ocrx_word' id='word_1_210' title='bbox 1220 1681 1375 1744; x_wconf 82' lang='lat' dir='ltr'>duximus</span> <span class='ocrx_word' id='word_1_211' title='bbox 1394 1682 1611 1761; x_wconf 81' lang='lat' dir='ltr'>exprimenda</span> <span class='ocrx_word' id='word_1_212' title='bbox 1625 1681 1774 1745; x_wconf 88' lang='lat' dir='ltr'>vocabu-</span> 
     </span>
     <span class='ocr_line' id='line_1_36' title="bbox 974 1779 1777 1859; baseline 0.004 -20"><span class='ocrx_word' id='word_1_213' title='bbox 974 1779 1016 1841; x_wconf 92' lang='lat' dir='ltr'>lis</span> <span class='ocrx_word' id='word_1_214' title='bbox 1033 1801 1040 1839; x_wconf 94' lang='lat'><strong>:</strong></span> <span class='ocrx_word' id='word_1_215' title='bbox 1062 1781 1185 1841; x_wconf 84' lang='lat' dir='ltr'>Locum</span> <span class='ocrx_word' id='word_1_216' title='bbox 1201 1779 1308 1858; x_wconf 89' lang='lat' dir='ltr'>ipsum</span> <span class='ocrx_word' id='word_1_217' title='bbox 1324 1780 1359 1842; x_wconf 93' lang='lat' dir='ltr'>iu</span> <span class='ocrx_word' id='word_1_218' title='bbox 1372 1796 1436 1859; x_wconf 85' lang='lat' dir='ltr'>quo</span> <span class='ocrx_word' id='word_1_219' title='bbox 1450 1779 1624 1858; x_wconf 78' lang='lat' dir='ltr'>praefatum</span> <span class='ocrx_word' id='word_1_220' title='bbox 1639 1796 1777 1842; x_wconf 90' lang='lat' dir='ltr'>monas-</span> 
     </span>
     <span class='ocr_line' id='line_1_37' title="bbox 973 1877 1775 1956; baseline 0 -16"><span class='ocrx_word' id='word_1_221' title='bbox 973 1879 1094 1940; x_wconf 90' lang='lat' dir='ltr'>terium</span> <span class='ocrx_word' id='word_1_222' title='bbox 1116 1878 1214 1940; x_wconf 91' lang='lat' dir='ltr'>situm</span> <span class='ocrx_word' id='word_1_223' title='bbox 1229 1879 1291 1948; x_wconf 87' lang='lat' dir='ltr'>est,</span> <span class='ocrx_word' id='word_1_224' title='bbox 1307 1895 1382 1940; x_wconf 91' lang='lat' dir='ltr'>cum</span> <span class='ocrx_word' id='word_1_225' title='bbox 1397 1878 1549 1941; x_wconf 88' lang='lat' dir='ltr'>omnibus</span> <span class='ocrx_word' id='word_1_226' title='bbox 1565 1877 1775 1956; x_wconf 89' lang='lat' dir='ltr'>pertiuentiis</span> 
     </span>
     <span class='ocr_line' id='line_1_38' title="bbox 974 1977 1774 2056; baseline 0 -19"><span class='ocrx_word' id='word_1_227' title='bbox 974 1977 1055 2038; x_wconf 92' lang='lat' dir='ltr'>suis.</span> <span class='ocrx_word' id='word_1_228' title='bbox 1071 1979 1211 2055; x_wconf 87' lang='lat' dir='ltr'>Specum</span> <span class='ocrx_word' id='word_1_229' title='bbox 1224 1977 1258 2038; x_wconf 91' lang='lat' dir='ltr'>in</span> <span class='ocrx_word' id='word_1_230' title='bbox 1282 1993 1348 2056; x_wconf 87' lang='lat' dir='ltr'>quo</span> <span class='ocrx_word' id='word_1_231' title='bbox 1366 1977 1482 2041; x_wconf 87' lang='lat' dir='ltr'>beatus</span> <span class='ocrx_word' id='word_1_232' title='bbox 1505 1977 1714 2050; x_wconf 88' lang='lat' dir='ltr'>Benedictus,</span> <span class='ocrx_word' id='word_1_233' title='bbox 1737 1977 1774 2038; x_wconf 91' lang='lat' dir='ltr'>in</span> 
     </span>
     <span class='ocr_line' id='line_1_39' title="bbox 974 2074 1775 2138; baseline 0 -2"><span class='ocrx_word' id='word_1_234' title='bbox 974 2091 1044 2138; x_wconf 88' lang='lat' dir='ltr'>suae</span> <span class='ocrx_word' id='word_1_235' title='bbox 1079 2075 1307 2138; x_wconf 81' lang='lat' dir='ltr'>conversionis</span> <span class='ocrx_word' id='word_1_236' title='bbox 1340 2076 1478 2138; x_wconf 78' lang='lat' dir='ltr'>exordio</span> <span class='ocrx_word' id='word_1_237' title='bbox 1503 2074 1668 2138; x_wconf 85' lang='lat' dir='ltr'>habitavit</span> <span class='ocrx_word' id='word_1_238' title='bbox 1698 2090 1775 2136; x_wconf 88' lang='lat' dir='ltr'>cum</span> 
     </span>
     <span class='ocr_line' id='line_1_40' title="bbox 974 2173 1783 2258; baseline 0 -24"><span class='ocrx_word' id='word_1_239' title='bbox 974 2175 1146 2252; x_wconf 88' lang='lat' dir='ltr'>adjacente</span> <span class='ocrx_word' id='word_1_240' title='bbox 1161 2174 1267 2250; x_wconf 82' lang='lat' dir='ltr'>sylva,</span> <span class='ocrx_word' id='word_1_241' title='bbox 1284 2174 1316 2236; x_wconf 89' lang='lat' dir='ltr'>et</span> <span class='ocrx_word' id='word_1_242' title='bbox 1330 2174 1441 2236; x_wconf 88' lang='lat' dir='ltr'>moute</span> <span class='ocrx_word' id='word_1_243' title='bbox 1461 2174 1529 2237; x_wconf 91' lang='lat' dir='ltr'>toto</span> <span class='ocrx_word' id='word_1_244' title='bbox 1544 2173 1783 2258; x_wconf 82' lang='lat' dir='ltr'>circumcirca,</span> 
     </span>
     <span class='ocr_line' id='line_1_41' title="bbox 975 2271 1774 2350; baseline -0.003 -16"><span class='ocrx_word' id='word_1_245' title='bbox 975 2274 1007 2335; x_wconf 89' lang='lat' dir='ltr'>et</span> <span class='ocrx_word' id='word_1_246' title='bbox 1019 2289 1093 2334; x_wconf 91' lang='lat' dir='ltr'>cum</span> <span class='ocrx_word' id='word_1_247' title='bbox 1104 2271 1257 2334; x_wconf 88' lang='lat' dir='ltr'>omnibns</span> <span class='ocrx_word' id='word_1_248' title='bbox 1275 2271 1396 2333; x_wconf 87' lang='lat' dir='ltr'>tinibus</span> <span class='ocrx_word' id='word_1_249' title='bbox 1411 2272 1470 2334; x_wconf 89' lang='lat' dir='ltr'>ant</span> <span class='ocrx_word' id='word_1_250' title='bbox 1483 2272 1692 2350; x_wconf 87' lang='lat' dir='ltr'>pertinentiis</span> <span class='ocrx_word' id='word_1_251' title='bbox 1707 2285 1774 2332; x_wconf 89' lang='lat' dir='ltr'>an-</span> 
     </span>
     <span class='ocr_line' id='line_1_42' title="bbox 974 2369 1774 2448; baseline -0.005 -16"><span class='ocrx_word' id='word_1_252' title='bbox 974 2371 1113 2448; x_wconf 88' lang='lat' dir='ltr'>tiquitus</span> <span class='ocrx_word' id='word_1_253' title='bbox 1138 2369 1344 2443; x_wconf 89' lang='lat' dir='ltr'>constitutis;</span> <span class='ocrx_word' id='word_1_254' title='bbox 1370 2372 1403 2432; x_wconf 92' lang='lat' dir='ltr'>et</span> <span class='ocrx_word' id='word_1_255' title='bbox 1433 2369 1494 2431; x_wconf 90' lang='lat' dir='ltr'>sub</span> <span class='ocrx_word' id='word_1_256' title='bbox 1523 2369 1640 2432; x_wconf 89' lang='lat' dir='ltr'>eodem</span> <span class='ocrx_word' id='word_1_257' title='bbox 1673 2383 1774 2445; x_wconf 89' lang='lat' dir='ltr'>specu</span> 
     </span>
     <span class='ocr_line' id='line_1_43' title="bbox 973 2467 1774 2544; baseline -0.002 -14"><span class='ocrx_word' id='word_1_258' title='bbox 973 2468 1095 2542; x_wconf 90' lang='lat' dir='ltr'>lacum,</span> <span class='ocrx_word' id='word_1_259' title='bbox 1109 2469 1180 2532; x_wconf 88' lang='lat' dir='ltr'>sire</span> <span class='ocrx_word' id='word_1_260' title='bbox 1199 2469 1336 2531; x_wconf 84' lang='lat' dir='ltr'>fluvium</span> <span class='ocrx_word' id='word_1_261' title='bbox 1356 2485 1399 2530; x_wconf 78' lang='lat' dir='ltr'>ex</span> <span class='ocrx_word' id='word_1_262' title='bbox 1419 2483 1460 2530; x_wconf 91' lang='lat' dir='ltr'>eo</span> <span class='ocrx_word' id='word_1_263' title='bbox 1474 2467 1718 2544; x_wconf 89' lang='lat' dir='ltr'>procedentem.</span> <span class='ocrx_word' id='word_1_264' title='bbox 1737 2468 1774 2528; x_wconf 91' lang='lat' dir='ltr'>ln</span> 
     </span>
     <span class='ocr_line' id='line_1_44' title="bbox 974 2563 1812 2645; baseline -0.002 -17"><span class='ocrx_word' id='word_1_265' title='bbox 974 2567 1094 2645; x_wconf 88' lang='lat' dir='ltr'>quibus</span> <span class='ocrx_word' id='word_1_266' title='bbox 1107 2567 1264 2630; x_wconf 86' lang='lat' dir='ltr'>videlicet</span> <span class='ocrx_word' id='word_1_267' title='bbox 1275 2568 1371 2645; x_wconf 86' lang='lat' dir='ltr'>aquis</span> <span class='ocrx_word' id='word_1_268' title='bbox 1386 2565 1522 2638; x_wconf 90' lang='lat' dir='ltr'>nemini,</span> <span class='ocrx_word' id='word_1_269' title='bbox 1540 2565 1660 2642; x_wconf 77' lang='lat' dir='ltr'>praeter</span> <span class='ocrx_word' id='word_1_270' title='bbox 1672 2563 1776 2626; x_wconf 88' lang='lat' dir='ltr'>abba·</span> <span class='ocrx_word' id='word_1_271' title='bbox 1809 2587 1812 2592; x_wconf 93' lang='lat'>·</span> 
     </span>
     <span class='ocr_line' id='line_1_45' title="bbox 974 2662 1776 2740; baseline -0.004 -13"><span class='ocrx_word' id='word_1_272' title='bbox 974 2665 1017 2728; x_wconf 92' lang='lat' dir='ltr'>tis</span> <span class='ocrx_word' id='word_1_273' title='bbox 1037 2666 1071 2726; x_wconf 89' lang='lat' dir='ltr'>et</span> <span class='ocrx_word' id='word_1_274' title='bbox 1083 2665 1222 2727; x_wconf 79' lang='lat' dir='ltr'>lbatrum</span> <span class='ocrx_word' id='word_1_275' title='bbox 1242 2664 1459 2736; x_wconf 89' lang='lat' dir='ltr'>voluntatem,</span> <span class='ocrx_word' id='word_1_276' title='bbox 1482 2665 1541 2726; x_wconf 89' lang='lat' dir='ltr'>aut</span> <span class='ocrx_word' id='word_1_277' title='bbox 1564 2662 1698 2740; x_wconf 87' lang='lat' dir='ltr'>piscari,</span> <span class='ocrx_word' id='word_1_278' title='bbox 1718 2663 1776 2724; x_wconf 88' lang='lat' dir='ltr'>aut</span> 
     </span>
     <span class='ocr_line' id='line_1_46' title="bbox 975 2761 1775 2839; baseline -0.005 -13"><span class='ocrx_word' id='word_1_279' title='bbox 975 2764 1201 2827; x_wconf 88' lang='lat' dir='ltr'>molendinum</span> <span class='ocrx_word' id='word_1_280' title='bbox 1212 2761 1775 2839; x_wconf 84' lang='lat' dir='ltr'>aediticareliceatusqneadarcum</span> 
     </span>
     <span class='ocr_line' id='line_1_47' title="bbox 975 2862 1777 2939; baseline -0.004 -16"><span class='ocrx_word' id='word_1_281' title='bbox 975 2862 1033 2939; x_wconf 90' lang='lat' dir='ltr'>qui</span> <span class='ocrx_word' id='word_1_282' title='bbox 1060 2862 1182 2924; x_wconf 87' lang='lat' dir='ltr'>dicitur</span> <span class='ocrx_word' id='word_1_283' title='bbox 1207 2862 1247 2924; x_wconf 88' lang='lat' dir='ltr'>de</span> <span class='ocrx_word' id='word_1_284' title='bbox 1271 2863 1419 2924; x_wconf 88' lang='lat' dir='ltr'>Ferrata.</span> <span class='ocrx_word' id='word_1_285' title='bbox 1437 2863 1482 2923; x_wconf 85' lang='lat' dir='ltr'>De</span> <span class='ocrx_word' id='word_1_286' title='bbox 1504 2863 1624 2922; x_wconf 87' lang='lat' dir='ltr'>Forma</span> <span class='ocrx_word' id='word_1_287' title='bbox 1646 2873 1777 2936; x_wconf 83' lang='lat' dir='ltr'>quoque</span> 
     </span>
     <span class='ocr_line' id='line_1_48' title="bbox 975 2956 1776 3038; baseline -0.005 -17"><span class='ocrx_word' id='word_1_288' title='bbox 975 2961 1122 3038; x_wconf 88' lang='lat' dir='ltr'>antiqua,</span> <span class='ocrx_word' id='word_1_289' title='bbox 1147 2977 1221 3038; x_wconf 85' lang='lat' dir='ltr'>quae</span> <span class='ocrx_word' id='word_1_290' title='bbox 1244 2960 1336 3022; x_wconf 89' lang='lat' dir='ltr'>ducit</span> <span class='ocrx_word' id='word_1_291' title='bbox 1360 2975 1480 3036; x_wconf 87' lang='lat' dir='ltr'>aquam</span> <span class='ocrx_word' id='word_1_292' title='bbox 1503 2958 1545 3020; x_wconf 92' lang='lat' dir='ltr'>de</span> <span class='ocrx_word' id='word_1_293' title='bbox 1574 2958 1711 3020; x_wconf 87' lang='lat' dir='ltr'>flumine</span> <span class='ocrx_word' id='word_1_294' title='bbox 1734 2956 1776 3018; x_wconf 89' lang='lat' dir='ltr'>ad</span> 
     </span>
     <span class='ocr_line' id='line_1_49' title="bbox 976 3056 1776 3135; baseline -0.004 -17"><span class='ocrx_word' id='word_1_295' title='bbox 976 3058 1104 3135; x_wconf 86' lang='lat' dir='ltr'>plebem</span> <span class='ocrx_word' id='word_1_296' title='bbox 1131 3059 1244 3120; x_wconf 84' lang='lat' dir='ltr'>Sancti</span> <span class='ocrx_word' id='word_1_297' title='bbox 1268 3057 1450 3130; x_wconf 84' lang='lat' dir='ltr'>Laurentii,</span> <span class='ocrx_word' id='word_1_298' title='bbox 1475 3059 1509 3119; x_wconf 85' lang='lat' dir='ltr'>et</span> <span class='ocrx_word' id='word_1_299' title='bbox 1533 3056 1574 3118; x_wconf 93' lang='lat' dir='ltr'>de</span> <span class='ocrx_word' id='word_1_300' title='bbox 1594 3071 1682 3133; x_wconf 89' lang='lat' dir='ltr'>aqua</span> <span class='ocrx_word' id='word_1_301' title='bbox 1702 3070 1776 3132; x_wconf 88' lang='lat' dir='ltr'>quae</span> 
     </span>
    </p>
   </div>
   <div class='ocr_carea' id='block_1_11' title="bbox 173 3142 875 3322">
    <p class='ocr_par' dir='ltr' id='par_1_11' title="bbox 173 3142 875 3322">
     <span class='ocr_line' id='line_1_50' title="bbox 412 3142 626 3217; baseline -0.014 -14"><span class='ocrx_word' id='word_1_302' title='bbox 412 3143 448 3203; x_wconf 81' lang='lat'>20</span> <span class='ocrx_word' id='word_1_303' title='bbox 460 3142 532 3217; x_wconf 87' lang='lat' dir='ltr'>junii</span> <span class='ocrx_word' id='word_1_304' title='bbox 547 3144 626 3200; x_wconf 75' lang='lat' dir='ltr'>lali.</span> 
     </span>
     <span class='ocr_line' id='line_1_51' title="bbox 173 3255 875 3322; baseline 0 -16"><span class='ocrx_word' id='word_1_305' title='bbox 173 3257 311 3321; x_wconf 74' lang='lat' dir='ltr'>[biverani</span> <span class='ocrx_word' id='word_1_306' title='bbox 324 3257 483 3322; x_wconf 83' lang='lat' dir='ltr'>Spicilegium</span> <span class='ocrx_word' id='word_1_307' title='bbox 495 3257 668 3314; x_wconf 80' lang='lat' dir='ltr'>Liberiauum,</span> <span class='ocrx_word' id='word_1_308' title='bbox 683 3272 709 3320; x_wconf 90' lang='lat' dir='ltr'>p.</span> <span class='ocrx_word' id='word_1_309' title='bbox 722 3257 780 3316; x_wconf 81' lang='lat' dir='ltr'>lli,</span> <span class='ocrx_word' id='word_1_310' title='bbox 794 3270 822 3308; x_wconf 94' lang='lat' dir='ltr'>n.</span> <span class='ocrx_word' id='word_1_311' title='bbox 837 3255 875 3321; x_wconf 69' lang='grc'>1.]</span> 
     </span>
    </p>
   </div>
   <div class='ocr_carea' id='block_1_12' title="bbox 118 3361 923 3600">
    <p class='ocr_par' dir='ltr' id='par_1_12' title="bbox 118 3361 923 3600">
     <span class='ocr_line' id='line_1_52' title="bbox 118 3361 921 3437; baseline 0 -15"><span class='ocrx_word' id='word_1_312' title='bbox 118 3365 285 3422; x_wconf 86' lang='lat' dir='ltr'>blouasterii</span> <span class='ocrx_word' id='word_1_313' title='bbox 302 3363 483 3422; x_wconf 78' lang='lat' dir='ltr'>sublacensis</span> <span class='ocrx_word' id='word_1_314' title='bbox 507 3365 694 3437; x_wconf 80' lang='lat' dir='ltr'>patrocinium</span> <span class='ocrx_word' id='word_1_315' title='bbox 713 3363 833 3436; x_wconf 82' lang='lat' dir='ltr'>suscipit</span> <span class='ocrx_word' id='word_1_316' title='bbox 847 3361 921 3437; x_wconf 82' lang='lat' dir='ltr'>ejus·</span> 
     </span>
     <span class='ocr_line' id='line_1_53' title="bbox 152 3451 923 3527; baseline 0.001 -18"><span class='ocrx_word' id='word_1_317' title='bbox 152 3468 209 3526; x_wconf 88' lang='lat' dir='ltr'>que</span> <span class='ocrx_word' id='word_1_318' title='bbox 229 3453 427 3525; x_wconf 86' lang='lat' dir='ltr'>possessiones</span> <span class='ocrx_word' id='word_1_319' title='bbox 440 3453 555 3512; x_wconf 86' lang='lat' dir='ltr'>acboua</span> <span class='ocrx_word' id='word_1_320' title='bbox 566 3454 688 3527; x_wconf 90' lang='lat' dir='ltr'>propriis</span> <span class='ocrx_word' id='word_1_321' title='bbox 702 3453 762 3510; x_wconf 87' lang='lat' dir='ltr'>suis</span> <span class='ocrx_word' id='word_1_322' title='bbox 775 3451 923 3510; x_wconf 84' lang='lat' dir='ltr'>vocabulis</span> 
     </span>
     <span class='ocr_line' id='line_1_54' title="bbox 152 3539 497 3600; baseline 0 -2"><span class='ocrx_word' id='word_1_323' title='bbox 152 3539 201 3599; x_wconf 87' lang='lat' dir='ltr'>hie</span> <span class='ocrx_word' id='word_1_324' title='bbox 217 3543 321 3600; x_wconf 88' lang='lat' dir='ltr'>inserta</span> <span class='ocrx_word' id='word_1_325' title='bbox 337 3541 497 3600; x_wconf 81' lang='lat' dir='ltr'>confirmat.</span> 
     </span>
    </p>
   </div>
   <div class='ocr_carea' id='block_1_13' title="bbox 975 3153 1778 3628">
    <p class='ocr_par' dir='ltr' id='par_1_13' title="bbox 975 3153 1778 3628">
     <span class='ocr_line' id='line_1_55' title="bbox 975 3153 1777 3232; baseline -0.007 -12"><span class='ocrx_word' id='word_1_326' title='bbox 975 3157 1114 3220; x_wconf 88' lang='lat' dir='ltr'>vocatur</span> <span class='ocrx_word' id='word_1_327' title='bbox 1132 3157 1284 3232; x_wconf 88' lang='lat' dir='ltr'>augusta,</span> <span class='ocrx_word' id='word_1_328' title='bbox 1306 3156 1432 3218; x_wconf 90' lang='lat' dir='ltr'>nemini</span> <span class='ocrx_word' id='word_1_329' title='bbox 1447 3155 1557 3226; x_wconf 87' lang='lat' dir='ltr'>liceat,</span> <span class='ocrx_word' id='word_1_330' title='bbox 1577 3153 1699 3232; x_wconf 89' lang='lat' dir='ltr'>praeter</span> <span class='ocrx_word' id='word_1_331' title='bbox 1715 3169 1777 3215; x_wconf 87' lang='lat' dir='ltr'>vo-</span> 
     </span>
     <span class='ocr_line' id='line_1_56' title="bbox 976 3251 1776 3331; baseline -0.001 -16"><span class='ocrx_word' id='word_1_332' title='bbox 976 3255 1136 3317; x_wconf 88' lang='lat' dir='ltr'>luntatem</span> <span class='ocrx_word' id='word_1_333' title='bbox 1170 3255 1337 3326; x_wconf 87' lang='lat' dir='ltr'>vestram,</span> <span class='ocrx_word' id='word_1_334' title='bbox 1370 3269 1489 3331; x_wconf 86' lang='lat' dir='ltr'>aquam</span> <span class='ocrx_word' id='word_1_335' title='bbox 1522 3252 1674 3324; x_wconf 85' lang='lat' dir='ltr'>deviare,</span> <span class='ocrx_word' id='word_1_336' title='bbox 1708 3251 1776 3314; x_wconf 89' lang='lat' dir='ltr'>nisl</span> 
     </span>
     <span class='ocr_line' id='line_1_57' title="bbox 976 3351 1776 3432; baseline -0.004 -18"><span class='ocrx_word' id='word_1_337' title='bbox 976 3353 1134 3432; x_wconf 86' lang='lat' dir='ltr'>quantum</span> <span class='ocrx_word' id='word_1_338' title='bbox 1160 3353 1305 3416; x_wconf 88' lang='lat' dir='ltr'>suidciat</span> <span class='ocrx_word' id='word_1_339' title='bbox 1335 3353 1440 3415; x_wconf 89' lang='lat' dir='ltr'>bortis</span> <span class='ocrx_word' id='word_1_340' title='bbox 1468 3351 1634 3428; x_wconf 81' lang='lat' dir='ltr'>rigandis,</span> <span class='ocrx_word' id='word_1_341' title='bbox 1662 3351 1695 3412; x_wconf 89' lang='lat' dir='ltr'>et</span> <span class='ocrx_word' id='word_1_342' title='bbox 1717 3363 1776 3412; x_wconf 92' lang='lat' dir='ltr'>re·</span> 
     </span>
     <span class='ocr_line' id='line_1_58' title="bbox 975 3447 1776 3530; baseline -0.004 -17"><span class='ocrx_word' id='word_1_343' title='bbox 975 3452 1096 3530; x_wconf 85' lang='lat' dir='ltr'>plaudo</span> <span class='ocrx_word' id='word_1_344' title='bbox 1113 3451 1237 3516; x_wconf 89' lang='lat' dir='ltr'>iontem</span> <span class='ocrx_word' id='word_1_345' title='bbox 1255 3451 1464 3528; x_wconf 89' lang='lat' dir='ltr'>baptismatis</span> <span class='ocrx_word' id='word_1_346' title='bbox 1477 3450 1513 3512; x_wconf 93' lang='lat' dir='ltr'>in</span> <span class='ocrx_word' id='word_1_347' title='bbox 1529 3449 1645 3510; x_wconf 89' lang='lat' dir='ltr'>eadem</span> <span class='ocrx_word' id='word_1_348' title='bbox 1665 3447 1776 3510; x_wconf 87' lang='lat' dir='ltr'>eccle·</span> 
     </span>
     <span class='ocr_line' id='line_1_59' title="bbox 976 3546 1778 3628; baseline -0.005 -18"><span class='ocrx_word' id='word_1_349' title='bbox 976 3550 1037 3618; x_wconf 88' lang='lat' dir='ltr'>sia,</span> <span class='ocrx_word' id='word_1_350' title='bbox 1052 3565 1113 3612; x_wconf 90' lang='lat' dir='ltr'>uec</span> <span class='ocrx_word' id='word_1_351' title='bbox 1130 3565 1227 3628; x_wconf 83' lang='lat' dir='ltr'>aquae</span> <span class='ocrx_word' id='word_1_352' title='bbox 1243 3548 1364 3611; x_wconf 88' lang='lat' dir='ltr'>molam</span> <span class='ocrx_word' id='word_1_353' title='bbox 1377 3548 1551 3626; x_wconf 86' lang='lat' dir='ltr'>quisquam</span> <span class='ocrx_word' id='word_1_354' title='bbox 1566 3546 1636 3608; x_wconf 89' lang='lat' dir='ltr'>illic</span> <span class='ocrx_word' id='word_1_355' title='bbox 1656 3547 1778 3623; x_wconf 89' lang='lat' dir='ltr'>praeter</span> 
     </span>
    </p>
   </div>
   <div class='ocr_carea' id='block_1_14' title="bbox 115 3643 1779 3940">
    <p class='ocr_par' dir='ltr' id='par_1_14' title="bbox 115 3643 1779 3940">
     <span class='ocr_line' id='line_1_60' title="bbox 158 3643 1777 3744; baseline -0.011 -22"><span class='ocrx_word' id='word_1_356' title='bbox 158 3667 329 3728; x_wconf 79' lang='lat' dir='ltr'>Honorius</span> <span class='ocrx_word' id='word_1_357' title='bbox 340 3665 527 3744; x_wconf 69' lang='lat' dir='ltr'>episcopus,</span> <span class='ocrx_word' id='word_1_358' title='bbox 540 3681 657 3728; x_wconf 71' lang='lat' dir='ltr'>servus</span> <span class='ocrx_word' id='word_1_359' title='bbox 667 3680 840 3728; x_wconf 65' lang='lat' dir='ltr'>servorum</span> <span class='ocrx_word' id='word_1_360' title='bbox 848 3664 920 3733; x_wconf 66' lang='lat' dir='ltr'>pei,</span> <span class='ocrx_word' id='word_1_361' title='bbox 975 3650 1120 3711; x_wconf 87' lang='lat' dir='ltr'>vestram</span> <span class='ocrx_word' id='word_1_362' title='bbox 1156 3647 1361 3710; x_wconf 86' lang='lat' dir='ltr'>voluntatem</span> <span class='ocrx_word' id='word_1_363' title='bbox 1397 3645 1564 3708; x_wconf 85' lang='lat' dir='ltr'>aediticare</span> <span class='ocrx_word' id='word_1_364' title='bbox 1597 3643 1777 3720; x_wconf 75' lang='lat' dir='ltr'>presumat</span> 
     </span>
     <span class='ocr_line' id='line_1_61' title="bbox 116 3739 1779 3829; baseline -0.007 -5"><span class='ocrx_word' id='word_1_365' title='bbox 116 3763 251 3826; x_wconf 85' lang='lat' dir='ltr'>dilectis</span> <span class='ocrx_word' id='word_1_366' title='bbox 266 3763 345 3826; x_wconf 87' lang='lat' dir='ltr'>tiliis</span> <span class='ocrx_word' id='word_1_367' title='bbox 367 3763 491 3829; x_wconf 83' lang='lat' dir='ltr'>loanni</span> <span class='ocrx_word' id='word_1_368' title='bbox 510 3762 623 3825; x_wconf 90' lang='lat' dir='ltr'>abbati</span> <span class='ocrx_word' id='word_1_369' title='bbox 642 3761 836 3824; x_wconf 87' lang='lat' dir='ltr'>monasterii</span> <span class='ocrx_word' id='word_1_370' title='bbox 853 3764 921 3822; x_wconf 86' lang='lat' dir='ltr'>Su·</span> <span class='ocrx_word' id='word_1_371' title='bbox 976 3745 1133 3824; x_wconf 86' lang='lat' dir='ltr'>usquein</span> <span class='ocrx_word' id='word_1_372' title='bbox 1152 3745 1347 3822; x_wconf 64' lang='lat' dir='ltr'>Plaedisstllm</span> <span class='ocrx_word' id='word_1_373' title='bbox 1369 3757 1484 3804; x_wconf 65' lang='grc'><strong>11011111</strong></span> <span class='ocrx_word' id='word_1_374' title='bbox 1505 3739 1713 3803; x_wconf 65' lang='lat' dir='ltr'>d0F01&#39;1&#39;flifl·</span> <span class='ocrx_word' id='word_1_375' title='bbox 1740 3740 1779 3802; x_wconf 75' lang='lat' dir='ltr'>Sl</span> 
     </span>
     <span class='ocr_line' id='line_1_62' title="bbox 115 3839 1777 3940; baseline -0.008 -18"><span class='ocrx_word' id='word_1_376' title='bbox 115 3861 286 3924; x_wconf 87' lang='lat' dir='ltr'>blacensis</span> <span class='ocrx_word' id='word_1_377' title='bbox 301 3857 923 3940; x_wconf 86' lang='lat' dir='ltr'>ejusquetratribus,tampraeseutibus</span> <span class='ocrx_word' id='word_1_378' title='bbox 976 3845 1051 3923; x_wconf 74' lang='grc'><strong>111118</strong></span> <span class='ocrx_word' id='word_1_379' title='bbox 1084 3859 1164 3907; x_wconf 74' lang='grc'><strong>1010</strong></span> <span class='ocrx_word' id='word_1_380' title='bbox 1192 3843 1291 3906; x_wconf 65' lang='lat' dir='ltr'>aliter</span> <span class='ocrx_word' id='word_1_381' title='bbox 1327 3841 1449 3918; x_wconf 65' lang='lat' dir='ltr'>egerit,</span> <span class='ocrx_word' id='word_1_382' title='bbox 1476 3839 1585 3902; x_wconf 71' lang='lat' dir='ltr'>bandO</span> <span class='ocrx_word' id='word_1_383' title='bbox 1616 3841 1777 3902; x_wconf 60' lang='lat' dir='ltr'>Roman&amp;</span> 
     </span>
    </p>
   </div>
   <div class='ocr_carea' id='block_1_15' title="bbox 117 3935 1777 4134">
    <p class='ocr_par' dir='ltr' id='par_1_15' title="bbox 117 3935 1777 4134">
     <span class='ocr_line' id='line_1_63' title="bbox 117 3935 1777 4037; baseline -0.004 -17"><span class='ocrx_word' id='word_1_384' title='bbox 117 3975 220 4037; x_wconf 89' lang='lat' dir='ltr'>quam</span> <span class='ocrx_word' id='word_1_385' title='bbox 246 3959 367 4022; x_wconf 87' lang='lat' dir='ltr'>tuturis</span> <span class='ocrx_word' id='word_1_386' title='bbox 391 3958 580 4037; x_wconf 79' lang='lat' dir='ltr'>regularem</span> <span class='ocrx_word' id='word_1_387' title='bbox 594 3959 697 4021; x_wconf 89' lang='lat' dir='ltr'>vitam</span> <span class='ocrx_word' id='word_1_388' title='bbox 711 3956 870 4036; x_wconf 82' lang='lat' dir='ltr'>protessis</span> <span class='ocrx_word' id='word_1_389' title='bbox 888 3956 923 4018; x_wconf 92' lang='lat' dir='ltr'>in</span> <span class='ocrx_word' id='word_1_390' title='bbox 976 3943 1078 4005; x_wconf 76' lang='lat' dir='ltr'>curiae</span> <span class='ocrx_word' id='word_1_391' title='bbox 1104 3941 1339 4018; x_wconf 59' lang='lat' dir='ltr'>distringatur,</span> <span class='ocrx_word' id='word_1_392' title='bbox 1366 3941 1461 4018; x_wconf 65' lang='grc'><strong>0111118</strong></span> <span class='ocrx_word' id='word_1_393' title='bbox 1487 3936 1589 4000; x_wconf 68' lang='lat' dir='ltr'>bandi</span> <span class='ocrx_word' id='word_1_394' title='bbox 1616 3935 1777 4000; x_wconf 62' lang='grc'><strong>1191119118</strong></span> 
     </span>
     <span class='ocr_line' id='line_1_64' title="bbox 119 4035 1777 4134; baseline -0.014 -15"><span class='ocrx_word' id='word_1_395' title='bbox 119 4059 328 4134; x_wconf 88' lang='lat' dir='ltr'>perpetuum.</span> <span class='ocrx_word' id='word_1_396' title='bbox 826 4072 828 4077; x_wconf 93' lang='lat'>·</span> <span class='ocrx_word' id='word_1_397' title='bbox 977 4057 1072 4104; x_wconf 89' lang='lat' dir='ltr'>sacro</span> <span class='ocrx_word' id='word_1_398' title='bbox 1101 4041 1215 4102; x_wconf 75' lang='lat' dir='ltr'>nosue</span> <span class='ocrx_word' id='word_1_399' title='bbox 1253 4038 1389 4117; x_wconf 90' lang='lat' dir='ltr'>palatio,</span> <span class='ocrx_word' id='word_1_400' title='bbox 1418 4036 1586 4100; x_wconf 89' lang='lat' dir='ltr'>etaltera</span> <span class='ocrx_word' id='word_1_401' title='bbox 1617 4035 1777 4098; x_wconf 88' lang='lat' dir='ltr'>medietas</span> 
     </span>
    </p>
   </div>
   <div class='ocr_carea' id='block_1_16' title="bbox 117 4134 1781 5804">
    <p class='ocr_par' dir='ltr' id='par_1_16' title="bbox 117 4134 1781 5804">
     <span class='ocr_line' id='line_1_65' title="bbox 162 4134 1779 4228; baseline -0.012 -15"><span class='ocrx_word' id='word_1_402' title='bbox 162 4155 320 4228; x_wconf 84' lang='lat' dir='ltr'>Quamvis</span> <span class='ocrx_word' id='word_1_403' title='bbox 330 4155 565 4218; x_wconf 75' lang='lat' dir='ltr'>universarum</span> <span class='ocrx_word' id='word_1_404' title='bbox 578 4152 796 4216; x_wconf 72' lang='lat' dir='ltr'>eeclesiarum</span> <span class='ocrx_word' id='word_1_405' title='bbox 806 4167 921 4214; x_wconf 68' lang='lat' dir='ltr'>curam</span> <span class='ocrx_word' id='word_1_406' title='bbox 977 4139 1083 4202; x_wconf 89' lang='lat' dir='ltr'>eidem</span> <span class='ocrx_word' id='word_1_407' title='bbox 1092 4138 1294 4201; x_wconf 89' lang='lat' dir='ltr'>monasterio</span> <span class='ocrx_word' id='word_1_408' title='bbox 1307 4135 1526 4214; x_wconf 84' lang='lat' dir='ltr'>persolvatur.</span> <span class='ocrx_word' id='word_1_409' title='bbox 1537 4134 1779 4197; x_wconf 79' lang='lat' dir='ltr'>confirmamus</span> 
     </span>
     <span class='ocr_line' id='line_1_66' title="bbox 118 4232 1778 4330; baseline -0.007 -16"><span class='ocrx_word' id='word_1_410' title='bbox 118 4270 162 4314; x_wconf 78' lang='lat' dir='ltr'>ox</span> <span class='ocrx_word' id='word_1_411' title='bbox 177 4253 288 4316; x_wconf 83' lang='lat' dir='ltr'>cilicio</span> <span class='ocrx_word' id='word_1_412' title='bbox 310 4254 472 4330; x_wconf 83' lang='lat' dir='ltr'>susceptae</span> <span class='ocrx_word' id='word_1_413' title='bbox 490 4250 788 4315; x_wconf 89' lang='lat' dir='ltr'>administrationis</span> <span class='ocrx_word' id='word_1_414' title='bbox 806 4265 924 4327; x_wconf 87' lang='lat' dir='ltr'>gerere</span> <span class='ocrx_word' id='word_1_415' title='bbox 978 4236 1197 4309; x_wconf 67' lang='grc' dir='ltr'><strong>61111110ῧί1,</strong></span> <span class='ocrx_word' id='word_1_416' title='bbox 1214 4238 1248 4300; x_wconf 70' lang='lat' dir='ltr'>Oi</span> <span class='ocrx_word' id='word_1_417' title='bbox 1260 4237 1372 4298; x_wconf 72' lang='grc'><strong>168111)</strong></span> <span class='ocrx_word' id='word_1_418' title='bbox 1386 4233 1589 4296; x_wconf 62' lang='lat' dir='ltr'>munisterio</span> <span class='ocrx_word' id='word_1_419' title='bbox 1603 4232 1778 4295; x_wconf 67' lang='lat' dir='ltr'>castellum</span> 
     </span>
     <span class='ocr_line' id='line_1_67' title="bbox 119 4329 1778 4427; baseline -0.011 -18"><span class='ocrx_word' id='word_1_420' title='bbox 119 4351 457 4427; x_wconf 77' lang='lat' dir='ltr'>teneamur3111arum</span> <span class='ocrx_word' id='word_1_421' title='bbox 469 4350 666 4427; x_wconf 72' lang='lat' dir='ltr'>tamenquae</span> <span class='ocrx_word' id='word_1_422' title='bbox 681 4349 723 4411; x_wconf 78' lang='lat' dir='ltr'>ad</span> <span class='ocrx_word' id='word_1_423' title='bbox 739 4352 923 4411; x_wconf 73' lang='lat' dir='ltr'>Romanam</span> <span class='ocrx_word' id='word_1_424' title='bbox 977 4336 1064 4414; x_wconf 89' lang='lat' dir='ltr'>quod</span> <span class='ocrx_word' id='word_1_425' title='bbox 1087 4335 1247 4398; x_wconf 82' lang='lat' dir='ltr'>sublacus</span> <span class='ocrx_word' id='word_1_426' title='bbox 1266 4333 1398 4404; x_wconf 89' lang='lat' dir='ltr'>dicitur,</span> <span class='ocrx_word' id='word_1_427' title='bbox 1425 4348 1500 4394; x_wconf 91' lang='lat' dir='ltr'>cum</span> <span class='ocrx_word' id='word_1_428' title='bbox 1528 4329 1683 4392; x_wconf 88' lang='lat' dir='ltr'>omnibus</span> <span class='ocrx_word' id='word_1_429' title='bbox 1707 4329 1778 4391; x_wconf 88' lang='lat' dir='ltr'>suis</span> 
     </span>
     <span class='ocr_line' id='line_1_68' title="bbox 119 4427 1778 4523; baseline -0.009 -12"><span class='ocrx_word' id='word_1_430' title='bbox 119 4449 317 4522; x_wconf 73' lang='lat' dir='ltr'>Ecclesiam,</span> <span class='ocrx_word' id='word_1_431' title='bbox 335 4449 428 4512; x_wconf 87' lang='lat' dir='ltr'>nullo</span> <span class='ocrx_word' id='word_1_432' title='bbox 444 4449 623 4519; x_wconf 81' lang='lat' dir='ltr'>mediante,</span> <span class='ocrx_word' id='word_1_433' title='bbox 645 4446 837 4523; x_wconf 79' lang='lat' dir='ltr'>respiciunt,</span> <span class='ocrx_word' id='word_1_434' title='bbox 854 4445 925 4507; x_wconf 81' lang='lat' dir='ltr'>sol·</span> <span class='ocrx_word' id='word_1_435' title='bbox 978 4433 1199 4512; x_wconf 80' lang='lat' dir='ltr'>pertinentiis,</span> <span class='ocrx_word' id='word_1_436' title='bbox 1216 4428 1639 4509; x_wconf 79' lang='lat' dir='ltr'>sioutapraedecassorinus</span> <span class='ocrx_word' id='word_1_437' title='bbox 1652 4427 1778 4489; x_wconf 82' lang='lat' dir='ltr'>nostris</span> 
     </span>
     <span class='ocr_line' id='line_1_69' title="bbox 117 4525 1779 4626; baseline -0.005 -19"><span class='ocrx_word' id='word_1_438' title='bbox 117 4548 326 4610; x_wconf 91' lang='lat' dir='ltr'>licitudinem</span> <span class='ocrx_word' id='word_1_439' title='bbox 339 4547 463 4610; x_wconf 86' lang='lat' dir='ltr'>babere</span> <span class='ocrx_word' id='word_1_440' title='bbox 478 4563 538 4608; x_wconf 89' lang='lat' dir='ltr'>noe</span> <span class='ocrx_word' id='word_1_441' title='bbox 554 4545 712 4626; x_wconf 81' lang='lat' dir='ltr'>convenit</span> <span class='ocrx_word' id='word_1_442' title='bbox 725 4545 921 4622; x_wconf 89' lang='lat' dir='ltr'>specialem;</span> <span class='ocrx_word' id='word_1_443' title='bbox 977 4534 1108 4596; x_wconf 69' lang='grc'><strong>10118111</strong></span> <span class='ocrx_word' id='word_1_444' title='bbox 1128 4549 1204 4596; x_wconf 71' lang='lat'>⁹⁸³0</span> <span class='ocrx_word' id='word_1_445' title='bbox 1226 4544 1432 4601; x_wconf 89' lang='lat' dir='ltr'>concessum,</span> <span class='ocrx_word' id='word_1_446' title='bbox 1453 4544 1529 4592; x_wconf 88' lang='lat' dir='ltr'>cum</span> <span class='ocrx_word' id='word_1_447' title='bbox 1550 4525 1729 4598; x_wconf 69' lang='lat' dir='ltr'>montibus,</span> <span class='ocrx_word' id='word_1_448' title='bbox 1745 4527 1779 4588; x_wconf 76' lang='grc' dir='ltr'>θῐ</span> 
     </span>
     <span class='ocr_line' id='line_1_70' title="bbox 118 4625 1777 4722; baseline -0.013 -17"><span class='ocrx_word' id='word_1_449' title='bbox 118 4647 152 4708; x_wconf 87' lang='lat' dir='ltr'>et</span> <span class='ocrx_word' id='word_1_450' title='bbox 179 4661 295 4708; x_wconf 87' lang='lat' dir='ltr'>earum</span> <span class='ocrx_word' id='word_1_451' title='bbox 321 4645 395 4722; x_wconf 83' lang='lat' dir='ltr'>paci</span> <span class='ocrx_word' id='word_1_452' title='bbox 410 4649 445 4708; x_wconf 78' lang='lat' dir='ltr'>ot</span> <span class='ocrx_word' id='word_1_453' title='bbox 462 4643 709 4722; x_wconf 80' lang='lat' dir='ltr'>tranquillitati,</span> <span class='ocrx_word' id='word_1_454' title='bbox 735 4642 924 4704; x_wconf 71' lang='lat' dir='ltr'>auxiliante</span> <span class='ocrx_word' id='word_1_455' title='bbox 977 4631 1131 4705; x_wconf 87' lang='lat' dir='ltr'>collibus,</span> <span class='ocrx_word' id='word_1_456' title='bbox 1160 4630 1271 4692; x_wconf 87' lang='lat' dir='ltr'>iuudis</span> <span class='ocrx_word' id='word_1_457' title='bbox 1295 4631 1330 4692; x_wconf 88' lang='lat' dir='ltr'>at</span> <span class='ocrx_word' id='word_1_458' title='bbox 1357 4628 1525 4692; x_wconf 88' lang='lat' dir='ltr'>casalibus</span> <span class='ocrx_word' id='word_1_459' title='bbox 1547 4625 1617 4687; x_wconf 89' lang='lat' dir='ltr'>suis</span> <span class='ocrx_word' id='word_1_460' title='bbox 1643 4625 1777 4686; x_wconf 89' lang='lat' dir='ltr'>etcum</span> 
     </span>
     <span class='ocr_line' id='line_1_71' title="bbox 118 4720 1778 4820; baseline -0.013 -16"><span class='ocrx_word' id='word_1_461' title='bbox 118 4743 270 4816; x_wconf 85' lang='lat' dir='ltr'>Domino,</span> <span class='ocrx_word' id='word_1_462' title='bbox 302 4742 488 4820; x_wconf 81' lang='lat' dir='ltr'>providere.</span> <span class='ocrx_word' id='word_1_463' title='bbox 518 4741 717 4820; x_wconf 69' lang='lat' dir='ltr'>eapropter,</span> <span class='ocrx_word' id='word_1_464' title='bbox 746 4739 923 4802; x_wconf 73' lang='lat' dir='ltr'>directim</span> <span class='ocrx_word' id='word_1_465' title='bbox 977 4729 1131 4792; x_wconf 90' lang='lat' dir='ltr'>omuibus</span> <span class='ocrx_word' id='word_1_466' title='bbox 1146 4727 1308 4801; x_wconf 89' lang='lat' dir='ltr'>ecclesiis,</span> <span class='ocrx_word' id='word_1_467' title='bbox 1320 4727 1353 4788; x_wconf 93' lang='lat' dir='ltr'>et</span> <span class='ocrx_word' id='word_1_468' title='bbox 1366 4725 1466 4788; x_wconf 89' lang='lat' dir='ltr'>rebus</span> <span class='ocrx_word' id='word_1_469' title='bbox 1481 4723 1523 4786; x_wconf 90' lang='lat' dir='ltr'>ad</span> <span class='ocrx_word' id='word_1_470' title='bbox 1534 4739 1593 4786; x_wconf 89' lang='lat' dir='ltr'>eas</span> <span class='ocrx_word' id='word_1_471' title='bbox 1605 4720 1778 4800; x_wconf 85' lang='lat' dir='ltr'>generali·</span> 
     </span>
     <span class='ocr_line' id='line_1_72' title="bbox 119 4819 1779 4920; baseline -0.014 -16"><span class='ocrx_word' id='word_1_472' title='bbox 119 4842 259 4904; x_wconf 88' lang='lat' dir='ltr'>Domino</span> <span class='ocrx_word' id='word_1_473' title='bbox 281 4841 355 4914; x_wconf 88' lang='lat' dir='ltr'>tilii,</span> <span class='ocrx_word' id='word_1_474' title='bbox 371 4841 492 4904; x_wconf 85' lang='lat' dir='ltr'>vestris</span> <span class='ocrx_word' id='word_1_475' title='bbox 516 4840 617 4920; x_wconf 84' lang='lat' dir='ltr'>justis</span> <span class='ocrx_word' id='word_1_476' title='bbox 644 4837 924 4916; x_wconf 87' lang='lat' dir='ltr'>postulationibus</span> <span class='ocrx_word' id='word_1_477' title='bbox 977 4831 1030 4891; x_wconf 90' lang='lat' dir='ltr'>ter</span> <span class='ocrx_word' id='word_1_478' title='bbox 1051 4829 1085 4890; x_wconf 90' lang='lat' dir='ltr'>et</span> <span class='ocrx_word' id='word_1_479' title='bbox 1107 4827 1142 4888; x_wconf 91' lang='lat' dir='ltr'>in</span> <span class='ocrx_word' id='word_1_480' title='bbox 1165 4826 1330 4903; x_wconf 89' lang='lat' dir='ltr'>integrum</span> <span class='ocrx_word' id='word_1_481' title='bbox 1354 4821 1609 4902; x_wconf 89' lang='lat' dir='ltr'>pertinentibus.</span> <span class='ocrx_word' id='word_1_482' title='bbox 1626 4819 1779 4882; x_wconf 82' lang='lat' dir='ltr'>Fundam</span> 
     </span>
     <span class='ocr_line' id='line_1_73' title="bbox 118 4925 1779 5015; baseline -0.011 -15"><span class='ocrx_word' id='word_1_483' title='bbox 118 4939 299 5002; x_wconf 88' lang='lat' dir='ltr'>clementer</span> <span class='ocrx_word' id='word_1_484' title='bbox 321 4939 515 5009; x_wconf 88' lang='lat' dir='ltr'>annuimus,</span> <span class='ocrx_word' id='word_1_485' title='bbox 544 4937 577 4998; x_wconf 93' lang='lat' dir='ltr'>et</span> <span class='ocrx_word' id='word_1_486' title='bbox 602 4936 778 5015; x_wconf 86' lang='lat' dir='ltr'>praeiatum</span> <span class='ocrx_word' id='word_1_487' title='bbox 801 4934 924 4998; x_wconf 87' lang='lat' dir='ltr'>Subla·</span> <span class='ocrx_word' id='word_1_488' title='bbox 977 4925 1779 5003; x_wconf 81' lang='lat' dir='ltr'>canalis,a1ndumoennaeintagrumcumper-</span> 
     </span>
     <span class='ocr_line' id='line_1_74' title="bbox 120 5023 1781 5113; baseline -0.01 -15"><span class='ocrx_word' id='word_1_489' title='bbox 120 5053 220 5098; x_wconf 84' lang='lat' dir='ltr'>cause</span> <span class='ocrx_word' id='word_1_490' title='bbox 234 5037 485 5108; x_wconf 88' lang='lat' dir='ltr'>monasterium,</span> <span class='ocrx_word' id='word_1_491' title='bbox 501 5035 587 5113; x_wconf 91' lang='lat' dir='ltr'>quod</span> <span class='ocrx_word' id='word_1_492' title='bbox 605 5035 648 5096; x_wconf 91' lang='lat' dir='ltr'>ad</span> <span class='ocrx_word' id='word_1_493' title='bbox 666 5037 850 5097; x_wconf 86' lang='lat' dir='ltr'>Romanam</span> <span class='ocrx_word' id='word_1_494' title='bbox 866 5049 923 5096; x_wconf 89' lang='lat' dir='ltr'>ac·</span> <span class='ocrx_word' id='word_1_495' title='bbox 977 5027 1128 5090; x_wconf 86' lang='lat' dir='ltr'>tinentiis</span> <span class='ocrx_word' id='word_1_496' title='bbox 1148 5026 1229 5099; x_wconf 92' lang='lat' dir='ltr'>suis,</span> <span class='ocrx_word' id='word_1_497' title='bbox 1252 5025 1390 5087; x_wconf 79' lang='lat' dir='ltr'>fundum</span> <span class='ocrx_word' id='word_1_498' title='bbox 1405 5023 1588 5086; x_wconf 77' lang='lat' dir='ltr'>Fraxinum</span> <span class='ocrx_word' id='word_1_499' title='bbox 1610 5037 1684 5084; x_wconf 91' lang='lat' dir='ltr'>cum</span> <span class='ocrx_word' id='word_1_500' title='bbox 1708 5036 1781 5083; x_wconf 92' lang='lat' dir='ltr'>om·</span> 
     </span>
     <span class='ocr_line' id='line_1_75' title="bbox 120 5119 1781 5210; baseline -0.01 -14"><span class='ocrx_word' id='word_1_501' title='bbox 120 5136 269 5208; x_wconf 88' lang='lat' dir='ltr'>clesiam,</span> <span class='ocrx_word' id='word_1_502' title='bbox 298 5134 390 5196; x_wconf 93' lang='lat' dir='ltr'>nullo</span> <span class='ocrx_word' id='word_1_503' title='bbox 415 5134 592 5202; x_wconf 88' lang='lat' dir='ltr'>mediante,</span> <span class='ocrx_word' id='word_1_504' title='bbox 618 5133 773 5210; x_wconf 88' lang='lat' dir='ltr'>pertinet,</span> <span class='ocrx_word' id='word_1_505' title='bbox 799 5133 836 5195; x_wconf 90' lang='lat' dir='ltr'>in</span> <span class='ocrx_word' id='word_1_506' title='bbox 861 5145 924 5209; x_wconf 85' lang='lat' dir='ltr'>quo</span> <span class='ocrx_word' id='word_1_507' title='bbox 978 5125 1076 5187; x_wconf 87' lang='lat' dir='ltr'>uibus</span> <span class='ocrx_word' id='word_1_508' title='bbox 1091 5123 1162 5186; x_wconf 89' lang='lat' dir='ltr'>suis</span> <span class='ocrx_word' id='word_1_509' title='bbox 1176 5122 1396 5200; x_wconf 87' lang='lat' dir='ltr'>pertiuentiis,</span> <span class='ocrx_word' id='word_1_510' title='bbox 1410 5123 1442 5184; x_wconf 86' lang='lat' dir='ltr'>et</span> <span class='ocrx_word' id='word_1_511' title='bbox 1454 5121 1564 5184; x_wconf 92' lang='lat' dir='ltr'>locum</span> <span class='ocrx_word' id='word_1_512' title='bbox 1574 5119 1631 5198; x_wconf 91' lang='lat' dir='ltr'>qui</span> <span class='ocrx_word' id='word_1_513' title='bbox 1641 5119 1781 5181; x_wconf 89' lang='lat' dir='ltr'>vocatur</span> 
     </span>
     <span class='ocr_line' id='line_1_76' title="bbox 120 5216 1779 5310; baseline -0.011 -16"><span class='ocrx_word' id='word_1_514' title='bbox 120 5235 235 5296; x_wconf 91' lang='lat' dir='ltr'>divino</span> <span class='ocrx_word' id='word_1_515' title='bbox 259 5233 340 5295; x_wconf 89' lang='lat' dir='ltr'>estis</span> <span class='ocrx_word' id='word_1_516' title='bbox 355 5231 514 5310; x_wconf 84' lang='lat' dir='ltr'>obsequio</span> <span class='ocrx_word' id='word_1_517' title='bbox 538 5231 728 5308; x_wconf 89' lang='lat' dir='ltr'>mancipati,</span> <span class='ocrx_word' id='word_1_518' title='bbox 746 5230 788 5291; x_wconf 90' lang='lat' dir='ltr'>ad</span> <span class='ocrx_word' id='word_1_519' title='bbox 804 5244 923 5292; x_wconf 84' lang='lat' dir='ltr'>exem·</span> <span class='ocrx_word' id='word_1_520' title='bbox 978 5222 1098 5294; x_wconf 84' lang='lat' dir='ltr'>Fundi,</span> <span class='ocrx_word' id='word_1_521' title='bbox 1123 5219 1211 5283; x_wconf 88' lang='lat' dir='ltr'>sicut</span> <span class='ocrx_word' id='word_1_522' title='bbox 1233 5219 1425 5284; x_wconf 82' lang='lat' dir='ltr'>extenditur</span> <span class='ocrx_word' id='word_1_523' title='bbox 1452 5233 1558 5297; x_wconf 86' lang='lat' dir='ltr'>usque</span> <span class='ocrx_word' id='word_1_524' title='bbox 1582 5216 1624 5278; x_wconf 90' lang='lat' dir='ltr'>ad</span> <span class='ocrx_word' id='word_1_525' title='bbox 1650 5217 1779 5294; x_wconf 89' lang='lat' dir='ltr'>petram</span> 
     </span>
     <span class='ocr_line' id='line_1_77' title="bbox 120 5312 1781 5408; baseline -0.011 -16"><span class='ocrx_word' id='word_1_526' title='bbox 120 5332 193 5408; x_wconf 85' lang='lat' dir='ltr'>plur</span> <span class='ocrx_word' id='word_1_527' title='bbox 207 5331 317 5393; x_wconf 83' lang='lat' dir='ltr'>leucis</span> <span class='ocrx_word' id='word_1_528' title='bbox 328 5327 759 5392; x_wconf 85' lang='lat' dir='ltr'>recordationisGlemeutis</span> <span class='ocrx_word' id='word_1_529' title='bbox 770 5341 864 5406; x_wconf 83' lang='lat' dir='ltr'>papae</span> <span class='ocrx_word' id='word_1_530' title='bbox 878 5329 924 5388; x_wconf 88' lang='lat' dir='ltr'>lli</span> <span class='ocrx_word' id='word_1_531' title='bbox 978 5319 1200 5398; x_wconf 85' lang='lat' dir='ltr'>imperatoris,</span> <span class='ocrx_word' id='word_1_532' title='bbox 1226 5321 1259 5382; x_wconf 88' lang='lat' dir='ltr'>et</span> <span class='ocrx_word' id='word_1_533' title='bbox 1275 5318 1368 5380; x_wconf 89' lang='lat' dir='ltr'>vadit</span> <span class='ocrx_word' id='word_1_534' title='bbox 1386 5317 1423 5379; x_wconf 89' lang='lat' dir='ltr'>iu</span> <span class='ocrx_word' id='word_1_535' title='bbox 1444 5319 1588 5380; x_wconf 89' lang='lat' dir='ltr'>montem</span> <span class='ocrx_word' id='word_1_536' title='bbox 1606 5312 1664 5391; x_wconf 82' lang='lat' dir='ltr'>qui</span> <span class='ocrx_word' id='word_1_537' title='bbox 1683 5327 1781 5374; x_wconf 90' lang='lat' dir='ltr'>voca·</span> 
     </span>
     <span class='ocr_line' id='line_1_78' title="bbox 121 5411 1781 5506; baseline -0.013 -14"><span class='ocrx_word' id='word_1_538' title='bbox 121 5428 377 5506; x_wconf 86' lang='lat' dir='ltr'>praedecessoris</span> <span class='ocrx_word' id='word_1_539' title='bbox 400 5428 518 5498; x_wconf 89' lang='lat' dir='ltr'>nostri,</span> <span class='ocrx_word' id='word_1_540' title='bbox 549 5426 610 5488; x_wconf 90' lang='lat' dir='ltr'>sub</span> <span class='ocrx_word' id='word_1_541' title='bbox 633 5424 722 5490; x_wconf 88' lang='lat' dir='ltr'>beati</span> <span class='ocrx_word' id='word_1_542' title='bbox 749 5425 859 5498; x_wconf 88' lang='lat' dir='ltr'>Petri,</span> <span class='ocrx_word' id='word_1_543' title='bbox 891 5425 926 5486; x_wconf 89' lang='lat' dir='ltr'>et</span> <span class='ocrx_word' id='word_1_544' title='bbox 978 5419 1033 5481; x_wconf 88' lang='lat' dir='ltr'>tur</span> <span class='ocrx_word' id='word_1_545' title='bbox 1045 5418 1193 5486; x_wconf 88' lang='lat' dir='ltr'>Piouica,</span> <span class='ocrx_word' id='word_1_546' title='bbox 1210 5416 1288 5478; x_wconf 87' lang='lat' dir='ltr'>inde</span> <span class='ocrx_word' id='word_1_547' title='bbox 1302 5431 1362 5494; x_wconf 90' lang='lat' dir='ltr'>per</span> <span class='ocrx_word' id='word_1_548' title='bbox 1374 5430 1501 5477; x_wconf 88' lang='lat' dir='ltr'>serram</span> <span class='ocrx_word' id='word_1_549' title='bbox 1511 5413 1547 5474; x_wconf 92' lang='lat' dir='ltr'>in</span> <span class='ocrx_word' id='word_1_550' title='bbox 1561 5411 1707 5474; x_wconf 88' lang='lat' dir='ltr'>montem</span> <span class='ocrx_word' id='word_1_551' title='bbox 1717 5413 1781 5472; x_wconf 89' lang='lat' dir='ltr'>Ro·</span> 
     </span>
     <span class='ocr_line' id='line_1_79' title="bbox 121 5507 1779 5604; baseline -0.013 -16"><span class='ocrx_word' id='word_1_552' title='bbox 121 5529 234 5590; x_wconf 86' lang='lat' dir='ltr'>nostra</span> <span class='ocrx_word' id='word_1_553' title='bbox 247 5526 454 5604; x_wconf 86' lang='lat' dir='ltr'>protectione</span> <span class='ocrx_word' id='word_1_554' title='bbox 468 5523 679 5602; x_wconf 87' lang='lat' dir='ltr'>suscipimus,</span> <span class='ocrx_word' id='word_1_555' title='bbox 700 5524 733 5586; x_wconf 89' lang='lat' dir='ltr'>et</span> <span class='ocrx_word' id='word_1_556' title='bbox 747 5523 924 5602; x_wconf 88' lang='lat' dir='ltr'>praesentis</span> <span class='ocrx_word' id='word_1_557' title='bbox 978 5532 1124 5588; x_wconf 88' lang='lat' dir='ltr'>manum,</span> <span class='ocrx_word' id='word_1_558' title='bbox 1141 5515 1258 5578; x_wconf 79' lang='lat' dir='ltr'>etexit</span> <span class='ocrx_word' id='word_1_559' title='bbox 1272 5514 1308 5577; x_wconf 91' lang='lat' dir='ltr'>in</span> <span class='ocrx_word' id='word_1_560' title='bbox 1321 5527 1473 5589; x_wconf 88' lang='lat' dir='ltr'>campum</span> <span class='ocrx_word' id='word_1_561' title='bbox 1488 5511 1634 5586; x_wconf 87' lang='lat' dir='ltr'>longum,</span> <span class='ocrx_word' id='word_1_562' title='bbox 1651 5508 1730 5572; x_wconf 88' lang='lat' dir='ltr'>inde</span> <span class='ocrx_word' id='word_1_563' title='bbox 1743 5507 1779 5568; x_wconf 94' lang='lat' dir='ltr'>in</span> 
     </span>
     <span class='ocr_line' id='line_1_80' title="bbox 121 5606 1778 5714; baseline -0.011 -30"><span class='ocrx_word' id='word_1_564' title='bbox 121 5625 236 5703; x_wconf 83' lang='lat' dir='ltr'>scripti</span> <span class='ocrx_word' id='word_1_565' title='bbox 262 5623 440 5702; x_wconf 91' lang='lat' dir='ltr'>privilegio</span> <span class='ocrx_word' id='word_1_566' title='bbox 469 5621 722 5684; x_wconf 86' lang='lat' dir='ltr'>commuuimus.</span> <span class='ocrx_word' id='word_1_567' title='bbox 749 5623 785 5681; x_wconf 91' lang='lat' dir='ltr'>ln</span> <span class='ocrx_word' id='word_1_568' title='bbox 805 5620 923 5698; x_wconf 90' lang='lat' dir='ltr'>primis</span> <span class='ocrx_word' id='word_1_569' title='bbox 978 5629 1130 5692; x_wconf 92' lang='lat' dir='ltr'>campum</span> <span class='ocrx_word' id='word_1_570' title='bbox 1153 5612 1305 5684; x_wconf 90' lang='lat' dir='ltr'>latinum,</span> <span class='ocrx_word' id='word_1_571' title='bbox 1329 5609 1447 5673; x_wconf 91' lang='lat' dir='ltr'>deiude</span> <span class='ocrx_word' id='word_1_572' title='bbox 1470 5606 1557 5670; x_wconf 88' lang='lat' dir='ltr'>redit</span> <span class='ocrx_word' id='word_1_573' title='bbox 1584 5606 1625 5670; x_wconf 90' lang='lat' dir='ltr'>ad</span> <span class='ocrx_word' id='word_1_574' title='bbox 1655 5621 1778 5714; x_wconf 33' lang='lat' dir='ltr'>suprass</span> 
     </span>
     <span class='ocr_line' id='line_1_81' title="bbox 121 5703 1780 5804; baseline -0.011 -22"><span class='ocrx_word' id='word_1_575' title='bbox 121 5723 283 5804; x_wconf 85' lang='lat' dir='ltr'>siquidem</span> <span class='ocrx_word' id='word_1_576' title='bbox 310 5722 506 5794; x_wconf 87' lang='lat' dir='ltr'>statuentes,</span> <span class='ocrx_word' id='word_1_577' title='bbox 533 5721 568 5783; x_wconf 94' lang='lat' dir='ltr'>ut</span> <span class='ocrx_word' id='word_1_578' title='bbox 594 5717 675 5782; x_wconf 87' lang='lat' dir='ltr'>ordo</span> <span class='ocrx_word' id='word_1_579' title='bbox 702 5717 921 5792; x_wconf 87' lang='lat' dir='ltr'>monasticus,</span> <span class='ocrx_word' id='word_1_580' title='bbox 977 5713 1099 5776; x_wconf 88' lang='lat' dir='ltr'>dictam</span> <span class='ocrx_word' id='word_1_581' title='bbox 1124 5712 1251 5790; x_wconf 87' lang='lat' dir='ltr'>petram</span> <span class='ocrx_word' id='word_1_582' title='bbox 1282 5705 1496 5786; x_wconf 87' lang='lat' dir='ltr'>imperatoris</span> <span class='ocrx_word' id='word_1_583' title='bbox 1519 5705 1561 5768; x_wconf 87' lang='lat' dir='ltr'>ad</span> <span class='ocrx_word' id='word_1_584' title='bbox 1589 5703 1698 5767; x_wconf 88' lang='lat' dir='ltr'>locum</span> <span class='ocrx_word' id='word_1_585' title='bbox 1723 5717 1780 5781; x_wconf 81' lang='lat' dir='ltr'>qur</span> 
     </span>
    </p>
   </div>
   <div class='ocr_carea' id='block_1_17' title="bbox 0 0 2054 6340">
    <p class='ocr_par' dir='ltr' id='par_1_17' title="bbox 0 0 2054 6340">
     <span class='ocr_line' id='line_1_82' title="bbox 0 0 2054 6340; baseline 0 0"><span class='ocrx_word' id='word_1_586' title='bbox 0 0 2054 6340; x_wconf 95' lang='lat' dir='ltr'> </span> 
     </span>
    </p>
   </div>
  </div>
 </body>
</html>
