3988 6308
307 313 365 376 111
728 321 732 329 ·
921 331 1096 396 1111111111
1118 336 1331 400 1111111111.
1842 365 1881 426 ,30
1947 303 1948 390 ἰ

308 477 483 555 utrumque
502 479 679 560 inquiratis
700 485 954 564 diligentissime
974 495 1100 557 verita·
1145 500 1317 575 1111111111
1336 515 1448 562 coram
1461 501 1593 566 domiuo
1608 504 1689 569 leodi
1708 519 1832 592 prosequi
1845 522 1885 584 le.

305 572 372 635 tem
389 576 421 636 et
432 593 504 653 quae
522 578 686 644 invenerit
701 583 842 647 fideliter
862 589 1050 665 redigentes
1063 593 1098 653 in
1152 595 1289 671 buisset,
1297 599 1444 675 praelatae
1457 599 1577 664 litterae
1600 619 1663 665 non
1676 608 1885 691 volebantquun

306 673 450 748 scriptis,
476 692 515 736 ea
537 677 597 737 sub
619 681 739 742 uestris
754 683 873 760 sigillis
889 687 929 748 ad
952 691 1098 752 nostram
1153 711 1219 756 non
1235 695 1358 759 iaciant
1372 699 1571 760 mentionem
1587 702 1669 778 quod
1687 704 1762 767 leodi
1775 710 1886 776 doninus

304 772 517 846 praesentiam
539 775 784 855 transmittatis
809 784 845 844 ut
869 800 930 861 per
955 788 1098 850 vestram
1153 790 1253 855 luerit
1271 795 1460 871 requisitus,
1478 799 1600 874 etipse
1618 800 1651 860 in
1671 803 1827 868 exbibenda
1845 812 1887 872 sibi

305 867 500 932 relationem
516 873 669 937 instructi
695 878 730 938 in
754 880 886 956 negotio
910 883 993 959 ipsc,
1018 902 1100 948 auc-
1149 891 1279 967 justitia
1305 893 1453 956 extiterit
1480 896 1652 973 negligens
1680 900 1728 962 uel
1753 905 1886 983 remissus

305 963 377 1025 tore
391 968 783 1048 benincprocedemus,
801 979 897 1053 prout
905 979 963 1040 ille
976 982 1033 1059 qui
1044 983 1100 1044 dat
1154 988 1451 1069 subjungensquod
1461 994 1585 1055 eaedem
1595 995 1890 1070 litteraelalsitateeu-

306 1063 459 1124 omnibus
472 1066 648 1130 affluenter
660 1071 692 1132 et
706 1089 772 1134 non
787 1074 990 1153 improperat
1003 1079 1098 1142 nobis
1153 1102 1278 1162 pressa,
1295 1087 1418 1152 luerint
1433 1090 1628 1168 impetratae,
1644 1109 1680 1156 eo
1694 1097 1769 1174 quod
1787 1115 1890 1176 sugges-

308 1159 415 1221 adsui
430 1165 573 1226 nominis
591 1166 750 1230 honorem
776 1173 808 1234 et
828 1173 969 1249 gloriam
989 1176 1098 1254 inspi-
1153 1184 1892 1272 tumlueratcastrumilludadeamdsmregiuan
1948 1261 1949 1290 ¹

306 1257 405 1320 rabit.
427 1261 567 1332 Quodsi
588 1280 655 1326 non
679 1283 793 1330 omnes
817 1271 869 1332 his
895 1276 1098 1350 exequendis
1152 1283 1282 1346 ratione
1297 1284 1438 1348 dotalitii
1465 1289 1652 1365 pertinere3
1674 1307 1764 1368 quum
1792 1309 1839 1354 nec
1863 1295 1890 1355 ab

308 1353 483 1432 potueritis
496 1360 670 1437 interesse,
693 1366 729 1426 tu
751 1368 1096 1451 ea,l1·aterepiscope,
1153 1380 1260 1454 initia,
1278 1398 1339 1442 nec
1360 1383 1499 1446 durante
1520 1387 1724 1450 matrimonio
1741 1405 1759 1450 a
1774 1390 1833 1451 uiro
1851 1391 1894 1472 sibi

307 1467 515 1518 cumeorum
536 1459 640 1521 altero
655 1461 875 1527 nihilominus
890 1472 1097 1546 exsequaris.
1153 1477 1253 1540 luerit
1275 1479 1311 1540 in
1335 1481 1512 1544 donatione
1532 1486 1666 1561 propter
1680 1487 1796 1562 nuptias
1813 1489 1893 1562 assig-

305 1550 424 1610 Datum
440 1555 617 1632 ¹Laterani,
651 1562 726 1622 XVI
756 1561 889 1626 kalend.
924 1566 1096 1641 februarii,
1153 1577 1278 1638 natum.
1294 1578 1343 1640 Ad
1362 1577 1434 1640 haec
1452 1581 1562 1642 autem
1583 1582 1647 1644 luit
1666 1599 1706 1644 ex
1725 1585 1805 1659 parto
1820 1585 1896 1660 ipsius

305 1648 514 1724 pontificatus
529 1655 864 1736 nostrianuoprimo.
1154 1674 1279 1749 reginae
1309 1690 1515 1752 responsum,
1552 1680 1639 1757 quod
1672 1681 1764 1743 vidua
1793 1683 1896 1758 spoliata

1153 1771 1343 1850 irrequisito
1371 1774 1459 1835 leodi
1480 1775 1625 1850 domino,
1651 1779 1838 1855 spoliatorem
1857 1795 1898 1840 seu

636 1897 767 1988 CXLV
1153 1868 1355 1932 detentorem
1378 1872 1427 1934 rei
1453 1889 1564 1934 coram
1593 1876 1804 1938 ecclesiastico
1817 1875 1898 1953 judice

906 1987 910 1994 ·
1153 1968 1282 2042 poterat
1294 1970 1482 2044 convenire,
1497 1975 1548 2050 cuj
1554 1990 1591 2032 us
1606 1973 1741 2036 interest
1750 1973 1847 2034 uiduas
1858 1973 1899 2033 de·

1153 2063 1296 2138 tensare,
1313 2083 1374 2128 nec
1395 2067 1498 2143 obest,
1515 2071 1601 2147 quod
1622 2071 1684 2132 sibi
1706 2068 1898 2132 castrunillud

437 2200 716 2262 archidiaconum
736 2206 950 2266 monem
1153 2178 1173 2223 a
1196 2162 1269 2224 uiro
1288 2165 1493 2240 assignatum
1517 2183 1583 2229 non
1605 2168 1723 2241 luerat,
1746 2185 1811 2230 cunr
1830 2167 1900 2228 clare
1949 2155 1950 2208 ἶ

952 2250 960 2266 ’
1153 2261 1321 2323 memoriae
1346 2266 1491 2325 loannes
1520 2282 1582 2326 rex
1609 2267 1745 2344 Angliae,
1771 2265 1901 2326 haeresei

599 2321 704 2395 ¹⁷i³¹¹·
723 2324 800 2382 ¹²¹⁷·
1153 2373 1325 2420 successor
1350 2361 1415 2422 uiri
1443 2363 1512 2434 sui,
1540 2365 1685 2425 castrum
1715 2362 1901 2441 praelatunin

333 2445 453 2510 magns,
464 2447 508 2498 tib.
524 2449 544 2500 1.
558 2451 631 2515 epist.
648 2452 702 2504 toa.
719 2456 776 2506 uss.
790 2457 827 2508 un
838 2457 914 2509 Porto
927 2458 961 2510 du
974 2460 1067 2525 111111]
1153 2456 1381 2518 concambium
1406 2475 1465 2534 pro
1489 2459 1565 2522 aliis
1587 2461 1687 2522 rebus
1710 2457 1902 2522 dotalitialibus

1154 2553 1260 2614 eidem
1275 2557 1486 2630 concesserit,
1501 2560 1534 2620 et
1547 2559 1620 2635 ipsa
1632 2559 1714 2620 illud
1730 2558 1782 2618 diu
1794 2573 1843 2634 pro
1853 2556 1903 2615 dote

303 2606 334 2662 ¹¹¹
363 2621 449 2665 musa
475 2611 656 2712 Befflngaiiffi
682 2623 780 2714 (ΨΜ
807 2617 860 2674 W·
890 2617 926 2674 ‘¹⁰
958 2619 1097 2719 ‘iufmhia
1153 2651 1289 2726 pacifice
1304 2653 1515 2728 possedisset.
1539 2656 1587 2716 Ad
1609 2657 1684 2718 haec
1703 2653 1904 2718 autemluiteu

339 2694 515 2754 detentorcrn
539 2707 623 2756 castri
646 2703 745 2774 chrou
764 2711 873 2761 ratione
893 2705 1012 2764 dotalutn
1032 2725 1094 2781 per-

339 2783 454 2841 sinentis
469 2784 505 2842 ad
519 2788 611 2859 ipsam
627 2803 682 2862 quo
702 2805 752 2863 pes
770 2807 836 2849 eum
856 2791 948 2852 suem
965 2798 1096 2870 spoliate,
1153 2749 1253 2857 parte¹
1267 2749 1372 2825 ipsius
1398 2751 1519 2813 nobilis
1548 2753 1754 2862 replicatum,
1776 2751 1905 2860 quadres
1949 2809 1951 2862 l

337 2871 471 2930 mandam
488 2875 545 2933 pap,
1152 2845 1329 2920 purmductus
1351 2848 1458 2910 haeres
1473 2866 1538 2911 non
1553 2850 1666 2914 luerat
1679 2866 1764 2926 regis
1779 2845 1903 2914 Ruccardi,

1152 2957 1212 3003 nec
1225 2943 1377 3006 dominus
1389 2947 1599 3024 Andegaven.
1615 2949 1675 3010 sed
1689 2948 1824 3026 ejusden
1835 2941 1905 3005 castri

340 3035 518 3111 Honorius,
542 3039 617 3112 etc,
632 3042 815 3104 veneratur
839 3044 935 3107 fratri
960 3049 1096 3110 arente·
1151 3040 1265 3116 routoo
1283 3043 1392 3118 notius
1416 3047 1448 3106 ot
1469 3044 1614 3118 invasor,
1642 3048 1676 3108 et
1697 3047 1743 3107 ita
1762 3048 1826 3122 jus,
1846 3037 1906 3118 quau

299 3131 434 3210 piscopo
450 3136 483 3197 et
499 3136 628 3199 dilectis
643 3139 721 3201 tiliis
737 3140 861 3205 decano
881 3144 1097 3207 etarchidia-
1151 3137 1222 3226 ipse
1255 3155 1462 3218 nequaquam
1496 3142 1630 3216 habuit,
1666 3143 1835 3206 transierit
1863 3151 1907 3197 ¹1⁰fl

300 3243 383 3290 cono
400 3233 566 3294 Turonen.
1151 3235 1256 3311 potuit
1269 3236 1303 3297 in
1314 3239 1475 3312 reginam.
1487 3240 1536 3302 Ad
1548 3241 1634 3317 quod
1650 3241 1698 3302 sic
1712 3255 1785 3318 pars
1797 3233 1908 3315 ejusden

366 2098 419 2157 Ad
443 2103 980 2177 1111111111111111111111111111
1006 2112 1040 2171 et

338 3327 388 3386 Ex
411 3329 504 3405 parte
526 3333 708 3395 carissimae
728 3334 762 3396 in
782 3335 914 3400 Christo
936 3339 1013 3401 tiliae
1032 3343 1097 3402 Be‘-
1151 3334 1276 3407 regissffl
1304 3336 1486 3412 issslwfldii,
1506 3337 1591 3414 quod
1612 3339 1730 3400 contra
1752 3333 1908 3408 rescriptum

298 3425 472 3500 rongariee,
485 3429 649 3504 quiondarn
661 3431 789 3508 Angliae
801 3436 927 3510 reginae
941 3437 1093 3512 illustris,
1151 3432 1301 3507 exceptio
1314 3433 1503 3510 hujusmodi
1515 3451 1581 3495 non
1592 3435 1735 3508 ualebat,
1750 3449 1806 3494 nec
1818 3429 1909 3492 habere

298 3519 361 3583 tuit
386 3525 590 3600 propositum
618 3544 730 3589 coram
764 3531 870 3605 nobis,
897 3535 983 3610 quod
1019 3552 1095 3597 cum
1150 3527 1412 3591 debebatlocum
1433 3532 1470 3591 in
1492 3534 1713 3609 possessorio,
1730 3531 1809 3610 quod
1828 3525 1910 3589 eaden
1951 3533 1952 3610 j

298 3617 442 3681 nobilem
457 3622 566 3683 virum
581 3627 634 3686 W.
651 3626 691 3688 de
704 3629 870 3690 Guuerchia
892 3631 1095 3695 detentorem
1150 3627 1413 3689 001¹t1'adictum
1439 3629 1583 3691 nobilem
1605 3629 1799 3693 intentabat·
1819 3629 1911 3728 t'eruu
1951 3637 1952 3642 ’

297 3717 397 3778 castri
424 3721 539 3796 segrei
566 3723 697 3785 ratione
726 3724 869 3790 dotalitii
899 3731 1094 3806 pertinentis
1149 3741 1208 3786 uos
1230 3740 1329 3786 aures
1353 3726 1543 3804 hujusmodi
1557 3727 1805 3806 exceptionibus
1816 3720 1911 3784 lriuchs

295 3815 338 3874 ad
351 3811 478 3893 lipsam,
495 3835 560 3894 quo
575 3837 635 3896 per
652 3839 727 3883 eum
746 3825 799 3885 uel
821 3829 894 3903 eJus
916 3829 1095 3905 complices
1149 3821 1353 3896 adhibentes,
1376 3823 1412 3884 iss
1429 3825 1604 3902 principaii
1620 3818 1912 3927 ss030i10ps⁰⁰0i⁰fe

295 3914 409 3974 contra
421 3915 585 3991 justitiam
599 3917 708 3980 iuerat
730 3922 882 3997 spoliata,
896 3926 1094 3988 auctoritate
1149 3918 1309 3980 hactenus
1351 3921 1526 3984 distulistis
1561 3924 1596 3983 in
1637 3923 1785 4002 eiusdem
1820 3927 1912 4024 1111193

294 4009 389 4072 bonae
409 4015 578 4075 memoriae
594 4017 778 4079 innocentii
796 4035 889 4096 papae
905 4023 1093 4098 praedeces·
1148 4031 1329 4091 &levamen
1352 4034 1418 4080 11011
1442 4020 1607 4081 modicum
1632 4023 1667 4082 et
1687 4015 1914 4098 jacturamiffi

295 4107 382 4168 soris
395 4110 499 4170 nostri
513 4127 625 4172 coram
639 4112 734 4174 robis
747 4131 847 4192 super
862 4116 924 4178 hoc
936 4120 1095 4182 traxisset
1148 4130 1227 4176 vero
1250 4116 1399 4178 volentes
1428 4117 1464 4179 ut
1492 4117 1568 4178 linis
1599 4117 1717 4179 litibus
1748 4111 1912 4219 imitOsssstflb

294 4205 331 4266 in
352 4220 507 4282 causam3
528 4208 636 4271 dictus
655 4210 776 4273 nobilis
801 4215 996 4291 excipiendo
1016 4234 1094 4294 pro-
1148 4213 1341 4276 discreticni
1368 4215 1488 4276 vestrae
1516 4231 1576 4292 per
1603 4215 1796 4292 Apostolica
1821 4207 1916 4320 sortiti

294 4302 416 4378 posuit,
439 4305 524 4380 quod
551 4305 671 4368 litterae
685 4310 883 4384 Apostolicae
907 4328 973 4374 non
995 4315 1091 4376 vale·
1148 4310 1370 4388 praecipiendo
1389 4311 1596 4384 mandamus,
1618 4313 1784 4390 quatenus
1803 4327 1828 4370 su
1846 4303 1915 4368 robus

293 4399 373 4462 bant
393 4417 454 4478 pro
475 4418 525 4475 eo,
551 4405 637 4480 quod
660 4405 805 4467 castrum
829 4411 1013 4485 Guerchiae,
1036 4413 1093 4474 ubi
1148 4409 1334 4470 constiterit
1351 4408 1474 4470 dictum
1496 4409 1642 4472 nobilem
1663 4412 1793 4472 terram
1807 4409 1917 4512 eiuran-

293 4499 343 4561 est
358 4501 429 4576 ejus
445 4499 648 4564 domicilium
669 4504 866 4581 principale,
883 4509 1035 4572 consistit
1057 4511 1092 4571 in
1148 4506 1273 4568 sionem
1298 4505 1422 4568 habere
1442 4507 1477 4567 in
1498 4507 1718 4582 andegaven.
1743 4507 1916 4608 dioecesuln

292 4596 427 4660 dioecesi
452 4599 634 4674 Redones,
651 4619 724 4679 quae
740 4603 826 4664 ultre
850 4603 932 4666 duas
950 4607 1091 4669 dietase
1148 4620 1212 4680 que
1232 4603 1400 4666 interdum
1424 4606 1596 4668 consueuit
1615 4604 1825 4675 commorari,
1841 4603 1917 4672 etip-

291 4697 433 4758 Turonis
455 4699 505 4759 est
528 4699 672 4776 remota;
704 4701 790 4762 unde
813 4700 884 4763 illic
909 4704 998 4764 trahi
1026 4721 1092 4766 non
1148 4717 1219 4761 saun
1243 4701 1414 4762 dioecesim
1439 4716 1459 4762 a
1485 4702 1629 4762 Turonis
1656 4703 1746 4764 ultra
1773 4701 1849 4760 duas
1871 4705 1918 4753 uui

292 4795 420 4871 poterat
448 4797 628 4858 secundum
652 4799 924 4862 constitutionem
951 4803 1090 4864 Concilii
1147 4798 1248 4860 distet
1268 4799 1385 4872 dietas,
1410 4798 1443 4860 et
1468 4798 1503 4860 in
1530 4799 1647 4860 eadem
1675 4801 1849 4875 litigiosam
1868 4804 1918 4906 reu

291 4892 468 4966 generalis.
485 4897 607 4955 Verum
630 4897 827 4972 replicatum
850 4897 913 4960 luit
934 4915 977 4960 ex
998 4902 1105 4977 parte·
1147 4912 1236 4969 esse,
1262 4913 1329 4958 non
1362 4895 1568 4958 obstantibus
1595 4895 1844 4974 exceptionibus
1864 4888 1920 4993 alus

291 4988 436 5062 roginae,
467 4991 553 5066 quod
581 4991 669 5052 idem
693 4993 814 5056 nobilis
840 4997 983 5058 Turonis
1010 4999 1091 5059 satis
1147 4994 1431 5071 quaeiapetitorio
1445 4995 1555 5071 potius
1575 5009 1675 5072 quarn
1696 4996 1732 5056 in
1746 4997 1921 5090 possessorio

292 5085 422 5162 poterat
443 5088 623 5160 conveniri,
644 5106 717 5150 curn
740 5109 806 5152 non
836 5093 943 5153 solum
964 5095 1089 5156 Redon.
1146 5087 1254 5152 locum
1287 5091 1410 5154 habere
1443 5091 1613 5163 uidentur,
1643 5093 1681 5153 in
1711 5094 1784 5170 ipso
1816 5083 1921 5162 negotio

293 5183 349 5244 sed
375 5184 474 5244 etiarn
499 5184 651 5246 dioecesis
676 5188 889 5264 andegaven.
904 5192 1037 5262 existat,
1052 5209 1091 5254 eo
1141 5191 1239 5265 juxta
1253 5190 1402 5266 priorum
1418 5189 1656 5252 continentiam
1671 5188 1863 5254 litterarum,
1878 5197 1923 5240 su-

290 5281 377 5357 quod
392 5282 426 5342 in
440 5283 512 5359 ipsa
527 5284 636 5345 castra
649 5285 682 5346 et
693 5287 843 5348 redditus
856 5289 968 5364 plures
979 5291 1089 5364 hahet,
1145 5286 1234 5348 blato
1257 5287 1435 5365 quuslibet
1460 5287 1737 5350 contradictionis
1752 5288 1785 5349 et
1798 5278 1922 5385 appella-

291 5381 324 5440 et
358 5381 513 5454 castrum,
544 5365 584 5442 de
613 5399 676 5458 quo
707 5385 845 5460 quuaestio
872 5389 1029 5461 vertitur,
1055 5390 1108 5450 in·
1145 5385 1246 5447 tionis
1262 5385 1444 5458 obstaculo,
1460 5385 1589 5446 ratione
1604 5379 1920 5478 prraeviaprocedatus.

291 5477 406 5538 eadem
442 5479 602 5542 consistat
637 5480 783 5554 dioecesi,
819 5498 892 5560 quae
919 5499 938 5544 a
965 5489 1086 5548 Turon.
1146 5484 1348 5566 pracceptum
1378 5483 1599 5560 apostolicum
1625 5483 1741 5546 taliter
1770 5477 1924 5557 impleturi

291 5591 501 5652 nequaquam
526 5577 614 5640 ultra
639 5580 813 5642 duodecim
828 5581 966 5657 leugues
979 5583 1089 5648 distat.
1146 5583 1232 5662 quod
1247 5582 1361 5644 eadem
1386 5581 1504 5657 regina
1530 5595 1590 5658 pro
1614 5579 1749 5643 delectu
1775 5577 1877 5642 vestro
1894 5565 1925 5690 ai

292 5674 381 5736 Idem
405 5691 484 5736 sero
507 5677 628 5752 adjecit
650 5678 735 5754 quod
761 5695 835 5740 cum
864 5677 951 5740 dicta
975 5684 1090 5757 regine
1147 5699 1207 5745 nos
1222 5679 1376 5742 laborare
1392 5679 1533 5742 ulterius
1555 5695 1623 5742 non
1646 5679 1799 5755 cogatur,
1815 5683 1926 5738 nocuoo
