4014 6312
66 357 121 420 377
692 355 922 420 EPISTOLAE.
945 355 1024 422 LIB.
1047 355 1073 420 1.
1648 363 1708 430 378

67 517 201 580 fratrum
214 513 365 589 consilio,
378 514 419 578 ad
431 516 603 594 exemplar
608 518 680 596 jam
691 517 855 582 dictorum
903 500 1116 581 'contessoris
1144 519 1287 595 Nicolai,
1315 521 1427 584 Natali
1452 523 1595 598 Domini,
1623 525 1706 605 Epi-

67 614 252 686 Alexandri,
276 615 465 688 Clementis,
491 616 670 689 Coelestini,
696 619 729 679 et
752 619 856 678 lnno-
910 616 1044 693 phania,
1071 615 1103 678 et
1129 615 1164 676 in
1188 617 1418 681 anniversario
1441 637 1510 682 suae
1530 636 1708 684 consecra-

68 713 174 784 centii,
199 711 481 790 praedecessorum
504 715 694 776 nostrorum
716 715 858 791 legatio·-
910 712 1011 774 tionis
1050 713 1119 785 die,
1156 713 1190 774 in
1231 717 1536 780 consecrationibus
1578 735 1708 797 quoque

68 827 137 872 nem
156 811 414 872 transmarinam
435 810 511 884 tibi,
531 812 662 890 tuisque
687 827 859 874 successo-
910 812 1155 890 episcoporum,
1192 811 1425 888 basilicarum,
1458 817 1491 878 et
1523 817 1708 880 ordinatio-

67 909 200 970 ribusin
215 909 410 985 perpetuum
425 909 579 971 duximus
594 911 855 985 concedendam3
911 908 1009 970 nibus
1049 908 1257 971 clericorum.
1293 910 1467 974 Abbatiam
1505 930 1635 992 quoque
1667 915 1708 975 de

67 1008 109 1069 ita
127 1006 259 1084 quidem
281 1007 317 1068 ut
341 1007 481 1084 singulis
503 1009 665 1070 octenniis
680 1023 754 1070 cum
769 1009 859 1085 epis·
911 1009 999 1084 Tyro
1013 1007 1054 1068 ad
1070 1007 1347 1078 meliorationem,
1363 1010 1456 1072 salva
1474 1013 1507 1072 S.
1522 1015 1560 1074 R.
1577 1015 1613 1072 Ε.
1631 1028 1710 1090 pro-

67 1119 155 1180 1111,
170 1102 223 1165 vel
237 1103 401 1166 cardinali
421 1107 580 1166 Romanae
599 1105 757 1168 Ecclesiae
778 1106 858 1167 illuc
911 1104 1062 1182 prietate,
1077 1121 1117 1166 ac
1135 1121 1248 1178 censu,
1272 1108 1358 1168 siout
1378 1108 1529 1185 praedicti
1549 1111 1707 1171 anteces-

68 1199 222 1264 accedere
248 1201 413 1274 debeatis,
440 1215 461 1264 a
489 1202 595 1276 nobis,
623 1204 657 1265 et
684 1204 858 1266 catholicis
912 1219 1005 1265 sores
1030 1203 1135 1265 nostri
1156 1205 1378 1278 Innocentius,
1408 1207 1517 1279 Alex„
1545 1207 1707 1282 Clemens,

68 1298 312 1362 successorihus
326 1300 460 1372 nostris,
477 1300 626 1362 eamdem
639 1301 857 1375 auctoritatis
913 1301 1120 1373 Coelestinus,
1140 1302 1173 1363 et
1190 1303 1402 1366 Innocentius
1423 1304 1543 1366 fecisse
1563 1321 1710 1367 noscun-

68 1397 98 1460 et
111 1397 285 1473 potestatis
306 1397 544 1474 plenitudinem
567 1399 744 1476 recepturi,
760 1415 859 1477 quam
912 1399 977 1472 tur,
993 1399 1055 1461 tibi
1078 1399 1182 1464 trater
1200 1400 1461 1479 archiepiscope,
1477 1403 1610 1482 tuisque
1632 1419 1710 1464 suc-

67 1494 250 1572 episcopus,
272 1495 326 1556 vel
354 1495 533 1557 cardinalis
566 1495 731 1569 hahuerit,
760 1497 816 1574 qui
840 1512 860 1558 1
913 1496 1101 1559 cessoribus
1117 1497 1272 1560 duximus
1290 1499 1567 1562 committendam.
1592 1501 1709 1578 Siqua

67 1591 176 1665 nohis,
205 1591 259 1654 vel
285 1593 533 1656 successoribus
562 1595 685 1658 nostris
713 1594 794 1656 illuc
819 1594 859 1656 de
913 1595 1016 1672 igitur
1029 1595 1064 1656 iu
1085 1595 1232 1658 futurum
1251 1597 1490 1668 ecclesiastica,
1507 1597 1711 1660 secularisve

67 1705 203 1766 corpore
218 1690 375 1753 Ecclesiae
393 1689 494 1753 luerit
511 1692 707 1755 destinatus.
725 1694 861 1754 Mones-
914 1692 1151 1770 personahano
1162 1695 1283 1758 nostrae
1294 1695 1539 1758 constitutionis
1552 1696 1709 1773 paginam

66 1788 185 1849 terium
207 1804 347 1865 quoque,
370 1789 456 1866 quod
478 1790 514 1851 in
537 1790 648 1852 insula
676 1789 860 1852 Gallinaria
915 1791 1023 1852 sciens
1038 1792 1153 1853 contra
1169 1808 1242 1855 eam
1254 1794 1380 1855 temere
1392 1793 1508 1855 venire
1521 1793 1708 1866 tentaverit,

65 1886 162 1948 situm
179 1887 239 1955 est,
260 1887 302 1948 ad
316 1889 373 1963 jus
389 1889 422 1948 S.
439 1891 478 1950 R.
495 1890 531 1949 Ε.
548 1887 770 1964 spiritualiter
784 1903 862 1965 per·
915 1887 1059 1950 secundo
1081 1888 1221 1950 tertiove
1251 1890 1461 1962 commonita,
1489 1890 1556 1951 nisi
1580 1891 1710 1952 reatum

70 1984 187 2056 linens,
211 1984 244 2045 et
267 1984 426 2048 ecclesias
450 1985 486 2046 iu
510 1986 619 2048 castro
646 1985 679 2047 et
704 1985 861 2046 suburbio
915 2001 1011 2046 suum
1029 2001 1178 2062 congrua
1194 1987 1422 2050 satisfactione
1438 1988 1631 2060 correxerit,
1651 2003 1714 2065 po·

68 2083 187 2144 Portus
221 2081 362 2144 Veneris
396 2098 416 2144 a
447 2082 663 2161 juridictione
699 2084 862 2146 Lunensis
913 2083 1045 2145 testatis
1073 2083 1275 2163 honorisque
1308 2086 1361 2146 sui
1392 2086 1554 2162 dignitate
1588 2085 1711 2158 careat,

68 2179 215 2257 episcopi
229 2179 423 2254 eximentes,
442 2180 513 2253 tibi,
535 2181 568 2242 et
585 2181 640 2253 iis,
661 2181 719 2258 qui
737 2182 862 2258 postte
915 2197 1073 2260 reamque
1088 2197 1125 2243 se
1142 2181 1255 2244 divino
1273 2183 1401 2262 judicio
1421 2183 1565 2246 existere
1582 2184 1622 2245 de
1637 2199 1715 2260 per-

67 2277 298 2350 successerint,
314 2278 350 2338 in
368 2278 561 2356 perpetuum
577 2279 767 2354 apostolica
780 2295 863 2340 auc·-
917 2279 1046 2356 petrata
1067 2279 1243 2358 iniquitate
1265 2281 1453 2357 cognoscat,
1469 2283 1502 2343 et
1518 2298 1538 2342 a
1555 2281 1715 2342 sacratis-

66 2376 200 2438 toritate
224 2375 446 2448 concedimus,
463 2375 495 2438 et
509 2377 667 2454 praesenti
688 2377 863 2454 privilegio
917 2376 1001 2438 simo
1025 2392 1175 2454 corpore,
1197 2379 1230 2440 et
1249 2379 1412 2454 sanguine
1435 2378 1506 2452 Dei,
1527 2394 1566 2440 ao
1582 2377 1716 2439 Domini

66 2473 312 2536 confirmamus.
328 2473 607 2550 Albinganensem
622 2475 761 2551 insuper
780 2475 865 2552 epis·
918 2474 1147 2551 Redemptoris
1162 2475 1267 2538 nostri
1283 2478 1364 2538 Jesu
1376 2476 1499 2538 Christi
1518 2475 1713 2548 alienafiat,

66 2573 222 2648 copatum
255 2571 326 2644 tibi,
364 2572 397 2634 et
428 2572 675 2634 successoribus
710 2573 787 2645 tuis,
822 2570 864 2634 ad
918 2574 1017 2651 atque
1030 2574 1066 2635 in
1081 2573 1231 2635 extremo
1253 2574 1407 2636 examine
1422 2574 1580 2637 districtae
1595 2573 1716 2636 ultioni

67 2669 316 2746 exemplarjam
329 2669 491 2731 dictorum
500 2673 747 2732 antecessorum
755 2669 862 2742 Alex„
919 2671 1099 2748 subjaceat.
1122 2672 1256 2735 Cunctis
1278 2673 1388 2734 autem
1405 2688 1466 2734 sua
1481 2675 1560 2750 jura
1578 2687 1717 2734 servan-

67 2767 257 2840 Clementis,
274 2767 453 2840 Coelestini,
479 2769 512 2830 et
535 2768 719 2831 innocentii
745 2783 866 2830 conce-
918 2768 1005 2830 tibus
1027 2769 1071 2830 sit
1096 2785 1163 2846 pax
1186 2769 1317 2831 Domini
1343 2770 1449 2833 nostri
1473 2771 1555 2833 lesu
1580 2769 1715 2841 Christi,

67 2865 178 2927 dimus
206 2865 435 2938 nihilominus,
465 2868 499 2928 et
527 2866 771 2928 confirmamus.
800 2868 867 2928 De-
919 2863 1083 2943 quatenus
1117 2867 1151 2927 et
1184 2865 1240 2926 hic
1271 2864 1414 2928 fructum
1445 2864 1542 2928 bonae
1575 2866 1718 2928 actionis

67 2964 172 3041 nique
199 2964 237 3025 ut
262 2963 439 3025 Januensis
469 2964 597 3037 civitas,
623 2980 697 3043 quae
720 2964 865 3026 coelestis
920 2961 1124 3040 percipiant,
1161 2963 1195 3026 et
1229 2964 1316 3041 apud
1354 2964 1539 3026 districtum
1569 2963 1717 3042 judicem

65 3061 218 3122 numinis
246 3060 359 3138 adjuta
375 3060 500 3135 favore,
523 3061 563 3124 de
588 3062 733 3124 inimicis
757 3061 866 3123 crucis
920 3060 1058 3138 praemia
1086 3061 1220 3122 aeternae
1257 3061 1349 3138 pacis
1383 3062 1566 3126 inveniant.
1598 3063 1716 3136 Amen,

67 3159 196 3221 Christi
211 3158 416 3236 triumphum
430 3158 631 3238 frequenter,
649 3162 681 3221 et
692 3159 866 3222 victoriam
921 3173 1028 3230 amen,
1052 3173 1159 3220 amen.
1183 3159 1300 3222 Datum
1324 3158 1491 3235 Laterani,
1508 3177 1567 3239 per
1582 3177 1717 3223 manum

66 3256 255 3335 reportavit
277 3256 311 3319 et
333 3257 495 3334 plurimas
526 3273 640 3320 eorum
662 3257 760 3319 urbes
782 3259 867 3319 mira
921 3255 1080 3334 Raynerii
1106 3257 1229 3318 sanctae
1258 3260 1416 3319 Romanae
1442 3257 1599 3321 Ecclesiae
1624 3261 1718 3321 vice-

63 3355 213 3431 quadam
227 3355 261 3415 et
273 3354 461 3416 invincibili
485 3355 647 3432 potestate
666 3354 866 3433 subjugavit,
922 3353 1252 3428 cancellarii,octavo
1264 3355 1424 3418 kalendas
1436 3357 1718 3429 maii,indictione

63 3452 226 3529 ampliori
240 3451 422 3515 honoretur
434 3452 567 3528 fastigio
585 3453 766 3529 dignitatis,
783 3469 868 3531 equo
923 3453 1028 3524 sexta,
1046 3453 1290 3515 incarnationis
1307 3454 1489 3516 Dominicae
1504 3470 1591 3515 anno
1606 3454 1719 3516 mille-

62 3549 154 3622 albo,
166 3565 245 3612 cum
253 3564 339 3611 navo
349 3549 437 3622 albo,
448 3551 483 3611 in
491 3549 760 3627 processionibus
768 3551 827 3623 uti,
837 3551 870 3612 et
923 3550 1006 3611 simo
1026 3550 1251 3613 ducentesimo
1271 3551 1564 3628 decimoseptimo,
1581 3549 1718 3628 pontiti·

66 3661 216 3718 crucem,
232 3646 392 3708 vexillum
413 3646 570 3710 videlicet
588 3647 796 3710 Dominicum
811 3663 870 3724 per
923 3648 1016 3709 catus
1026 3663 1106 3710 vero
1117 3647 1243 3710 domini
1258 3649 1397 3709 Honorii
1412 3651 1512 3724 Papae
1523 3648 1615 3710 tertii
1629 3663 1717 3710 anno

62 3744 254 3823 subjectam
268 3743 362 3806 vohis
377 3744 583 3822 provinciam
598 3745 765 3822 portandi,
782 3745 872 3807 sicut
924 3745 1045 3822 primo.

64 3840 304 3918 praeuominati
312 3840 541 3903 antecessores
549 3842 656 3904 nostri
666 3843 870 3904 concessisse

63 3941 267 4012 noscuntur,
282 3939 343 4000 tibi
356 3939 488 4017 tuisque
501 3925 754 4004 successorihus
765 3939 874 4002 licen·
1246 3931 1394 4019 GGGIX

62 4037 148 4098 tiam
172 4037 304 4107 damus,
325 4036 358 4098 et
379 4037 518 4099 liberam
540 4037 635 4102 vohis
660 4037 870 4100 concedimus

61 4133 275 4198 facultatem·
299 4134 348 4196 Ad
372 4135 444 4196 haess
466 4136 628 4198 Januensi
649 4136 777 4198 civitati
801 4152 872 4198 me.
923 4119 976 4179 Ad
987 4117 1193 4180 abbatissam
1206 4119 1240 4180 et
1254 4122 1422 4182 maiales
1441 4121 1483 4181 de
1497 4121 1718 4182 Rlnssessbumh.

62 4232 231 4294 dietatem
252 4233 395 4294 corsicae
417 4233 547 4308 insulae,
566 4234 608 4296 ad
628 4233 799 4312 exemplar
814 4249 872 4296 eo-
1214 4267 1248 4324 25
1264 4268 1346 4340 ψῃ,
1361 4268 1439 4326 1217,

62 4331 226 4392 rumdam
240 4331 522 4407 praedecessorum
543 4332 732 4394 nostrornm
751 4347 873 4394 conce-

63 4427 201 4500 dimus,
228 4426 276 4488 ita
304 4427 447 4500 scilicet,
478 4430 515 4489 ut
544 4427 655 4500 nohis,
685 4429 872 4506 nostrisque
995 4416 1089 4482 [iltuit
1104 4417 1473 4479 ffi⁵²⁰l⁵⁸⁰¹i²³⁰²¹¹⁰¹¹⁸⁰ffioev
1486 4423 1505 4469 ¹·
1518 4419 1666 4485 ιι»113841

61 4524 325 4587 SUGGeSSOffllUS
368 4527 548 4588 JflffllfflSiS
591 4525 751 4603 populus,
797 4541 872 4588 cum
997 4551 1053 4607 Eas
1068 4564 1133 4607 cum
1148 4549 1281 4608 omnibus
1293 4549 1377 4608 honis
1392 4549 1512 4608 tuendas
1524 4551 1652 4624 suscipit.

62 4623 197 4685 exinde
212 4622 314 4686 fuerit
326 4623 517 4700 requisitus,
533 4623 724 4686 fidelitatem
734 4626 827 4701 juret
840 4625 874 4686 et

61 4739 127 4799 pro
157 4720 324 4799 pensione
352 4737 453 4782 unam
479 4721 599 4784 libram
630 4721 705 4784 auri
733 4721 873 4798 singulis
965 4721 1133 4783 Honorius
1144 4721 1328 4798 episcopus,
1342 4736 1458 4782 servus
1470 4724 1721 4797 servorumbei,

61 4819 172 4880 annis
189 4817 297 4890 nobie,
314 4819 347 4880 et
361 4819 611 4881 successoribus
626 4819 748 4881 nostris
762 4818 875 4881 exsol-
927 4818 1055 4880 dilectis
1083 4817 1119 4878 in
1147 4817 1277 4879 Christo
1306 4817 1453 4890 filiabus,
1482 4818 1658 4881 abbatissae
1684 4837 1724 4882 ac

61 4919 136 4989 vat,
170 4916 276 4978 salvis
303 4915 461 4978 nimirum
495 4916 603 4978 iendis
634 4917 704 4979 tam
738 4897 872 4988 ve'strls,
927 4915 1127 4977 monialibus
1141 4915 1182 4976 de
1197 4915 1726 4996 Rineshurch,salutemetApos·

61 5031 176 5094 quam
206 5013 416 5087 Pisanorum,
435 5014 521 5076 sicut
541 5030 561 5076 1
582 5013 696 5076 decem
719 5013 816 5076 annis
842 5015 876 5076 et
927 5013 1060 5076 tolicam
1074 5012 1351 5076 benedictionem.

60 5129 179 5191 supra
213 5111 396 5174 obtinuisse
427 5112 619 5175 noscuntur.
655 5111 763 5174 Palho
794 5127 875 5175 vero
970 5111 1219 5173 Soletannuere
1233 5111 1335 5173 Sedes
1352 5112 1542 5189 Apostolica
1561 5113 1726 5191 piisvotis

59 5211 163 5274 inlra
194 5207 575 5286 ecclesiampersruaris
601 5210 813 5283 hisdiebus,
839 5210 875 5270 in
929 5209 962 5271 et
990 5209 1140 5272 honestis
1173 5209 1354 5286 petentium
1391 5211 1544 5287 precibus
1573 5211 1726 5280 ,savorem

60 5313 179 5370 Coena
203 5306 346 5380 Domini,
357 5307 497 5379 Pascha,
506 5308 711 5370 Ascensione
730 5307 873 5380 Domini,
929 5307 1124 5369 benevolum
1140 5306 1314 5383 impertiri.
1335 5310 1527 5386 Eepropter,
1543 5307 1671 5370 dilectae
1690 5309 1726 5370 in

60 5405 287 5478 Pentecoste,
302 5405 337 5466 in
352 5403 530 5468 festivitate
545 5391 770 5482 apostolorum
784 5405 876 5467 Petri
930 5405 1060 5467 Christo
1079 5403 1168 5477 filiae,
1189 5406 1309 5468 vestris
1323 5407 1424 5484 justis
1448 5405 1725 5483 postulationihus

60 5507 98 5568 et
109 5503 218 5566 Pauli
233 5503 266 5565 et
277 5505 311 5564 S.
321 5503 637 5579 loannisBaptistae,
647 5505 679 5564 S.
693 5503 874 5574 Laurentii,
930 5501 1024 5579 grato
1051 5505 1286 5565 concurrentes
1320 5519 1470 5575 assensu,
1501 5519 1660 5581 personas
1693 5507 1727 5568 et

60 5602 187 5666 tribus
203 5599 450 5673 festivitatibus,
470 5603 507 5664 Β.
528 5601 655 5674 Mariae,
669 5601 705 5661 in
720 5600 878 5662 solemni·
931 5597 1170 5662 monasterium
1188 5601 1337 5663 vestrum
1362 5601 1397 5661 in
1421 5615 1485 5678 quo
1509 5599 1622 5663 divino
1646 5601 1726 5663 estis

59 5702 141 5764 tete
162 5699 316 5762 omnium
336 5699 543 5770 Sanctorum,
569 5699 602 5762 S.
625 5697 711 5776 Syri,
731 5695 764 5762 et
784 5697 877 5762 Beati
931 5696 1150 5776 obsequentes
1158 5698 1448 5776 mancipatae,cum
1458 5697 1609 5762 omnibus
1617 5697 1726 5772 bonis,
