4142 6312
302 377 361 430 Stia
920 374 1096 434 liuh'tlltll
1119 375 1163 434 111
1187 375 1336 436 ephan.
1897 376 1960 434 sor

592 555 817 648 flcxflvffl
1139 535 1197 596 de
1212 533 1361 608 Podiolo,
1385 536 1515 597 Sanctae
1530 533 1657 607 Mariae,
1679 535 1712 596 et
1731 533 1846 596 Sancti
1866 535 1961 596 Mor·
2057 523 2058 532 ’

1157 633 1218 694 tini
1229 633 1461 705 desmeliauo,
1475 632 1588 696 Sancti
1600 631 1785 694 saluatoris
1796 631 1838 694 ad
1854 635 1960 695 Gran-
2057 635 2058 638 ’

305 697 356 756 Ad
367 694 521 756 abbatem
530 693 562 756 et
574 693 707 768 tratres
719 693 926 756 noorzosterii
938 695 973 756 S.
988 693 1101 778 Victo:

547 795 600 854 ris
616 793 845 855 Massiliensis
1157 731 1326 803 detolium,
1350 733 1383 793 et
1405 732 1518 792 Sancti
1539 730 1675 792 Genesii
1694 745 1797 808 super
1816 730 1957 792 fiuvium

1156 830 1253 891 Volte
1268 829 1443 904 ecclesiam
1465 827 1584 890 cellam
1600 819 1673 905 quae
1687 830 1829 890 rooatur
1840 830 1957 905 Faget,

601 907 634 964 ¹⁸
650 907 712 980 1⁰¹¹·
730 907 809 966 ¹²¹⁸·
1156 928 1332 990 ecclesiam
1342 928 1455 989 Sancti
1463 926 1627 990 iohannis
1637 926 1679 987 ad
1691 927 1803 990 Elnos.
1816 927 1958 988 Mones-

338 1013 509 1079 [llcgest.,lih.
520 1014 552 1076 ll,
562 1013 636 1078 epist.
656 1014 793 1064 insons.
805 1012 1070 1080 saponariorum]
1155 1026 1276 1088 terium
1293 1025 1406 1088 sam-‚fi
1420 1025 1551 1088 Leontii
1568 1041 1643 1088 cum
1665 1025 1804 1102 capellis
1826 1025 1908 1097 guig,
1923 1027 1959 1088 01

305 1123 509 1180 Monasterium
525 1123 553 1180 S.
565 1122 689 1182 Victoris
700 1121 888 1180 Massiliensis
902 1121 1020 1196 ejusque
1035 1137 1100 1194 pos·
1157 1125 1317 1186 ecclesias
1342 1124 1382 1186 de
1406 1124 1579 1186 Mortoriol
1599 1121 1693 1185 etde
1715 1123 1894 1186 Glaraiaia.
1918 1125 1958 1184 In

340 1211 486 1270 sessiones
511 1211 564 1270 suh
588 1210 665 1270 heoti
693 1212 768 1270 Petri
791 1219 820 1268 et
847 1225 899 1270 sua
928 1211 1103 1285 protectione
1157 1222 1325 1284 nimam,
1345 1223 1549 1300 episcopatu,
1571 1221 1811 1284 monasterium
1841 1220 1958 1282 sancti

340 1301 469 1373 sumpn-
1158 1320 1340 1383 Salvatoris
1351 1320 1391 1382 de
1404 1319 1570 1392 (illiriaco,
1584 1319 1824 1382 monasterium
1841 1319 1958 1380 Sancti

346 1418 535 1490 Honorius,
566 1420 644 1490 etc,
680 1418 809 1482 dilectis
841 1418 957 1479 liliis...
991 1417 1101 1480 abbati
1156 1419 1292 1480 Martini
1303 1416 1510 1483 decanonica
1521 1416 1955 1495 cumcapehiseorumdem,

305 1516 420 1578 Sancti
430 1516 574 1578 Victoris
585 1517 768 1578 Massilien.
790 1518 928 1594 ejusque
944 1516 1102 1578 iratribus
1157 1517 1189 1578 et
1206 1516 1245 1578 de
1270 1517 1451 1588 Columeto‚
1473 1516 1513 1576 de
1532 1514 1705 1586 Nohinals,
1729 1515 1842 1577 Sancti
1864 1515 1958 1576 Petri

305 1616 373 1676 tam
393 1613 623 1691 praesentihuS,
650 1630 748 1691 quarn
770 1614 892 1676 futuris
912 1615 1102 1690 regularem
1156 1613 1196 1675 de
1210 1613 1387 1693 Lehejach,
1400 1615 1433 1676 et
1449 1615 1562 1676 Sancti
1575 1611 1772 1675 christofori
1781 1612 1955 1674 ecclesias.
2057 1623 2058 1644 .

304 1713 406 1773 uitam
428 1713 586 1789 protessis
611 1713 872 1790 inperpetuum,
901 1712 1044 1776 salutem
1070 1714 1103 1774 et
1157 1716 1194 1775 in
1220 1713 1356 1776 dioecesi
1386 1711 1591 1785 Narbonem,
1616 1711 1793 1774 ecclesiam
1825 1713 1958 1772 Sanctae

304 1809 520 1888 apostolicam
536 1810 811 1872 benedictionem.
1157 1812 1284 1883 Mariae,
1314 1813 1462 1888 quaeest
1495 1810 1531 1874 in
1566 1809 1725 1871 suburbio
1761 1807 1956 1870 Narbonen.

344 1909 549 1986 Religiosam
577 1907 680 1970 vitam
715 1924 819 1983 usone
854 1908 1026 1985 infringat.
1056 1910 1101 1970 Ea
1157 1909 1312 1981 civitatis,
1340 1909 1373 1972 et
1403 1908 1580 1970 ecclesiam
1614 1908 1744 1970 Sanctae
1770 1906 1889 1968 Mariae
1917 1905 1959 1967 de

304 2008 449 2084 propter,
465 2006 579 2068 dilecti
593 2006 626 2066 in
636 2007 777 2068 Domino
788 2006 861 2079 filii,
874 2007 994 2068 restris
1002 2006 1102 2083 justis
1158 2011 1269 2070 Serra.
1280 2011 1316 2070 ln
1326 2007 1518 2084 episcopatu
1529 2006 1704 2082 agatnen,
1717 2004 1956 2067 monasterium

304 2103 582 2182 postulationihus
598 2105 779 2166 clementer
793 2105 1103 2176 annuimusetmo-
1158 2107 1270 2168 Sancti
1291 2105 1426 2168 Nazarii
1452 2105 1492 2167 de
1514 2104 1670 2175 Medullo,
1694 2105 1727 2164 et
1752 2102 1866 2164 Sancti
1888 2102 1957 2162 Mi·
2057 2095 2058 2108 ¹

304 2202 487 2276 hasterium
506 2203 620 2264 Sancti
635 2203 779 2265 Victoris
800 2203 996 2276 Massiliam,
1016 2202 1100 2280 quod
1156 2205 1283 2266 clraelis
1294 2205 1335 2265 de
1344 2203 1515 2280 Brugeriis
1528 2201 1697 2266 ecclesias.
1714 2203 1751 2263 ln
1762 2201 1957 2278 episcopatu

304 2301 495 2378 specialiter
512 2300 601 2362 beati
619 2301 710 2363 Petri
727 2301 814 2378 jnris
836 2301 961 2372 existit,
983 2301 1016 2361 in
1038 2315 1102 2378 quo
1157 2305 1375 2374 Nemausen,
1413 2301 1589 2363 ecclesiam
1630 2315 1704 2377 quae
1738 2300 1879 2360 vocatur
1915 2297 1957 2358 ad
2057 2357 2058 2360 ,

305 2399 419 2460 divino
440 2398 520 2460 estis
542 2398 700 2476 ohsequio
715 2399 906 2475 mancipati,
931 2398 992 2460 suh
1013 2398 1101 2460 beati
1158 2387 1957 2471 Porcios,etsaneteMariaedesaoman,sancti

304 2497 394 2558 Petri
414 2498 447 2560 et
467 2498 580 2558 nostra
601 2497 804 2575 protectione
829 2497 1046 2574 suscipitisne,
1070 2498 1103 2560 et
1157 2499 1304 2570 Martini,
1322 2497 1362 2559 de
1377 2497 1484 2562 areis,
1499 2495 1664 2568 deAlson,
1683 2495 1796 2556 Sancti
1810 2495 1903 2557 Petri
1917 2494 1958 2554 de

302 2595 476 2673 praesentis
503 2595 616 2672 scripti
646 2595 822 2672 privilegio
846 2596 1100 2657 communimus.
1156 2598 1293 2668 vicano,
1312 2596 1426 2658 Sancti
1439 2595 1529 2658 Petri
1542 2595 1582 2656 de
1597 2595 1717 2670 Arigaz
1729 2593 1903 2655 ecclesias.
2057 2653 2058 2660 ,

304 2695 341 2754 ln
370 2693 486 2770 primis
519 2693 684 2769 siquidem
721 2694 915 2764 statuentes,
950 2695 987 2755 ut
1021 2693 1102 2754 ordo
1197 2698 1233 2756 ln
1255 2694 1448 2771 episcopatu
1473 2693 1620 2765 Uticen,
1651 2691 1764 2753 Sancti
1789 2691 1954 2760 Mametis,
2057 2729 2058 2764 ,

304 2792 519 2861 monasticus,
546 2790 602 2866 qui
631 2791 812 2851 secundum
834 2793 937 2852 Deum
955 2791 991 2853 et
1012 2789 1101 2852 heau
1157 2793 1268 2854 Sancti
1287 2792 1375 2853 Petri
1391 2792 1432 2853 de
1452 2789 1600 2868 Ulpihus
1624 2790 1657 2852 et
1673 2789 1786 2851 Sancti
1808 2789 1957 2850 Amantii
2057 2787 2058 2814 ³

301 2886 471 2948 Benedicti
502 2887 651 2963 regulam
687 2887 720 2948 in
745 2888 860 2950 eodem
887 2888 1100 2960 monasterio,
1156 2890 1326 2952 ecclesias.
1348 2891 1385 2950 ln
1410 2889 1600 2966 episcopatu
1616 2886 1797 2958 Arelatem,
1820 2898 1958 2947 monas·
2057 2959 2058 2970 ἵ

303 2986 378 3058 etc,
395 2999 502 3060 usqae
514 2985 720 3048 observetur.
738 2981 905 3049 Praeterea
921 3003 1101 3064 quascum-
1156 2989 1276 3050 terium
1287 2987 1395 3050 sancti
1408 2986 1569 3048 Honorati
1582 3001 1656 3048 cum
1671 2984 1808 3063 capellis
1826 2983 1908 3056 suis,
1923 2986 1955 3046 ei
2057 2975 2058 2998 ³

302 3100 365 3161 que
393 3083 631 3162 possessiones,
650 3086 726 3158 etc,
754 3100 862 3159 casque
876 3084 1006 3148 illibata
1021 3101 1101 3163 per·
1158 3086 1272 3149 Sancti
1300 3085 1510 3161 Leodegarii,
1541 3087 1574 3147 et
1601 3084 1713 3146 Sancti
1742 3081 1888 3144 Victoris
1915 3081 1956 3142 de
2057 3165 2058 3170 ἵ

302 3183 470 3244 maneant.
483 3185 519 3244 ln
531 3182 652 3258 quihus
663 3182 734 3244 haec
743 3182 898 3260 propriis,
911 3184 985 3255 etc,
996 3195 1103 3257 aeone
1159 3186 1337 3247 Marinnen
1352 3182 1523 3246 ecclesias.
1541 3185 1579 3244 ln
1594 3181 1765 3258 camargis
1780 3180 1954 3242 ecclesiam
2057 3171 2058 3224 ἶ

302 3278 484 3340 vocabulis.
503 3281 625 3341 Locum
641 3279 761 3356 ipsum,
779 3280 854 3352 etc,
873 3279 1102 3356 decooperti-
1158 3282 1197 3344 de
1225 3283 1413 3344 villanova.
1457 3283 1494 3342 lu
1523 3281 1716 3358 episcopatu
1741 3279 1953 3349 avinionen,
2057 3279 2058 3324 Τ

304 3377 428 3438 nentiis
455 3377 535 3438 suis.
560 3378 596 3437 lu
617 3376 777 3438 Toletano
799 3377 1101 3454 archiepiscopatu,
1158 3381 1271 3442 Sancti
1290 3381 1423 3442 Nicolai
1438 3379 1671 3449 deTarascon‚
1688 3377 1729 3439 de
1750 3379 1954 3440 Roccamar-

304 3475 543 3537 monasterium
568 3475 683 3537 Sancti
707 3461 869 3538 Serdandi
889 3491 963 3536 cum
979 3491 1105 3552 appen—
1157 3479 1230 3551 tini,
1243 3481 1276 3540 et
1288 3479 1420 3540 Sanctae
1434 3477 1551 3540 Mariae
1562 3476 1602 3538 de
1612 3475 1717 3537 Meias
1733 3475 1956 3537 ecclesianis

304 3573 395 3636 ditiis
411 3573 492 3646 siris,
505 3573 633 3636 scilicet
644 3577 757 3636 Penne
768 3573 887 3646 tidelis,
899 3573 980 3636 villa
993 3575 1105 3636 More-
1157 3576 1564 3655 episcopatutlahilonen„
1579 3575 1818 3637 monasterium
1827 3577 1956 3636 Sanctae

303 3670 361 3742 tel,
387 3671 420 3732 et
434 3671 570 3732 Marcel.
597 3672 637 3734 de
658 3674 837 3735 Tarenton.
854 3675 891 3734 ln
912 3672 1103 3751 episcopatu
1158 3677 1275 3738 Mariae
1287 3677 1320 3738 et
1331 3675 1574 3736 Sanctiverani
1584 3673 1625 3736 de
1635 3672 1957 3744 valleclusa,Sancti

303 3768 564 3842 Barchinonen.,
577 3771 815 3832 monasterium
828 3771 941 3833 Sancti
955 3771 1105 3834 Michae-
1157 3778 1174 3838 J
1179 3773 1285 3836 uliani
1300 3775 1334 3836 et
1348 3773 1461 3836 Sancti
1476 3771 1651 3834 Michaelis
1672 3771 1713 3833 de
1724 3770 1829 3832 Balua
1850 3771 1958 3832 ecole-

304 3867 358 3941 lis,
375 3866 460 3944 quod
475 3869 614 3929 uocatur
627 3868 760 3942 Adtalli,
777 3871 810 3930 et
826 3869 861 3930 in
872 3869 1021 3932 Penedes
1032 3885 1104 3931 mo-
1157 3874 1278 3945 sias,et
1288 3871 1481 3948 parochiam
1493 3870 1594 3933 castri
1603 3869 1958 3946 Agoldi,etecclesiam

304 3965 491 4026 hasterium
506 3967 621 4028 Sancti
636 3966 835 4030 Sehasliani.
857 3969 894 4028 In
911 3968 1103 4045 episcopatu
1159 3973 1288 4032 Sanctae
1312 3970 1414 4030 Fidis.
1443 3971 1479 4030 ln
1508 3969 1701 4046 episcopatu
1734 3967 1959 4044 Carpentora-
2057 4005 2058 4012 κ

304 4064 750 4132 Ausonen.,m0uasterium
777 4065 907 4127 Sauctae
922 4067 1039 4128 Mariae
1063 4065 1103 4126 de
1157 4067 1427 4136 ten.,ecclesiam
1443 4065 1482 4128 de
1499 4069 1607 4128 Rocca
1623 4068 1656 4128 et
1672 4065 1785 4126 Sancti
1802 4064 1957 4135 Romani,
2057 4111 2058 4116 ,

306 4160 480 4236 Rimpello.
497 4162 534 4220 ln
545 4160 738 4237 episcopatu
750 4163 952 4232 (larundam,
968 4179 1105 4224 monas·
1159 4169 1288 4228 Sanctae
1303 4165 1419 4227 Mariae
1434 4164 1476 4225 de
1500 4163 1634 4235 Videre,
1653 4163 1687 4225 et
1709 4162 1822 4224 Sancti
1836 4161 1958 4223 Felicis

306 4258 426 4318 terium
436 4257 549 4318 Sancti
561 4257 721 4334 Stephani
734 4259 963 4333 deBalneolis,
975 4275 1104 4324 monas·
1157 4268 1309 4326 Venasca
1327 4263 1497 4325 ecclesias.
1515 4265 1552 4324 ln
1567 4261 1760 4339 episcopatu
1775 4259 1957 4322 vasionen.

304 4356 426 4420 terium
441 4355 553 4416 Sancti
563 4354 650 4416 Petri
660 4355 700 4417 de
711 4357 872 4418 Bisildun.
885 4358 1103 4420 eteoclesiam
1158 4365 1288 4424 Sanctae
1315 4361 1450 4434 Mariae,
1473 4360 1585 4422 Sancti
1612 4358 1756 4422 Victoris
1782 4360 1817 4421 et
1844 4358 1961 4420 Sancti

305 4455 413 4517 sancti
429 4454 592 4517 iohannis
614 4453 653 4516 de
670 4454 841 4517 Fontibus.
860 4459 895 4518 ln
911 4457 1104 4534 episcopatu
1158 4461 1248 4523 Petri
1259 4461 1300 4523 de
1316 4459 1501 4530 Granselln,
1514 4456 1555 4521 de
1566 4456 1826 4527 Malassaunen.,
1841 4456 1958 4518 Sancti

305 4555 435 4626 lilnen„
463 4554 702 4616 monasterium
728 4555 840 4617 Sancti
869 4553 1043 4617 Michaelis
1065 4555 1104 4617 de
1159 4558 1350 4631 Michaelis,
1373 4556 1485 4620 Sancti
1501 4555 1592 4618 Petri
1619 4571 1694 4618 cum
1710 4553 1851 4632 capellis
1876 4554 1958 4624 suis,

306 4658 430 4714 Coxan.
455 4655 491 4714 ln
511 4654 703 4732 episcopatu
723 4653 915 4731 Bigoritano
930 4655 1103 4734 monaste·
1160 4657 1273 4720 Sancti
1294 4656 1478 4726 Desiderii,
1509 4655 1623 4717 Sancti
1650 4653 1798 4724 Martini,
1825 4653 1958 4714 Sanotae

305 4752 392 4812 rium
416 4751 528 4812 Sancti
550 4751 675 4812 Savini.
700 4753 736 4812 ln
753 4753 945 4830 episcopatu
960 4751 1102 4825 Alhien,
1158 4755 1315 4816 Mariaeet
1328 4754 1438 4816 Sancti
1447 4750 1798 4830 Sepulchriecclesias,
1807 4749 1841 4811 et
1851 4750 1961 4828 capel·

306 4847 1104 4913 inonasteriumSanctiBenedictidecastriscum
1158 4854 1207 4914 las
1225 4851 1265 4914 de
1283 4853 1487 4924 Albamesso,
1510 4851 1641 4912 Sancte
1660 4849 1777 4912 Marias
1792 4847 1833 4909 de
1842 4847 1957 4919 Bellis,

306 4945 448 5006 ecclesia
469 4945 557 5008 beati
574 4946 725 5012 Ninentii
742 4945 852 5009 levitae
875 4950 909 5010 et
935 4949 1101 5026 martyris,
1158 4951 1198 5012 de
1216 4949 1366 5022 Mirahel,
1382 4949 1495 5014 Sancti
1508 4948 1611 5012 Blasii
1634 4949 1668 5009 et
1684 4946 1815 5009 Sanctae
1840 4947 1959 5008 Mariae

304 5043 339 5105 et
364 5045 493 5104 Sanciae
526 5042 671 5118 Sigalen.
702 5045 743 5106 de
767 5049 887 5119 Grave,
916 5046 948 5107 et
975 5049 1104 5109 Sanctae
1158 5049 1198 5111 de
1218 5049 1393 5111 villanova
1408 5046 1581 5115 ecclesias,
1597 5047 1630 5108 et
1645 5047 1702 5122 jus
1728 5042 1960 5122 ‘quodhaheiis

305 5141 422 5220 Mariae
442 5139 482 5201 de
502 5139 665 5202 Ambilato
685 5143 856 5216 ecclesias,
880 5144 1011 5216 cellam,
1030 5161 1103 5222 quae
1158 5149 1191 5209 in
1208 5147 1360 5210 ecclesiis
1375 5145 1510 5209 deralle
1526 5142 1750 5206 Pladioini.ln
1764 5142 1961 5220 episcopatu

305 5239 447 5302 vocatur
462 5239 584 5310 Puden,
596 5241 708 5301 Sancti
721 5243 866 5304 amantii
876 5242 917 5304 de
932 5242 1100 5315 Gamhorz,
1158 5245 1355 5318 hlassilion,
1373 5243 1487 5306 Sancti
1502 5243 1592 5306 Petri
1606 5240 1829 5312 deParadiso,
1843 5240 1961 5302 Sancti
2057 5297 2058 5302 ,

307 5339 546 5416 S.1²rejecil,et
557 5339 686 5400 Sanctae
698 5339 814 5401 Mariae
826 5341 865 5402 de
877 5339 1105 5405 avinioneec-
1157 5343 1316 5417 Ferreoli,
1349 5345 1480 5406 Sancta
1508 5342 1626 5404 Mariae
1657 5339 1699 5402 ad
1729 5338 1860 5401 Solmas
1885 5353 1961 5402 curo
2057 5409 2058 5418 ἵ

306 5436 436 5508 clesias,
451 5438 484 5498 et
498 5435 617 5498 cellam
629 5439 848 5514 quaevoceiur
863 5440 1100 5502 Rontanorum.
1157 5442 1315 5520 hospitali
1359 5443 1489 5504 Sanctae
1529 5439 1646 5502 Mariae
1682 5437 1722 5498 de
1766 5435 1957 5508 Bellolocc,
2057 5471 2058 5498 ;

305 5537 341 5596 ln
364 5534 556 5611 episcopatu
584 5538 758 5609 hutonem,
785 5536 960 5600 ecclesiam
990 5540 1102 5602 Sancti
1158 5543 1288 5602 Sanciae
1318 5540 1434 5601 Mariae
1460 5538 1501 5600 de
1528 5537 1669 5608 Gardia,
1700 5535 1830 5597 Sanctae
1856 5534 1961 5596 Nico-
2057 5531 2058 5612 j

304 5631 460 5716 Aurantii,
473 5648 546 5710 quae
560 5635 610 5696 est
625 5635 660 5696 in
676 5633 834 5697 suburbio
846 5637 1009 5699 Rutenen.
1024 5634 1103 5700 oiri·
1156 5639 1212 5711 lai,
1249 5638 1362 5700 Sancti
1387 5632 1531 5709 Genesii,
1554 5638 1587 5699 et
1612 5637 1744 5696 sancta
1767 5632 1959 5708 Margaritae
2057 5623 2058 5628 ’

304 5731 392 5802 totis,
403 5731 641 5792 nrorrosterium
653 5733 787 5794 Valren.
801 5735 832 5796 et
844 5733 1004 5797 decastrc
1015 5751 1101 5796 noro
1156 5735 1316 5796 ecclesias
1332 5737 1363 5794 et
1381 5733 1545 5812 hospitale
1561 5735 1637 5810 ante
1650 5730 1825 5794 ecclesiam
1843 5729 1955 5790 Sancti
