4142 6312
282 319 343 380 823

283 477 479 554 infringere,
497 477 559 540 etc.
585 475 619 537 si
642 475 718 554 quis
738 476 861 547 autem,
876 474 938 536 etc.
963 474 1081 536 Datum

286 577 454 647 Laterani,
475 577 535 636 Vll
557 571 719 635 kalendas
744 573 839 652 julii,
870 571 1081 649 pontificatus

287 675 394 736 nostri
409 669 666 735 annosecundo.
1035 677 1038 686 “

611 825 759 911 duell

285 951 561 1028 democratiam
579 951 612 1012 ct
625 950 758 1024 fratres
770 950 890 1010 doinus
908 947 1084 1020 hospitalis

517 1047 855 1122 Hierosolpmuanc.

589 1152 625 1210 25
635 1150 696 1224 jun.
708 1151 786 1208 fuls.

364 1251 494 1316 [Tireinen
505 1251 671 1301 llonumente
681 1249 825 1312 ilungaris,
838 1249 857 1307 l,
871 1247 909 1305 lt,
921 1263 946 1298 n.
956 1247 1007 1312 zi]

286 1351 421 1408 Annuum
434 1349 488 1407 500
503 1363 663 1406 marcarum
674 1347 786 1422 argenti
809 1345 960 1415 redditum,
976 1345 1012 1402 ab
1025 1346 1083 1403 dn·

323 1439 392 1496 drea
406 1439 640 1512 ilungeriaerege
652 1437 687 1494 de
701 1436 883 1510 proventibus
898 1437 1001 1492 salium
1015 1448 1083 1492 suo·

324 1543 387 1584 rum
397 1528 426 1584 in
439 1526 541 1585 salech
549 1528 591 1585 eis
602 1541 783 1594 concessum,
794 1525 953 1582 coudrmat.

328 1636 464 1699 Dilectis
492 1636 570 1698 filiis
574 1680 634 1697 .....
645 1679 652 1708 ,
679 1635 839 1711 magistro
868 1634 901 1696 ct
928 1632 1086 1694 fratribus

288 1735 405 1796 domus
432 1734 607 1812 hospitalis
640 1732 966 1810 Hierosolymitanae,
995 1730 1087 1791 salu-

291 1835 370 1906 tem,
389 1834 451 1895 etc.

330 1933 442 2018 Cuma
458 1931 553 1992 nobis
564 1931 697 2008 petitur,
714 1931 777 1992 etc.
794 1929 986 2006 Eapropter,
1010 1927 1084 1999 etc,

290 2043 399 2103 usquc
409 2045 559 2102 assensu,
575 2046 722 2090 annuum
733 2028 988 2106 quingentarum
1003 2040 1089 2086 mar·

291 2141 407 2188 carum
423 2128 552 2203 argenti
568 2127 732 2188 redditum
755 2124 849 2187 vobis
873 2139 892 2185 a
914 2123 1087 2187 carissimo

290 2227 326 2287 in
342 2225 472 2288 Christo
488 2225 557 2287 filio
581 2227 695 2288 nostro
718 2224 850 2285 Andrea
867 2221 989 2283 illustri
1009 2237 1088 2299 rege

289 2323 470 2400 Hungariae
481 2323 521 2385 de
536 2323 750 2402 proventibus
763 2322 883 2384 salium
904 2337 1039 2382 suorum
1053 2321 1088 2382 in

290 2423 410 2484 Salecb
445 2422 499 2499 pia
529 2422 729 2484 liberalitate
766 2435 976 2491 concessum,
1003 2419 1090 2480 sicut

290 2520 399 2595 ipsum
414 2521 505 2598 Juste
519 2536 559 2581 ao
581 2519 719 2597 pacifice
734 2517 889 2580 obtinetis
902 2520 937 2579 et
948 2517 982 2576 iu
998 2518 1090 2593 ejus-

290 2618 365 2679 dem
379 2618 469 2694 regis
482 2619 603 2688 litteris
625 2618 757 2695 plenius
773 2617 977 2690 continetur,
994 2614 1088 2675 vobis

289 2717 323 2777 ot
337 2732 467 2792 parvos
480 2715 593 2777 domui
608 2717 727 2777 vestrae
737 2714 935 2775 auctoritate
947 2713 1090 2788 Aposto-

241 2889 243 2896 .
291 2810 1088 2888 licaconfirmamus,etpraeseutisscriptipatro-

290 2911 380 2972 cinio
395 2910 647 2971 communimus.
662 2909 710 2972 Ad
726 2911 885 2988 majorem
907 2909 1017 2970 autem
1038 2908 1088 2968 roi

290 3008 506 3081 evidentiam,
522 3010 672 3071 tenorem
687 3008 873 3071 litterarum
884 3006 1032 3084 ipsarum
1048 3005 1088 3067 de

291 3106 393 3168 verbo
404 3107 445 3168 ad
460 3106 597 3170 verbum
606 3107 771 3184 jussimus
791 3104 1011 3183 praesentibus
1026 3120 1089 3165 an-

289 3205 411 3268 notari.
426 3206 488 3277 Qui
504 3205 581 3266 talis
592 3206 643 3266 est
658 3227 666 3265 ε

331 3305 369 3365 In
380 3302 514 3363 nomine
529 3305 653 3364 sauotae
672 3302 844 3364 Trinitatis
860 3305 891 3364 et
907 3299 1088 3362 individuae

289 3400 440 3462 unitatis.
477 3399 627 3461 Andreas
664 3399 724 3460 Dei
751 3400 861 3476 gratia
894 3398 1086 3474 Hungariae,

291 3497 475 3570 Dalmatiae,
492 3498 643 3570 croatiae,
657 3501 782 3570 Ramac,
796 3499 932 3571 serviae,
944 3497 1086 3568 Galitire,

290 3596 572 3675 Lodomircaeque,
583 3613 642 3658 rex
651 3597 685 3658 in
695 3600 900 3680 perpetuum.
914 3596 1089 3658 Excellen-

288 3695 418 3758 tissima
427 3711 543 3772 regum
553 3695 720 3765 nobilitas,
729 3696 806 3758 licet
816 3695 1088 3772 nullislargiendi

289 3793 450 3857 limitibus
466 3795 697 3857 circumscribi
711 3794 840 3867 debeat,
850 3796 1017 3872 praecipua
1032 3795 1088 3856 ta-

288 3909 366 3954 men
393 3892 500 3954 eidem
526 3893 713 3954 adhibenda
743 3895 794 3955 est
817 3891 1087 3969 circumspectio,

291 3992 454 4068 quatenus
480 3979 691 4066 ‘singulorum
709 3992 814 4053 status
835 3992 868 4052 et
882 3989 1088 4052 differentias

291 4089 522 4168 considerans,
540 4088 609 4148 illis
636 4104 705 4164 prae
727 4089 857 4150 cacteris
871 4087 1089 4149 excellentius

290 4203 360 4248 suae
388 4186 474 4246 dona
502 4187 737 4246 munificentiae
763 4185 937 4261 largiatur,
966 4186 1023 4263 qui
1057 4186 1091 4247 et

288 4282 522 4362 temporalium
561 4281 798 4343 beneficiorum
840 4283 978 4345 servitio
1025 4283 1089 4344 sibi

290 4372 436 4444 fideliter
457 4380 694 4458 obsequuntur,
712 4383 744 4441 et
764 4379 797 4439 in
813 4379 992 4439 offerendis
1007 4396 1090 4442 ora-

288 4482 419 4544 tionum
443 4481 476 4543 et
500 4480 787 4556 eleemosynarum
823 4478 1001 4539 sacrificiis
1022 4494 1089 4540 non

289 4583 419 4643 tantum
441 4595 513 4652 sua,
536 4595 651 4640 verum
675 4580 709 4641 et
731 4592 892 4656 personas
908 4576 947 4637 ad
967 4575 1090 4637 Christi

289 4678 420 4739 laudem
436 4679 469 4739 et
478 4677 620 4752 gloriam
637 4677 814 4737 offerentes
834 4690 893 4751 pro
918 4674 1089 4736 commodo

288 4774 560 4847 Christianitatis
584 4774 618 4835 et
645 4789 825 4851 regnorum
851 4773 1000 4835 omnium
1023 4771 1092 4835 uti-

290 4872 385 4934 litate
413 4875 481 4933 Deo
500 4873 628 4950 jugiter
656 4872 688 4934 et
715 4873 833 4934 devote
872 4871 1088 4932 famulantur.

289 4971 370 5030 Cum
396 4969 508 5046 itaque
531 4969 758 5032 sacratissima
786 4970 899 5032 Sancti
923 4969 1088 5032 lobannis

289 5067 447 5145 Baptistae
463 5067 579 5127 domus
594 5067 770 5142 hospitalis
790 5067 830 5128 de
842 5067 1030 5130 Jerusalem
1048 5066 1089 5128 ab

290 5166 436 5244 antiquis
447 5163 646 5226 saeculorum
661 5165 863 5240 temporibus
877 5164 999 5242 ubique
1012 5181 1091 5242 par-

290 5265 373 5327 tium
389 5264 480 5326 orbis
500 5279 543 5325 ex
565 5278 600 5323 se
619 5260 781 5322 bonorum
800 5278 948 5339 operum,
969 5265 1002 5325 et
1016 5263 1090 5324 sin-

291 5377 377 5423 cerae
402 5361 587 5423 devotionis
614 5359 902 5421 commendaretur
919 5360 1089 5438 obsequio,

286 5462 385 5538 juxta
405 5459 486 5520 illud
504 5459 685 5520 veridicum
705 5457 907 5534 propheticae
921 5457 1090 5535 provisio·

290 5558 342 5618 nis
362 5555 574 5633 praesagium,
604 5555 761 5617 mamillis
785 5554 874 5630 regis
897 5553 1088 5628 lactaberis,

290 5653 444 5736 pervigili
459 5669 538 5716 cura
554 5654 703 5716 fidelium
717 5655 749 5717 et
770 5652 922 5740 diligenti
935 5653 1092 5715 cluistia-

902 313 1079 374 HONORll
1102 312 1147 372 ΙΙΙ
1169 313 1318 374 OPERA.

1896 312 1954 370 8⁵24

1137 467 1957 550 norumregumetprincipumprovidentiamulti'

1139 569 1216 647 plici
1233 569 1411 646 largitione
1424 587 1561 631 munere
1577 570 1773 648 praedotata,
1794 583 1955 630 crescam

1138 668 1171 729 et
1185 683 1246 745 per
1261 668 1435 729 universos
1448 668 1539 730 orbis
1550 667 1633 729 fines
1648 668 1772 730 meruit
1791 665 1942 728 dilatari
1947 689 1956 738 ;

1139 764 1320 840 intorques
1341 779 1406 824 non
1422 764 1550 825 tanturn
1574 767 1762 826 nostrorum
1790 764 1958 824 anteces-

1139 877 1251 922 sorum
1265 861 1305 922 ad
1320 861 1407 923 idem
1424 861 1549 923 intenta
1564 861 1682 938 pietas,
1699 860 1756 922 sed
1781 862 1823 922 et
1839 861 1958 920 nostra

1139 958 1283 1036 diligens
1308 959 1457 1026 solertia,
1476 961 1573 1036 prout
1594 959 1778 1036 unicuique
1794 959 1960 1018 nostrum

1140 1056 1299 1119 divinitus
1328 1056 1493 1119 illustrari
1516 1056 1625 1118 visum
1638 1058 1699 1129 est,
1719 1056 1814 1117 banc
1837 1069 1962 1115 sacra-

1139 1153 1303 1216 tissimam
1314 1153 1446 1214 domum
1463 1152 1661 1231 largissimis
1669 1154 1771 1230 regiae
1789 1151 1963 1227 largitio-

1141 1252 1193 1312 nis
1206 1251 1411 1323 muneribus,
1429 1251 1517 1312 unde
1528 1253 1595 1314 Deo
1608 1251 1735 1328 gratias
1751 1250 1960 1320 referimus,

1140 1349 1353 1411 honoraret:
1381 1364 1497 1410 verum
1524 1347 1610 1426 quod
1633 1347 1769 1424 segnius
1802 1347 1964 1408 invitant

1140 1447 1270 1507 animos
1285 1446 1429 1508 demissa
1443 1461 1504 1523 per
1526 1461 1637 1517 auree,
1652 1461 1752 1523 quam
1775 1461 1867 1524 quae
1884 1444 1964 1504 sunt

1141 1543 1246 1605 oculis
1269 1544 1446 1606 commissa
1470 1542 1634 1614 fidelibus,
1652 1558 1727 1604 cum
1751 1543 1794 1603 ad
1819 1543 1963 1603 sancte

1140 1645 1251 1704 Terrae
1267 1639 1498 1703 liberationem
1519 1641 1554 1702 in
1575 1656 1633 1718 spe
1656 1640 1778 1702 divinae
1796 1639 1964 1718 potesta-

1141 1741 1185 1802 tis
1199 1741 1411 1811 accessimus,
1424 1755 1498 1817 quae
1514 1739 1554 1800 de
1569 1741 1752 1800 memorata
1769 1737 1887 1799 domo
1902 1751 1969 1813 per
2058 1751 2059 1776 ³

1141 1837 1277 1899 odorem
1305 1835 1384 1897 boni
1401 1834 1547 1897 nominis
1575 1837 1609 1896 et
1633 1835 1804 1912 opinionis
1832 1834 1962 1894 illaesae

1142 1933 1663 2013 perorbemterrarumrelatione
1673 1947 1966 2010 perceperamus

1142 2033 1212 2094 illic
1226 2033 1329 2094 tama
1353 2031 1457 2093 fratre
1470 2031 1617 2093 Guarino
1632 2031 1673 2092 de
1696 2032 1810 2092 Monte
1839 2031 1960 2098 acuto,
2058 2049 2059 2080 τ

1143 2127 1958 2210 ejusdemsanctaedomusvenerabiiismagistro,
2058 2131 2059 2134 ’

1143 2213 1242 2307 q'uam
1257 2245 1276 2290 a
1292 2227 1451 2290 fratribus
1462 2227 1600 2289 honeste
1616 2225 1847 2302 susceptiflde
1865 2240 1961 2302 pers·
2058 2231 2059 2280 l

1143 2327 1296 2404 perimus
1312 2326 1454 2388 oculata.
1471 2325 1643 2402 Siquidem
1657 2324 1703 2384 ibi
1714 2325 1886 2400 degentes
1901 2323 1958 2384 vi·
2058 2359 2059 2386 t

1143 2424 1382 2486 demusdiebus
1394 2421 1751 2498 singulisinnumeram
1760 2437 1959 2499 pauperum
2058 2447 2059 2468 κ

1144 2523 1387 2585 multitudinem
1399 2521 1563 2598 largifluis
1576 2521 1959 2598 eleemosynarumero-
2058 2537 2059 2586 3

1142 2619 1331 2697 gationibus
1347 2619 1475 2690 satiari,
1493 2617 1606 2681 morbo
1619 2619 1723 2680 etiam·
1739 2617 1959 2678 lacescentes
2058 2617 2059 2690 j

1143 2719 1303 2780 lectorum
1312 2718 1462 2778 mollium
1468 2716 1656 2778 etciborum
1664 2715 1759 2793 copia
1772 2714 1957 2778 etdeiiciis

1143 2817 1331 2889 confoveri,
1352 2817 1563 2878 'mortuorum
1588 2829 1738 2891 corpora,
1765 2813 1896 2876 debitis
1922 2812 1956 2872 in

1143 2915 1274 2977 Christo
1288 2913 1466 2991 persolutis
1481 2913 1689 2990 exsequiis,a
1704 2911 1869 2973 fratribus
1882 2925 1956 2972 me-

1143 3011 1954 3086 morataedomuscumvenerationesepeliri.Nos
2058 3090 2059 3097 ἵ

1142 3111 1295 3189 equidem
1311 3110 1412 3188 hujus
1433 3109 1559 3170 sacrati
1575 3107 1706 3184 collegii
1729 3123 1795 3169 non
1815 3109 1954 3168 tantum

1143 3208 1294 3269 caritatis
1310 3207 1442 3279 aflectu,
1454 3221 1569 3267 verum
1587 3205 1687 3268 etiam
1708 3221 1849 3266 numero
1868 3219 1955 3280 par-

1144 3303 1951 3386 ticiparevolentes,etuteorumcommuuicare·

1143 3418 1218 3463 mur
1231 3403 1410 3474 consortie,
1425 3404 1459 3465 et
1479 3416 1683 3463 mereremur
1703 3400 1899 3462 orationum
1916 3401 1949 3459 et

1143 3500 1380 3562 beneficiorum
1391 3499 1664 3577 participesfieri,
1674 3497 1948 3562 confraternitaii

1143 3616 1257 3662 eorum
1277 3598 1323 3662 ita
1349 3615 1410 3660 nos
1433 3597 1652 3660 astrinximus
1673 3597 1800 3668 devote,
1819 3601 1857 3659 ut
1882 3601 1952 3659 tam

1144 3695 1947 3776 nosquamsuccessoresnostriproredemptione

1144 3796 1332 3858 animarum-
1359 3795 1640 3871 praedeeessorum
1676 3794 1888 3865 nostrorum,
1919 3795 1951 3852 el

1145 3895 1337 3956 nostrarum
1354 3891 1495 3969 singulis
1514 3891 1611 3953 anuis
1638 3891 1805 3967 praedictae
1828 3889 1950 3952 domui

1144 3992 1179 4052 in
1203 3991 1364 4069 obsequio
1384 4006 1564 4068 pauperum
1588 3991 1787 4066 quingentas
1811 4004 1946 4050 mareas

1144 4090 1276 4166 argenti-
1289 4089 1322 4149 in
1335 4091 1531 4166 perpetuum
1541 4087 1808 4166 deproventibus
1824 4087 1947 4148 salium

1145 4188 1334 4248 nostrorum
1346 4187 1380 4247 in
1391 4187 1510 4248 Salecb
1521 4187 1556 4246 in
1565 4186 1694 4248 Pascha
1703 4185 1945 4254 conferremus.

1145 4283 1330 4360 obligantes
1343 4286 1414 4345 tam
1427 4285 1514 4346 filios
1528 4286 1669 4356 nestros,
1684 4299 1782 4360 quarn
1803 4299 1944 4344 succes-

1146 4397 1238 4444 sores
1261 4382 1404 4443 filiorum
1428 4384 1628 4449 nostrorum,
1650 4382 1821 4458 sperantes
1844 4381 1946 4442 retri-

1144 4478 1316 4542 butionem
1331 4479 1372 4540 ab
1394 4497 1444 4552 eo,
1462 4481 1518 4556 qui
1540 4480 1577 4540 in
1591 4480 1716 4540 aeterna
1739 4477 1945 4540 beatitudine

1144 4577 1282 4654 praemia
1298 4593 1358 4654 pro
1370 4577 1466 4639 bonis
1478 4576 1589 4639 Baetis
1604 4575 1742 4637 reddere
1758 4575 1941 4636 consuevit

1145 4673 1310 4735 Addentes
1325 4674 1436 4746 etiam,
1454 4677 1490 4736 ut
1517 4673 1545 4734 si
1570 4673 1691 4751 aliquis
1713 4685 1942 4732 successorum

1145 4775 1337 4833 nostrorum
1370 4787 1456 4832 ausu
1497 4771 1681 4834 temerarie·
1715 4768 1939 4838 donationem,

1145 4885 1246 4946 quam
1277 4887 1337 4948 pro
1369 4871 1538 4932 communi
1571 4870 1760 4931 animarum
1800 4867 1943 4928 utilitate

1145 4967 1245 5044 digne
1272 4968 1313 5029 de
1332 4967 1547 5045 proventibus
1569 4966 1753 5044 regalibus,
1773 4963 1941 5026 communi

1145 5065 1286 5128 consilio
1305 5067 1495 5144 principum
1516 5067 1717 5137 nostrorum,
1741 5063 1797 5140 qui
1812 5065 1891 5125 tunc
1908 5064 1942 5123 iu

1145 5164 1204 5225 Dei
1234 5163 1370 5226 servitio
1398 5164 1571 5226 nobiseum
1604 5163 1640 5224 in
1662 5161 1816 5240 partibus
1838 5161 1944 5237 Syria

1146 5260 1344 5334 militabant,
1357 5263 1512 5334 fecimus,
1525 5261 1717 5337 infringere,
1740 5259 1794 5320 vel
1809 5259 1942 5320 auferre

1146 5375 1205 5421 seu
1229 5359 1415 5421 diminuere
1432 5360 1585 5431 voluerit,
1601 5357 1869 5420 maledictionem
1886 5356 1945 5417 Dei

1147 5457 1256 5518 Patris
1290 5457 1524 5534 omnipotentis
1556 5459 1590 5518 et
1620 5456 1709 5518 beati
1746 5456 1793 5534 pii
1833 5455 1945 5516 fratris

1146 5555 1252 5616 nostri
1281 5555 1388 5616 sancti
1421 5557 1454 5616 S.
1475 5556 1574 5632 regis
1609 5556 1672 5632 piae
1700 5552 1943 5617 recordationis

1146 5655 1178 5716 et
1193 5653 1340 5716 nostram
1356 5652 1515 5716 incurrat.
1541 5653 1758 5731 l‘raecipimus
1779 5651 1893 5723 etiam,
1910 5651 1944 5713 ui
