4072 6314
250 315 309 374 663
870 310 1045 372 HONORII
1068 311 1113 370 111
1135 309 1284 395 olnae.
1843 313 1893 372 toi

251 471 608 543 temnitercontestata,
621 469 653 532 et
663 470 937 549 procuratoripse
948 469 1048 548 quod·
1140 471 1259 530 Coram
1269 467 1390 530 dilecto
1401 465 1470 530 tilio
1483 468 1599 530 nostro
1611 469 1723 530 sancti
1732 469 1895 530 Eustachii

254 568 328 628 dam
348 566 558 645 privilegium
573 565 633 628 sub
650 567 741 628 bulla
756 567 863 630 felicis
878 564 1046 628 memoriae
1102 563 1242 628 diacono
1258 565 1361 637 card,
1380 580 1515 642 quem...
1527 564 1655 627 abbatis
1668 567 1705 628 et
1720 567 1894 628 conventus

254 665 402 726 Formosi
425 669 524 741 Papae
546 665 703 741 produxit
733 665 767 726 in
795 665 938 726 medium
961 663 1046 741 quod
1103 663 1216 725 Sancti
1231 659 1376 735 Arceoli,
1394 665 1464 725 et...
1481 663 1618 739 majoris
1634 665 1667 724 et
1691 663 1896 724 scabinorum

252 763 342 824 tanta
356 761 464 824 iuerat
477 763 640 824 vetustate
656 762 897 839 consumptum,
911 763 947 824 ut
960 760 995 822 in
1008 777 1047 823 eo
1102 761 1296 822 Ambianen.
1314 759 1585 838 procuratoribus
1600 759 1758 820 dedimus
1772 761 1896 822 audito-

255 859 294 920 de
305 861 629 923 monasterioSancti
638 859 842 932 columbani,
854 876 914 922 nec
924 858 1047 920 mentio
1103 875 1184 930 rem,
1199 858 1384 935 ipsorum...
1397 857 1526 920 abbatis
1542 861 1575 918 et
1586 859 1778 920 conventus
1793 873 1899 934 propo

255 956 359 1030 tieret,
387 973 448 1018 neo
471 959 571 1019 etiam
595 959 773 1034 vestigium
797 960 983 1036 appareret,
1009 973 1048 1019 ac
1103 956 1170 1017 suit
1193 957 1401 1032 procurator,
1429 955 1515 1032 quod
1537 971 1638 1032 quum
1664 955 1760 1016 inter
1786 969 1843 1016 eos
1863 971 1899 1014 ex

255 1071 354 1130 quum
384 1071 444 1131 per
472 1055 553 1116 illud
582 1071 676 1117 suam
705 1057 807 1117 vellet
833 1056 1048 1118 intentionem
1104 1055 1197 1130 parte
1219 1066 1297 1126 una,
1314 1053 1518 1130 etmajorem
1531 1055 1563 1114 et
1577 1051 1738 1114 scabinos
1763 1052 1900 1128 praedic·

255 1150 405 1220 fundare,
423 1168 523 1228 quum
544 1152 793 1214 tundamentum
816 1152 897 1213 illud
918 1151 1049 1231 penitus
1102 1152 1154 1212 tos
1173 1166 1216 1211 ex
1230 1151 1346 1223 altera,
1361 1166 1474 1212 coram
1488 1149 1607 1212 abbate
1622 1150 1744 1214 Sancti
1760 1147 1901 1221 Quintini

253 1249 381 1308 nullum
398 1248 496 1320 esset,
511 1250 615 1311 totum
631 1250 715 1326 quod
731 1266 831 1326 super
849 1249 1049 1310 aedificatum
1104 1248 1278 1309 Belvacen.
1296 1250 1330 1309 et
1348 1247 1578 1327 conjudicibus
1600 1249 1673 1309 suis
1697 1245 1806 1324 snper
1828 1261 1904 1322 quo-

254 1345 374 1417 iuerat,
391 1345 524 1407 irritum
540 1347 694 1423 apparuit
708 1348 741 1409 et
754 1348 865 1408 inane.
1105 1345 1180 1406 dam
1211 1345 1306 1422 prato
1328 1345 1525 1408 auctoritate
1548 1346 1747 1423 Apostolica
1771 1343 1902 1420 quaestio

296 1440 390 1501 Unde
405 1457 465 1502 nos
478 1443 649 1520 utriusque
665 1444 769 1521 partis
793 1441 991 1510 rationibus,
1019 1441 1051 1502 et
1105 1443 1301 1516 verteretur,
1316 1445 1348 1505 et
1362 1441 1463 1505 iidem
1482 1443 1624 1518 cognitis
1647 1437 1769 1503 causae
1784 1439 1905 1501 meritis

256 1536 511 1614 allegationibus
522 1541 652 1618 plenius
664 1541 854 1612 intellectis,
867 1537 1051 1618 privilegiis
1106 1539 1314 1602 diffinitivam
1323 1555 1383 1616 pro
1394 1541 1595 1602 monasterio
1609 1540 1766 1616 ipsorum
1776 1539 1904 1602 senten-

257 1635 368 1707 etiam,
384 1637 416 1697 et
428 1636 600 1699 sententiis
615 1639 898 1715 praedecessorum
918 1638 1051 1698 nostro·
1105 1639 1186 1701 tiam
1217 1638 1448 1715 protulissent,
1473 1637 1553 1698 dicti
1579 1639 1687 1714 major
1717 1640 1754 1698 et
1785 1633 1906 1695 scabini

256 1747 329 1792 rum
345 1733 521 1810 diligenter
535 1736 703 1812 inspectis,
721 1735 963 1797 communicato
983 1733 1053 1794 tra·
1107 1735 1265 1812 quosdam
1281 1735 1433 1796 homines
1448 1735 1553 1811 ipsius
1569 1733 1773 1796 monasterii
1784 1730 1841 1810 qui
1852 1747 1905 1808 pro

256 1830 343 1890 trum
366 1833 553 1892 nostrorum
578 1833 733 1905 consilio,
763 1834 794 1894 te
819 1835 851 1894 et
876 1832 1051 1893 ecclesiam
1107 1832 1385 1910 apprehendenda
1401 1831 1479 1893 dicti
1496 1832 1581 1909 prati
1597 1831 1818 1908 possessione
1837 1827 1907 1888 iue-

256 1925 451 1988 Bobiensem
466 1928 507 1989 ab
521 1929 728 2008 impetitione
744 1929 1052 2006 procuratorisjam
1108 1931 1187 1990 runt
1210 1929 1384 2002 destinati,
1407 1928 1532 1990 temere
1554 1930 1745 2005 capienteS,
1764 1943 1825 1988 eos
1851 1929 1907 1986 Ar-

257 2022 336 2084 dicti
363 2027 605 2089 sententialiter
628 2027 784 2088 duximus
802 2025 1050 2096 absolvendum,
1108 2028 1193 2088 ceoli
1210 2027 1369 2088 custodiae
1394 2026 1641 2103 manciparunt;
1666 2019 1907 2104 propterquod

258 2135 297 2180 ac
312 2121 510 2183 sententiam
526 2125 665 2200 Eugenii
691 2141 785 2201 papae
812 2140 871 2201 pro
895 2121 1053 2184 Bobiensi
1109 2124 1190 2187 dicti
1210 2125 1341 2202 judices
1362 2123 1739 2186 excommunicaverunt
1764 2120 1903 2188 eosdem,

257 2217 398 2279 ecclesia
414 2221 528 2281 contra
540 2237 650 2297 ipsum
665 2221 902 2283 monasterium
912 2219 1055 2298 promul·
1109 2223 1179 2284 lata
1193 2223 1228 2282 in
1243 2237 1359 2284 eorum
1374 2221 1521 2282 familias
1533 2222 1700 2283 sententia
1724 2215 1905 2280 interdicti.

257 2315 379 2390 gaiam,
395 2318 592 2380 auctoritate
607 2319 797 2396 apostolica
807 2317 1052 2388 confirmantes,
1109 2321 1313 2382 Procurator
1326 2335 1405 2380 vero
1422 2319 1570 2396 ipsorum
1586 2318 1724 2396 majoris
1746 2317 1782 2378 et
1801 2312 1905 2376 scabi-

259 2414 481 2498 praecipimus,
500 2418 532 2477 et
546 2417 712 2477 sancimus
726 2417 762 2478 ut
775 2415 922 2486 abbates
940 2417 973 2477 et
983 2430 1055 2475 mo-

258 2510 368 2580 nachi,
384 2512 440 2588 qui
455 2529 514 2589 pro
528 2515 676 2589 tempore
698 2516 733 2574 in
756 2514 829 2590 ipso
851 2512 1054 2574 monasterio

258 2605 393 2679 luerint,
416 2607 487 2681 tibi,
504 2625 544 2670 ac
568 2610 635 2671 tuis
660 2609 907 2671 successoribus
932 2609 1055 2669 dioece-

1110 2432 1227 2479 norum
1253 2416 1426 2494 proposuit
1449 2433 1492 2478 ex
1520 2416 1670 2488 adverso,
1695 2413 1790 2492 quod
1815 2425 1909 2488 quum
2011 2479 2012 2500 ἢ

1110 2531 1222 2576 coram
1248 2512 1396 2591 pretatis
1421 2512 1590 2591 judicibus
1616 2511 1904 2591 praescriptionem
2012 2545 2013 2552 ,

1110 2612 1408 2689 quadragenariam
1423 2613 1456 2674 et
1471 2612 1555 2673 alias
1582 2611 1805 2688 exceptiones
1827 2603 1909 2680 legi·
2013 2607 2014 2612 ’

259 2718 342 2764 sana
357 2705 424 2765 sint
435 2705 508 2781 lege
522 2705 655 2780 subditi,
673 2709 705 2768 et
723 2708 790 2767 tam
814 2707 849 2766 in
872 2705 1057 2782 spirituali·
1109 2713 1209 2773 tinias
1238 2711 1453 2786 allegassent,
1471 2709 1572 2770 iidem
1588 2709 1718 2786 judices
1750 2700 1906 2782 legitimis
2012 2743 2013 2752 ,

258 2798 331 2872 bus,
349 2817 447 2877 quam
466 2803 703 2878 temporalibus
719 2803 875 2863 Bobiensi
901 2802 1055 2879 episcopo

257 2897 426 2974 tamquam
440 2898 626 2961 dioecesano
654 2916 713 2961 sno
743 2899 885 2960 debeant
912 2915 1055 2975 respon-

260 2995 353 3071 dere;
373 3011 412 3057 ac
436 2999 472 3059 ut
497 2999 604 3058 omnis
628 2998 663 3058 in
690 2998 857 3074 posterum
886 2995 1057 3057 auferatur

258 3093 397 3156 materia
417 3095 621 3172 jurgiorum,
653 3111 753 3172 super
785 3094 968 3171 quaestione
992 3094 1056 3155 ista

259 3190 396 3252 cuilibet
423 3193 465 3252 iis
497 3193 669 3252 adversari
701 3192 826 3252 volenti
861 3193 1057 3268 perpetuum

261 3286 430 3347 silentium
454 3289 674 3364 imponentes,
690 3289 876 3358 statuimus,
890 3291 926 3348 ut
948 3287 977 3346 si
993 3301 1057 3363 qua

259 3382 414 3459 deinceps
427 3388 558 3461 reperta
581 3385 705 3446 tuerint
727 3383 959 3455 instrumenta,
983 3399 1057 3461 quae

259 3497 319 3557 pro
334 3481 549 3554 monasterio,
566 3482 599 3544 et
611 3483 726 3544 contra
741 3483 933 3558 episcopum
947 3480 1057 3542 lacere

258 3577 741 3657 videantur,omi1inojnribus
759 3581 905 3652 careant,
923 3579 956 3640 et
979 3578 1058 3638 inu-

258 3677 332 3738 tilia
361 3679 566 3755 reputentur.
598 3678 814 3739 Decernimus
851 3693 941 3754 ergo,
977 3677 1052 3748 eto,

238 3791 363 3853 usque
387 3776 509 3837 nostrae
533 3775 763 3847 delinitionis,
781 3774 1054 3844 confirmationis,

259 3873 292 3934 et
321 3873 567 3935 constitutionis
601 3873 757 3950 paginam
792 3872 977 3948 intringere
1004 3871 1056 3930 rel

259 3969 302 4040 ei,
319 3969 394 4042 etc,
411 3971 589 4032 contraire.
608 3971 642 4029 Si
657 3969 731 4046 quis
753 3971 875 4040 autem,
901 3969 976 4040 etc,
993 3966 1056 4028 boc

260 4067 424 4126 attentare
438 4066 697 4142 praesumpserit,
714 4066 789 4137 etc,
812 4065 973 4126 incurrat.
991 4066 1059 4124 Da-

259 4161 329 4223 tum
345 4163 512 4232 Laterani,
524 4165 561 4222 17
576 4161 745 4238 kalips,
760 4161 971 4239 pontificatus
985 4176 1058 4221 nos·

260 4259 304 4320 tri
319 4275 408 4320 anno
422 4259 578 4320 secundo

602 4427 719 4516 CLIX

259 4565 1059 4642 AdorcbtdtcconomBetvu'censemetdcconmn

353 4679 472 4740 Sancti
492 4680 661 4752 Wutslam'
679 4679 721 4738 de
735 4676 962 4738 Aobcttsotda.

550 4810 582 4866 17
596 4816 679 4865 rnart.
689 4808 768 4866 1118.

292 4930 410 4993 [aegea.
421 4929 468 4979 lib.
479 4929 511 4991 ii,
525 4929 601 4994 epist.
611 4929 665 4980 9711.
680 4929 737 4978 blss.
751 4929 787 4979 La
798 4930 875 4980 Porta
887 4927 922 4978 du
933 4925 1029 4990 Thali]

260 5044 375 5104 ludices
410 5043 555 5101 constituit
583 5045 657 5100 inter
694 5044 832 5117 majorem
865 5051 894 5100 et
925 5041 1057 5100 scabinos

297 5132 466 5191 ambianen.
478 5147 513 5188 ex
527 5147 582 5188 uua
598 5139 688 5204 parte,
704 5138 733 5189 et
750 5132 882 5189 abbatem
903 5132 1000 5190 Sancti
1011 5132 1060 5187 Ar·

297 5223 368 5280 ceoli
385 5237 421 5280 ax
435 5222 533 5278 altera.

301 5351 482 5422 Honorius,
496 5351 571 5422 etc,
585 5347 715 5408 dilectis
726 5346 805 5407 tiliis
817 5345 929 5407 abbati
945 5345 1054 5407 Sanct'

262 5447 435 5518 Walerioi,
462 5449 608 5508 Bernero
633 5443 759 5506 archid.
784 5443 959 5503 Belvacen.
986 5443 1056 5503 et...

261 5545 388 5606 decano
416 5545 529 5604 Sancti
551 5541 742 5604 Wullranni
766 5540 807 5602 de
842 5538 1059 5601 Abbatisvilla

262 5641 458 5720 ambianen.
476 5640 570 5702 dioec.

1111 2824 1225 2870 eorum
1249 2807 1503 2884 exceptionibus
1525 2810 1558 2868 et
1582 2804 1811 2883 appellatione
1831 2814 1907 2862 con·

1110 2906 1254 2983 temptis,
1270 2906 1477 2967 diffinitivam
1490 2905 1606 2967 contra
1629 2920 1687 2966 eos
1707 2899 1908 2964 sententiam
2009 2943 2014 2959 ,

1111 3004 1331 3082 protulerunt,
1349 3002 1545 3064 mandantes
1563 3001 1762 3080 quibusdam
1779 2999 1821 3060 de
1836 2999 1905 3058 Am·

1111 3101 1244 3162 bianen.
1261 3101 1406 3177 capitulo
1421 3100 1482 3161 sub
1497 3099 1643 3160 dominio
1661 3101 1759 3175 cuius
1775 3093 1904 3158 consis-

1112 3199 1151 3260 tit
1177 3199 1415 3261 monasterium
1440 3196 1663 3274 saepedictum,
1688 3197 1724 3257 ut
1747 3205 1907 3268 exseque-

1112 3297 1228 3356 rentur
1244 3296 1442 3357 sententiam
1455 3294 1566 3356 taliter
1577 3291 1841 3369 promulgatam
1855 3283 1906 3362 qui

1112 3391 1464 3454 excommunicationis
1479 3391 1513 3451 in
1529 3407 1586 3452 eos
1606 3389 1810 3450 sententiam
1835 3397 1909 3461 pro·

1112 3489 1271 3562 terentes,
1280 3491 1315 3550 in
1328 3489 1570 3566 possessionem
1580 3487 1661 3549 dicti
1677 3487 1765 3564 prati
1774 3495 1908 3546 monas-

1112 3588 1232 3649 terium
1264 3587 1477 3648 induxerunt.
1503 3585 1588 3647 Dicti
1615 3599 1694 3646 vero
1721 3584 1815 3645 cives
1842 3591 1907 3638 suae

1113 3685 1348 3764 appellationis
1387 3684 1513 3745 auxilio
1547 3683 1793 3760 possessionem
1833 3671 1907 3738 dicti

1113 3772 1199 3861 prati
1225 3784 1371 3844 retinere
1394 3781 1554 3852 volentes,
1589 3779 1773 3841 servientes
1807 3773 1908 3852 ipsius

1113 3880 1307 3943 monasterii
1316 3879 1426 3940 virnvi
1435 3877 1626 3955 repellendo
1637 3876 1678 3938 de
1690 3876 1785 3952 prato
1801 3885 1907 3947 expu-

1113 3979 1223 4040 lerunt
1238 3977 1384 4049 eosdem,
1400 3976 1433 4038 et
1444 3992 1501 4037 eos
1518 3991 1629 4036 secum
1646 3975 1746 4034 etiam
1761 3971 1906 4035 deduxe-

1113 4076 1201 4139 runt.
1223 4078 1310 4146 Quos
1335 4073 1413 4135 licet
1432 4071 1639 4150 postmodum
1652 4070 1821 4132 voluerint
1834 4079 1903 4126 res-

1112 4176 1244 4244 tituere,
1273 4171 1454 4250 capitulum
1483 4171 1595 4231 tamen
1620 4167 1816 4229 ambianen.
1840 4174 1901 4223 non

1113 4272 1303 4334 contentmn
1319 4267 1662 4330 excommunicatione
1684 4266 1855 4342 praedicta,
1872 4257 1903 4317 in

1113 4386 1170 4432 eos
1202 4369 1280 4429 licet
1314 4364 1503 4443 hujusmodi
1536 4362 1805 4440 jurisdictionem
1844 4367 1904 4417 non

1113 4461 1607 4538 babeat,excommunicationis
1619 4460 1819 4522 sententiam
1833 4467 1905 4534 pro-

1114 4561 1515 4641 mulgavit,nihilon1inus
1531 4573 1627 4636 per...
1639 4555 1817 4636 officialem
1831 4557 1904 4616 Am-

1113 4661 1245 4723 bianen.
1264 4659 1390 4720 iaciens
1405 4655 1687 4718 excommunicari
1702 4655 1847 4723 eosdem,
1873 4644 1902 4708 et

1114 4753 1416 4820 excommunicatos
1431 4751 1561 4829 publice
1578 4749 1738 4810 nuntiari.
1765 4749 1901 4823 Ideoque

1113 4855 1154 4916 de
1170 4853 1425 4932 procuratorumx
1447 4849 1618 4925 utriusque
1640 4847 1744 4922 partis
1770 4854 1904 4906 assensu

1114 4969 1174 5030 per
1196 4949 1388 5028 apostolica
1418 4946 1511 5008 vobis
1547 4945 1671 5021 scripta
1704 4943 1902 5006 mandamus,

1114 5051 1275 5128 quatenus
1305 5046 1345 5108 ab
1361 5046 1443 5124 ipsis
1464 5043 1592 5106 civibus
1623 5040 1850 5104 satisfaciendi
1870 5034 1905 5094 do

1114 5145 1310 5218 manifestis
1328 5145 1361 5206 et
1374 5142 1483 5205 standi
1493 5143 1581 5218 juris
1597 5141 1636 5200 de
1663 5139 1772 5200 dubiis
1792 5138 1904 5198 idonea

1114 5245 1268 5308 cautione
1292 5241 1436 5318 recepta,
1455 5239 1615 5316 praelatos
1635 5235 1900 5298 excommunica-

1114 5341 1213 5402 tionis
1242 5339 1275 5400 ct
1299 5335 1468 5398 interdicti
1496 5333 1679 5395 sententias
1708 5331 1901 5392 relaxantes,

1115 5435 1321 5498 diffinitivam
1337 5433 1536 5495 confirmare
1545 5428 1598 5493 vel
1613 5429 1784 5490 infirmare
1796 5422 1904 5503 appel-

1114 5535 1238 5597 latione
1261 5531 1398 5602 remota,
1416 5529 1551 5600 curetis,
1567 5528 1653 5589 sicut
1667 5525 1707 5588 de
1718 5529 1795 5604 jnre
1813 5517 1905 5584 fuerit

1116 5631 1313 5694 laciendum.
1340 5629 1454 5689 Testes
1476 5627 1598 5698 autem,
1622 5626 1697 5696 eto,
1725 5621 1828 5684 nullis
1853 5619 1903 5680 lit-
