4014 6312
75 425 124 496 181
696 423 914 490 EPISTOLAE

73 594 164 668 grato
203 591 438 686 concurrentes
472 606 631 663 assensu,
668 590 864 653 electionem

73 692 187 767 ipsam,
207 689 357 752 61611661
374 689 534 752 canonice
549 689 731 762 celebrata,
745 689 863 750 aucto-

74 787 863 866 ritateApostolicaconfirmamus.Nulliergo....

75 887 108 948 Si
121 885 194 963 quis
205 885 326 957 autem,
340 886 402 946 etc.
416 885 535 946 Datum
545 885 725 956 Ferentini,
738 882 867 962 pontiti·

73 985 163 1046 catus
179 983 286 1045 nostri
299 998 388 1044 anno
400 981 559 1044 secundo.

917 471 924 487 .
948 427 1026 488 LIB.
1050 423 1091 488 11.

1662 429 1721 486 482

918 585 1094 650 exhiberes
1123 589 1155 650 et
1188 587 1230 650 ad
1249 591 1361 650 Terrae
1395 589 1526 650 Sanctae
1552 587 1720 664 negotium

919 685 1050 758 auxilii,
1064 700 1130 747 non
1145 685 1371 763 impedimenti
1383 701 1501 747 manus
1511 685 1719 754 extenderes,

920 785 953 846 et
978 785 1129 860 placares
1145 785 1282 846 servitio
1297 785 1484 856 Dominum,
1510 800 1576 844 non
1596 784 1722 861 inJuria

920 895 1132 961 provocares.
1151 883 1216 943 Sed
1234 881 1378 944 uidimus
1393 882 1579 944 evidentem
1594 883 1626 944 16
1642 881 1722 943 dare

921 980 1107 1049 materiam,
1137 980 1171 1043 et
1202 980 1413 1042 manifestam
1446 995 1593 1052 causam,
1620 980 1722 1042 11611

848 1125 849 1128 1
922 1078 1149 1140 ulciscendum
1177 1077 1241 1140 1166
1265 1077 1395 1139 lacinus
1424 1077 1459 1138 in
1487 1078 1539 1150 te,
1570 1093 1609 1138 ac
1634 1078 1721 1150 1666,

439 1155 496 1250 IX

192 1313 247 1376 ..ld
269 1316 480 1376 7166161616
494 1316 728 1376 Commeatum.

372 1435 470 1510 18161.
488 1437 566 1494 tait.

97 1550 362 1620 111611611111166166
376 1550 550 1614 ecclesiastici,
559 1551 591 1602 ad
608 1564 669 1604 ann.
681 1549 742 1601 tali
752 1550 765 1616 1
776 1548 825 1612 11.]

71 1673 145 1730 Eum
172 1670 337 1729 exhortatur
362 1677 393 1728 ut
423 1669 594 1742 apostolicas
618 1667 703 1728 'Sedis
730 1669 867 1742 legatum,

103 1759 282 1818 cardinalem
297 1759 368 1817 tituli
379 1759 407 1817 S.
421 1757 567 1828 Praxedis,
579 1758 734 1831 captivum,
750 1757 869 1816 liberum

102 1857 131 1907 et
147 1849 267 1906 illaesum
283 1862 348 1905 oum
363 1847 423 1906 suis
437 1847 530 1905 redire
543 1847 696 1922 permittat.

108 1970 195 2029 Rem
208 1967 335 2038 duram,
359 1981 430 2028 rem
447 1978 607 2038 amaram,
624 1979 695 2028 rem
710 1955 873 2042 pernicio·
905 1939 909 1956 ⁴

67 2082 141 2126 sam
165 2065 329 2142 exemplo,
358 2073 427 2125 rem
452 2062 548 2126 multi
567 2053 731 2141 dispendii
758 2078 794 2123 66
818 2077 872 2136 ag-

66 2179 220 2239 gressus,
236 2161 412 2224 Dominum
427 2177 493 2224 161
510 2162 672 2234 metuens,
689 2154 872 2222 Ecclesiam

67 2261 291 2338 vilipendens,
317 2259 523 2337 contemptor
543 2257 657 2329 samae,
680 2259 780 2320 terrae
806 2259 872 2320 tuae

66 2357 213 2437 periculi
227 2373 294 2418 non
309 2357 472 2436 provisor.
488 2359 572 2420 Ecce
585 2355 779 2419 detestabile
790 2351 873 2417 iaci·

70 2465 148 2528 nus,
170 2455 259 2532 quod
275 2453 309 2515 in
331 2450 487 2516 dilectum
511 2453 615 2514 lilium
636 2451 788 2516 nostrum
806 2457 871 2515 1....

67 2547 871 2630 11111118.Ρ161161116116611161611,66111.Α.8.1..,

67 2659 192 2711 manus
208 2649 403 2712 temerarius
419 2643 613 2722 extendisti,
634 2665 700 2711 non
716 2653 874 2726 expaues-

66 2761 148 2810 cens
159 2757 237 2810 eum
254 2747 401 2808 detinere
410 2747 700 2824 captiuum.Porro
714 2745 874 2808 credeba-

65 2849 122 2908 tur
147 2846 324 2918 hactenus,
353 2845 438 2923 quod
465 2845 630 2923 sapientia
653 2847 810 2921 regnaret
838 2845 872 2906 in

64 2943 212 3013 GraeciS,
227 2940 284 3004 sed
307 2941 341 3003 tu
359 2957 423 3019 qua
439 2941 630 3003 maturitate
648 2941 792 3014 consilii,
808 2957 872 3019 qua

63 3040 283 3118 providentia
295 3039 437 3102 rationis
458 3039 491 3100 id
508 3039 628 3100 nedum
648 3039 874 3102 1161661116-

62 3155 142 3200 nem
158 3137 251 3210 l'acti,
267 3137 324 3198 6611
338 3137 438 3199 etiam
452 3135 486 3198 in
502 3136 775 3199 deliberationem
791 3153 872 3215 pro-

62 3236 170 3313 positi
203 3234 366 3296 deducere
394 3234 655 3313 praesumpsistil
688 3235 874 3298 Prudenter

60 3333 205 3410 quidem
230 3332 366 3409 egisses,
395 3331 424 3394 si
444 3347 677 3394 conservasses
698 3330 760 3394 tibi
776 3329 874 3394 lavo-

59 3447 135 3492 rem
155 3429 254 3492 Sedis
276 3430 875 3508 1166161166666116161,161116611-

58 3529 206 3608 quando
239 3527 461 3605 patrocinium
490 3528 590 3590 clarae
617 3525 786 3590 memoriae
813 3527 876 3589 1111·

58 3628 177 3701 chael,
197 3625 301 3689 irater
326 3627 414 3700 tuus,
432 3642 491 3705 pro
507 3627 550 3698 te,
568 3627 654 3689 sicut
666 3643 725 3705 pro
748 3643 784 3688 66
798 3625 872 3704 ipso

57 3739 123 3804 per
139 3725 313 3786 solemnes
327 3723 469 3786 nuncios
481 3724 671 3802 specialiter
686 3724 872 3786 invocavit:

57 3825 119 3885 sed
146 3839 231 3886 ecce
250 3838 348 3900 paras
361 3821 599 3893 aduersariam,
615 3838 714 3901 quam
735 3821 874 3884 deheres

55 3936 311 3999 recognoscere
335 3923 492 3993 matrem,
515 3921 548 3982 61
569 3921 604 3982 in
624 3936 665 3982 ea
697 3919 790 3980 illum
817 3919 874 3982 tibi

56 4020 215 4098 opponis
241 4019 457 4091 contrarium,
485 4019 541 4097 qui
563 4019 614 4080 est
626 4021 764 4095 Regum,
788 4019 821 4081 et
840 4017 874 4079 in

54 4135 174 4196 regno
191 4117 365 4179 hominum
380 4115 578 4180 dominator.
606 4119 694 4179 Sane
712 4109 783 4180 'non
802 4117 876 4178 erat

55 4217 176 4280 nostri
192 4215 354 4293 propositi
374 4213 435 4276 tibi
453 4231 492 4276 ac
513 4215 580 4277 tuis
602 4214 745 4293 aliquus
757 4215 875 4278 turba-

52 4315 172 4377 tionis
197 4312 308 4375 moliri
332 4313 517 4390 dispendia,
538 4312 595 4375 sed
610 4313 770 4386 dolemus,
792 4330 877 4393 quo-

55 4415 159 4474 niam
177 4413 217 4473 tu
229 4411 412 4489 compellis
429 4413 524 4473 Certe
540 4411 618 4489 quid
633 4410 711 4473 iacti
724 4411 874 4474 detesta-

52 4513 105 4574 tio
118 4509 833 4588 611611611166111116111666166611
847 4511 876 4571 16

52 4627 129 4671 11611
145 4607 293 4670 abstulit
304 4607 444 4690 rationis
451 4607 615 4686 judicium
628 4606 741 4668 uidere
751 4607 875 4685 poteris

50 4725 119 4784 per
136 4711 177 4768 16
197 4704 315 4782 ipsum.
333 4705 524 4778 Considera,
539 4705 714 4768 considera
729 4705 757 4767 si
773 4705 875 4766 Sedes

50 4803 263 4884 apostolica
285 4802 321 4864 in
336 4803 437 4864 tantae
453 4803 721 4882 presumptionis
737 4819 876 4866 excessu
907 4818 910 4823 ·

50 4918 209 4965 manum
225 4901 361 4964 ultionis
385 4902 554 4962 remittere
575 4900 703 4976 debeat,
732 4917 876 4979 praser-

49 5003 115 5064 tim
138 5016 251 5078 quum
265 4999 301 5060 in
316 4998 380 5066 isto
394 4999 527 5075 negotio
547 4999 694 5061 atrocem
715 4999 875 5077 iujuriam

48 5098 295 5178 persequatur
317 5097 388 5168 Dei,
415 5096 615 5159 universalis
644 5097 875 5171 Ecclesiaste

47 5199 169 5262 totius
190 5195 318 5257 ordinis
338 5195 515 5257 clericalis.

92 5300 238 5356 Verum
254 5294 281 5353 si
293 5291 476 5354 catholicus
491 5308 593 5364 esses,
608 5308 709 5371 opera
720 5291 874 5355 catholici

87 5429 138 5504 (1)
166 5428 273 5484 Petrus
292 5421 328 5482 de
349 5425 510 5493 courtenai,
530 5437 629 5482 eomes
644 5423 873 5482 hnhsaiodoren·

44 5504 104 5568 sis,
125 5495 221 5568 regis
236 5496 363 5553 Francia
385 5495 506 5567 Philippi
528 5495 651 5568 Augusti
676 5495 873 5566 consobrinus,

43 5575 180 5632 electus
199 5566 352 5650 imperator
374 5566 704 5649 Constantinopolitanus
718 5574 782 5640 post
797 5582 871 5624 mor-

43 5655 112 5703 tem
146 5638 284 5705 Heunci,
311 5653 397 5709 quum
424 5637 453 5694 in
480 5637 617 5695 Graeclam
639 5637 701 5706 iret,
721 5638 875 5696 comitante

41 5720 183 5800 1661116
215 5708 339 5792 11616616
362 5707 570 5838 66111.,16ἷ616,
591 5706 775 5766 6111661616
797 5711 875 5782 Epiri

41 5793 218 5864 principe,
245 5795 293 5852 qur
320 5793 494 5852 cognomina
516 5786 578 5838 atur
600 5779 744 5853 Angelus,
775 5788 876 5855 captus

224 5917 336 5962 1111161..
356 5917 430 5960 roua
449 5905 485 5962 ll.

922 1175 1229 1253 crucesignatorum
1251 1175 1419 1238 exercitus
1443 1175 1666 1248 convertatur,
1691 1177 1725 1237 et

923 1275 971 1336 sic
990 1275 1078 1337 ultro
1097 1275 1130 1336 te
1149 1271 1318 1353 periculis,
1337 1275 1369 1336 et
1382 1275 1506 1336 terram
1520 1275 1612 1335 tuam
1630 1273 1725 1334 dam-

923 1373 976 1434 nis
995 1373 1147 1450 exponis.
1173 1371 1235 1434 Sed
1263 1371 1375 1434 uideat
1403 1374 1501 1445 Deus,
1532 1371 1566 1433 et
1584 1371 1722 1448 judicet,

924 1470 1002 1552 quia
1017 1471 1237 1549 supersedere
1251 1487 1318 1532 non
1333 1485 1519 1549 possumus,
1539 1485 1600 1531 nec
1620 1469 1724 1530 dissi-

924 1569 1052 1633 mulare
1066 1568 1234 1641 debemus,
1256 1569 1336 1646 quin
1349 1585 1450 1646 super
1462 1569 1526 1630 hoc
1541 1569 1725 1630 excitemus

925 1666 1102 1728 aduersum
1126 1666 1274 1739 1616166,
1297 1667 1329 1728 et
1351 1667 1471 1738 tantos,
1489 1666 1575 1744 qtrod
1591 1666 1654 1728 6111
1665 1665 1727 1727 libi

925 1779 1001 1826 sera
1028 1765 1223 1842 poenitentia
1247 1765 1321 1842 post
1341 1765 1485 1825 ruinam.
1509 1767 1633 1826 Verum
1649 1763 1727 1842 quia

925 1863 960 1923 in
968 1861 1090 1924 talibus
1102 1861 1224 1924 bonum
1233 1862 1500 1924 commonitionis
1515 1862 1615 1924 Sedes
1625 1867 1727 1940 Apos-

926 1959 1027 2022 tolica
1036 1959 1239 2036 praemittere
1252 1975 1319 2022 non
1330 1959 1514 2034 consuevit,
1525 1977 1625 2038 quum
1635 1960 1727 2022 illius

926 2058 1043 2126 uicem.
1059 2058 1139 2120 licet
1153 2058 1321 2130 immeriti,
1334 2073 1489 2135 geramus
1500 2059 1656 2131 interris,
1670 2059 1727 2136 qui

927 2155 1111 2233 peccatoris
1127 2157 1248 2234 quaerit
1262 2156 1416 2229 reditum,
1433 2157 1466 2218 et
1478 2157 1645 2218 neminem
1657 2157 1729 2219 vult

926 2254 1047 2330 perire,
1064 2254 1215 2331 quamuis
1230 2269 1297 2316 non
1312 2253 1505 2316 exhibueris
1520 2271 1623 2331 opera
1646 2255 1726 2329 illii3

927 2367 987 2413 166
1002 2353 1113 2415 tamen
1128 2353 1437 2414 nolentesomittere
1449 2353 1534 2429 quod
1546 2355 1597 2414 est
1609 2354 1725 2429 patris,

928 2449 1083 2512 dilectum
1106 2449 1212 2510 tilium
1230 2450 1397 2511 andream
1420 2449 1670 2522 subdiaconum,
1697 2451 1730 2512 et

927 2546 1135 2624 capellanum
1144 2549 1295 2610 nostrum
1302 2548 1412 2608 uirum
1419 2547 1532 2624 utique
1541 2548 1727 2625 providum,

928 2645 961 2707 et
983 2643 1113 2706 iidelem
1138 2648 1276 2722 propter
1289 2645 1352 2707 hoc
1367 2645 1583 2718 destinantes
1602 2646 1729 2708 nobili-

927 2743 1028 2805 tatem
1041 2748 1132 2806 tuam
1147 2759 1330 2816 1161611116,
1347 2745 1382 2805 61
1393 2743 1610 2806 exhortamur
1621 2743 1656 2805 11
1670 2747 1730 2805 Do·

928 2841 1030 2914 mino,
1047 2841 1209 2918 quatenus
1224 2849 1467 2918 recognoscens
1484 2845 1586 2904 Deum
1601 2844 1733 2905 616616-

928 2955 999 3000 rem
1013 2939 1106 3000 tuum
1121 2940 1155 3001 61
1169 2942 1352 3002 Romanam
1366 2940 1565 3011 Ecclesiam,
1583 2957 1656 3019 1116
1671 2939 1732 3002 ubi

929 3053 1003 3098 esse
1032 3037 1163 3114 poterit,
1188 3037 1216 3098 si
1241 3053 1301 3115 per
1326 3040 1356 3100 to
1379 3054 1446 3099 non
1468 3039 1607 3112 steterit,
1624 3038 1732 3115 pluri-

928 3149 1017 3195 mum
1042 3133 1223 3207 fructuosa,
1251 3135 1444 3213 praedictum
1460 3136 1663 3198 cardinalem
1685 3137 1731 3198 li-

928 3231 1054 3305 berum,
1071 3234 1103 3294 et
1114 3232 1268 3303 illaesum,
1284 3249 1359 3295 cum
1374 3234 1444 3296 suis
1459 3235 1513 3297 vel
1528 3234 1639 3296 redire
1654 3251 1732 3312 per-

929 3329 1051 3404 mittas,
1068 3331 1104 3392 in
1116 3331 1180 3394 hoc
1194 3331 1265 3404 tihi,
1283 3347 1322 3394 ac
1336 3333 1403 3394 tuis
1418 3332 1596 3395 salubriter
1610 3334 1730 3410 provi·

928 3427 1047 3502 dendo,
1062 3433 1259 3508 cumjacere
1274 3425 1340 3492 ndu
1351 3431 1483 3503 debeas,
1502 3431 1558 3492 uhi
1570 3448 1614 3493 ne
1625 3431 1730 3495 cade·

928 3542 982 3588 166
1011 3528 1157 3589 metuere
1181 3527 1334 3600 debuisti,
1361 3529 1510 3606 alioquin
1534 3531 1594 3592 tibi
1613 3529 1729 3600 habes,

929 3624 1015 3701 quod
1030 3623 1182 3701 imputes
1200 3640 1297 3702 quem
1314 3625 1451 3688 monitio
1478 3643 1544 3687 non
1568 3627 1641 3688 sine
1665 3643 1730 3704 pa·

928 3722 1024 3782 terna
1048 3721 1304 3784 comminatione
1331 3725 1509 3802 praemunit
1529 3721 1588 3804 (l).
1612 3726 1730 3786 Daisun

930 3817 1112 3880 Ferentini.

1312 3963 1347 4050 X

929 4115 981 4176 Ad
999 4115 1173 4189 episcopos
1190 4117 1497 4191 perrumpentem
1515 4090 1729 4181 corrstttutos.

1233 4237 1332 4309 19161.
1349 4239 1428 4298 latr.

974 4348 1115 4414 [hiverani
1130 4350 1293 4418 spicilegium
1312 4352 1487 4408 hiberionem.
1502 4353 1558 4412 719,
1576 4367 1601 4404 1.
1619 4353 1649 4405 10
1661 4361 1687 4406 61

1256 4432 1405 4497 7111111]

931 4517 980 4575 Eis
997 4518 1123 4590 mandat,
1147 4528 1177 4577 ut
1192 4521 1252 4579 suis
1271 4519 1391 4578 subditis
1409 4520 1560 4581 inhibeant
1578 4539 1614 4580 ne
1630 4523 1731 4583 tratres

969 4607 997 4664 S.
1011 4606 1213 4666 bartholomei
1225 4607 1260 4666 de
1270 4609 1404 4678 Trisulto,
1413 4609 1602 4668 cartusiensis
1612 4611 1730 4684 ordinis,

966 4695 1013 4768 qul
1029 4704 1093 4769 post
1108 4696 1321 4770 susceptionem
1337 4695 1452 4754 habitus
1467 4704 1496 4754 et
1511 4696 1614 4756 tactam
1625 4699 1732 4773 proles·

966 4784 1078 4842 sionem
1094 4784 1130 4842 ab
1142 4785 1203 4860 ipsa
1217 4784 1365 4856 recedunt,
1377 4787 1525 4860 recipiant.

970 4903 1136 4964 Honorius
1149 4903 1323 4980 episcopus
1346 4920 1461 4965 servus
1477 4920 1648 4967 servorum
1671 4907 1731 4970 Dei

930 4999 1350 5062 venerabilibuslratribus
1369 5002 1533 5081 episcopis
1550 5020 1610 5081 per
1628 5007 1729 5066 Cam-

930 5098 1064 5174 paniam
1082 5098 1281 5173 constitutis,
1302 5099 1443 5164 salutem
1463 5102 1495 5163 et
1514 5103 1731 5180 apostolicam

929 5193 1205 5258 benedictionem.

969 5294 1089 5356 Dilecti
1103 5294 1164 5355 lilii
1184 5293 1305 5358 tratres
1315 5298 1423 5360 sancti
1437 5296 1672 5360 Bartholomaei
1688 5297 1729 5359 116

929 5430 983 5494 661,
999 5431 1028 5482 61
1041 5423 1075 5508 Ι16
1102 5425 1225 5484 vinculis
1238 5430 1386 5512 remansit.
1407 5428 1462 5512 Sed
1484 5435 1634 5524 postquam
1650 5444 1727 5514 mor3

930 5493 1061 5580 tpus'lurt
1072 5497 1182 5578 lffetrus,
1195 5500 1335 5556 loannem
1345 5500 1475 5557 liberavit
1490 5497 1664 5568 theodorus,
1679 5515 1728 5574 qur

929 5573 1068 5626 trmurtne
1080 5582 1110 5624 m
1122 5581 1153 5625 66
1167 5571 1530 5630 convertereturexercitus
1548 5573 1730 5646 6116661666-

929 5639 1259 5768 hegilinffirfioeomdientiam
1291 5641 1408 5716 insuper
1440 5641 1570 5716 promisit
1592 5644 1729 5703 Ecclesia

1492 5909 1572 5964 Δ16
