3936 6318
255 317 317 380 315

252 479 362 541 torum
376 471 478 546 venit,
495 469 551 550 qui
565 484 632 532 non
645 468 774 548 antiqui
786 469 892 532 bostis
906 468 1048 532 insidias

251 588 372 656 pessus
386 571 466 634 sit».
483 566 544 642 Qui
558 568 680 645 gaudet
694 583 768 632 cum
781 584 841 631 nos
860 567 1047 630 insidiando

250 671 386 750 decipit.
415 668 509 732 Unde
537 667 643 730 David
674 688 682 726 ι
715 671 780 734 Qui
806 668 970 731 tribulant
993 681 1049 728 mc

252 767 494 833 emuttabuntst
505 763 619 828 motus
632 767 743 840 tuero.
754 765 792 828 nt
806 764 921 827 beatus
930 765 1048 826 Petrus

252 883 313 928 nos
330 865 485 927 admonet
512 863 626 925 dicens
649 879 658 924 :
680 865 913 925 Adversarius
933 863 1050 946 vester

249 968 401 1027 diabotus
417 963 595 1036 tamquam
607 967 658 1023 teo
671 964 815 1038 rugiens
826 960 950 1022 circuit
961 974 1050 1034 nuce-

252 1077 336 1125 rens
356 1075 457 1135 quem
476 1060 616 1122 decoret
643 1055 673 1140 (l
697 1059 785 1120 Petr.
810 1075 842 1132 v,
863 1055 908 1138 8).
945 1059 984 1120 nt
1014 1058 1049 1119 in

252 1159 484 1223 Ecclesiastico
509 1156 649 1234 legimus
680 1173 689 1217 ;
717 1159 981 1228 liniamentum
1005 1158 1050 1217 ad

252 1257 459 1320 seruitutem
472 1259 546 1328 Dei,
562 1257 618 1317 ste
637 1255 674 1316 tn
689 1253 824 1327 timore,
841 1255 876 1316 ct
883 1269 1051 1330 praeparo

252 1358 410 1416 ontmcm
424 1355 521 1416 inuam
535 1355 579 1416 ad
594 1353 818 1415 tentationem
828 1349 942 1432 (Eccli.
954 1367 990 1424 11,
1004 1349 1049 1432 1).

253 1453 489 1515 Verumtamen
504 1449 533 1512 si
547 1467 608 1514 nos
630 1466 779 1513 essemus
805 1450 893 1512 firmi
916 1448 1049 1520 infide,

252 1549 446 1612 deberemus
464 1545 602 1610 multum
625 1547 782 1625 gaudere,
801 1547 933 1625 quando
953 1547 1051 1623 pate-

254 1664 368 1709 remur
376 1646 605 1719 tentationem,
622 1645 797 1708 sicutdicit
808 1643 1050 1708 beatustacob:

253 1748 392 1806 «Omne
418 1745 576 1821 gaudium
601 1743 790 1806 existimate
817 1742 949 1812 iratres,
977 1757 1051 1803 cnm

254 1859 273 1904 ιι
294 1841 479 1904 incideritis
500 1841 784 1914 intentationem,
809 1840 887 1919 quia
910 1856 977 1902 non
996 1855 1054 1902 co-

197 2009 202 2018 ,
253 1957 272 2002 ‹<
293 1938 467 2002 conabitur
481 1939 516 2000 in
531 1938 653 2012 tuturo,
672 1939 738 2000 nisi
754 1938 811 2017 qui
825 1937 972 2014 legitime
984 1952 1054 2000 cer·

254 2055 273 2100 c
294 2038 415 2100 taverit
426 2037 459 2100 in
472 2036 654 2114 praesenti»
668 2035 751 2116 (lac.
767 2051 790 2109 1,
802 2039 836 2112 23
853 2036 937 2098 Tim.
953 2051 989 2109 ιι,
1006 2031 1052 2116 5).

254 2135 349 2198 Unde
362 2135 442 2198 dicit
456 2134 708 2196 Ecclesiasticus
723 2151 732 2194 ε
755 2137 843 2196 Vasa
855 2135 951 2211 figuti
963 2147 1052 2209 pro-

254 2235 312 2296 bat
325 2237 466 2308 sornan,
479 2232 513 2294 ct
527 2232 768 2306 omucsjustos
783 2231 928 2294 tentatio
939 2232 1053 2293 tribu-

254 2332 394 2394 lationis
403 2327 519 2409 (Eccli.
530 2344 636 2402 xxvn,
646 2327 691 2408 6).
702 2327 795 2391 Sicut
806 2329 899 2391 calor
908 2327 1054 2392 fornacis

255 2425 390 2490 indurat
401 2442 482 2488 vasa
497 2425 612 2488 fictilia
627 2442 701 2505 quae
715 2426 809 2504 prius
821 2427 917 2489 erant
926 2427 1051 2500 mollia,

256 2524 303 2588 ita
316 2525 456 2588 tentatio
466 2523 690 2586 tribulationis
707 2525 880 2588 confirmat
893 2525 1002 2604 justos
1021 2525 1054 2587 et

256 2623 389 2686 sanctos
403 2623 542 2684 inomni
557 2621 698 2683 veritate
709 2622 860 2700 justitiae.

295 2720 345 2782 Ab
379 2719 506 2796 angelis
530 2719 676 2795 patimur
694 2720 891 2798 quandoque
917 2734 1052 2782 correc-

257 2818 377 2891 tiones,
394 2818 472 2895 quia
485 2815 565 2878 boni
579 2817 692 2894 angeli
706 2832 773 2878 non
787 2817 926 2896 possunt
941 2833 1055 2894 aequa-

722 309 899 374 HONORII
920 309 967 374 111
987 308 1137 372 OPERA.
1153 337 1191 356 ··
1207 308 1441 372 sandonus.

1831 307 1888 369 aio

1086 477 1190 531 'mam
1205 470 1316 544 aDeo,
1331 466 1389 548 gui
1412 467 1464 530 est
1485 465 1555 531 vita
1580 465 1723 543 animae3
1748 464 1824 543 quia
1839 467 1888 544 qni

1103 567 1182 631 tacit
1195 568 1378 646 peccatum,
1394 581 1512 630 servus
1527 565 1578 628 est
1592 563 1732 643 peccati,
1744 563 1833 626 etita
1845 567 1890 626 ιιι

1102 665 1229 728 divisus
1242 682 1262 728 a
1276 669 1355 729 Deo.
1377 664 1496 726 Frater
1509 678 1590 740 ergo
1602 662 1705 726 uadit
1717 661 1849 724 tratrem
1859 662 1889 724 in

1103 763 1253 834 mortem,
1278 761 1409 840 quando
1424 761 1627 826 christianus
1648 759 1777 821 seducit
1795 759 1889 820 cbris-

1103 861 1231 922 tianum
1261 860 1303 922 ad
1330 859 1550 938 iniquitatem.
1576 857 1669 920 Unde
1691 859 1835 920 ioannes
1862 857 1892 918 in

1103 957 1250 1034 Epistola
1266 979 1273 1018 ε
1291 959 1354 1026 Qui
1369 957 1597 1032 oditsratrcm
1609 969 1726 1027 suunt,
1736 957 1893 1017 bomiuda

1104 1056 1155 1118 est
1171 1053 1280 1134 (toan.
1295 1070 1347 1128 111,
1364 1053 1427 1134 15).

1146 1153 1302 1231 Sequitur
1319 1169 1327 1213 :
1343 1152 1646 1228 Oportctprimum
1658 1154 1730 1213 bac
1742 1151 1830 1223 ficri,
1841 1151 1894 1210 scd

1105 1256 1257 1315 noudum
1265 1252 1385 1314 statim
1394 1249 1617 1329 JtnistMattb.
1626 1249 1723 1322 xxiv,
1731 1247 1777 1329 6).
1785 1247 1893 1310 tribus

1106 1349 1269 1412 decausis
1294 1349 1382 1412 bella
1405 1351 1439 1410 et
1462 1348 1642 1410 seditiones
1665 1347 1795 1424 opertet
1817 1346 1893 1417 deri,

1105 1447 1260 1509 videlicet
1274 1446 1315 1508 ad
1328 1446 1570 1510 correctionem
1584 1445 1761 1519 malorum,
1774 1443 1815 1505 ιιι
1825 1459 1896 1521 pro-

1106 1545 1272 1607 bationem
1286 1544 1461 1614 bonorum,
1483 1544 1517 1606 ιι
1528 1544 1570 1606 ιιι
1585 1543 1808 1606 ostensionem
1823 1541 1897 1602 divi·

1108 1659 1225 1705 norum
1236 1642 1439 1720 judiciorum
1459 1658 1466 1703 :
1483 1641 1525 1704 ad
1538 1641 1779 1704 correctionem
1793 1638 1896 1700 malo-

1106 1755 1192 1812 rum,
1209 1741 1287 1818 paria
1310 1740 1446 1816 dignum
1462 1741 1512 1802 est
1527 1741 1563 1801 ut
1581 1738 1731 1816 perversi
1755 1736 1898 1798 homines

1108 1837 1164 1915 qui
1175 1837 1406 1899 indifferenter
1419 1838 1559 1915 peccant
1571 1837 1606 1898 in
1622 1834 1899 1912 omnihuspecca·

1107 1935 1167 2008 tis,
1204 1935 1353 2012 graviter
1388 1935 1586 2014 puniantur,
1625 1933 1704 2012 quia
1742 1932 1900 1994 modicum

1108 2032 1227 2095 curant
1252 2031 1293 2096 de
1321 2033 1517 2095 commissis.
1548 2031 1644 2096 Unde
1674 2029 1898 2108 Augustinus:

1108 2148 1126 2191 ιι
1140 2131 1280 2193 Peccata
1296 2131 1448 2208 quamvis
1462 2146 1582 2208 magne
1599 2130 1632 2192 et
1646 2129 1814 2192 horrenda
1828 2127 1900 2199 sini,

1108 2244 1183 2292 cum
1198 2230 1234 2292 in
1250 2230 1522 2292 consuetudinem
1543 2228 1709 2301 venerint,
1732 2227 1790 2290 aut
1803 2242 1901 2306 parra

1108 2327 1166 2390 aut
1188 2327 1281 2390 nulla
1302 2329 1483 2392 creduntur
1499 2346 1528 2390 a.
1555 2328 1613 2392 Isti
1642 2326 1729 2390 tales
1756 2326 1814 2405 qui
1839 2341 1900 2388 non

1108 2426 1336 2498 emendantur,
1353 2425 1430 2489 dum
1441 2425 1609 2490 Deusillos
1622 2423 1775 2502 expectat
1789 2423 1832 2486 ad
1841 2440 1903 2502 poe·

1108 2523 1293 2598 nitentium,
1319 2524 1530 2600 corrigantur
1551 2538 1610 2600 per
1635 2522 1778 2586 aliorum
1803 2520 1902 2582 mali-

1108 2621 1200 2694 tiam,
1210 2621 1334 2682 utmali
1347 2621 1404 2699 qui
1414 2622 1527 2684 vident
1537 2621 1643 2683 malos
1657 2619 1778 2699 perire,
1789 2618 1901 2680 saltem

1109 2719 1248 2780 timeant
1259 2718 1299 2780 de
1315 2720 1432 2782 morte.

1149 2819 1297 2890 Quatuor
1312 2818 1388 2878 sunt
1399 2815 1817 2895 quaeadjmanthominem
1832 2816 1903 2894 post

1109 2914 1258 2986 mortem,
1275 2913 1372 2986 idest,
1390 2913 1575 2976 oblationes
1590 2914 1811 2986 sacerdotum,
1835 2928 1905 2975 ora-

259 3012 503 3088 Undelegimus
518 3009 699 3073 indutibus
712 3011 955 3088 Apostolorum,
968 3011 1053 3090 quod
1109 3011 1216 3074 tiones
1243 3012 1422 3090 justorum,
1454 3011 1674 3090 eleemosyna
1714 3011 1904 3080 charorum,

257 3109 404 3172 Herodes
421 3109 556 3172 indutus
574 3109 668 3172 veste
683 3109 778 3188 regia
796 3108 1055 3172 concionabatur
1105 3109 1234 3188 jejunia
1249 3111 1443 3172 amicorum.
1458 3105 1528 3172 Nec
1541 3110 1607 3172 ista
1621 3110 1733 3173 tamen
1747 3110 1907 3186 adjuvant

257 3207 299 3270 ad
317 3207 485 3285 populum,
512 3207 546 3270 et
565 3207 707 3285 populus
727 3222 828 3270 voces
851 3207 911 3269 Dei
930 3208 963 3270 et
987 3223 1053 3269 non
1109 3210 1183 3286 post
1202 3209 1341 3271 mortem
1356 3224 1424 3281 eos,
1442 3209 1499 3286 qui
1514 3223 1580 3272 non
1599 3207 1635 3270 iu
1656 3207 1720 3270 hac
1740 3206 1809 3269 viia
1822 3223 1905 3286 pro-

256 3304 413 3377 nominis,
439 3303 534 3376 idesi,
559 3303 716 3367 laudabat
738 3320 813 3368 eum
833 3305 919 3367 sicut
937 3307 1053 3375 Deum,
1109 3307 1312 3369 meruerunt.
1329 3307 1503 3368 Orationes
1518 3321 1578 3384 pro
1597 3305 1695 3369 valde
1715 3305 1812 3368 bonis
1830 3322 1909 3382 gra-

257 3417 325 3464 nen
349 3401 434 3464 sicut
448 3400 628 3462 bominem.
652 3401 831 3464 Confestim
845 3403 956 3464 autem
972 3419 1053 3479 per·
1109 3404 1230 3466 tiarnm
1241 3403 1388 3468 actiones
1401 3405 1488 3477 sunt,
1501 3420 1561 3482 pro
1576 3402 1673 3467 valde
1684 3404 1782 3466 malis
1794 3419 1909 3466 conso·

255 3499 362 3586 cussit
389 3514 464 3560 eum
486 3499 624 3574 angelus
644 3499 788 3573 Domini,
812 3515 851 3561 eo
880 3499 966 3578 quod
988 3517 1053 3562 non
1109 3501 1251 3564 tationes
1273 3502 1477 3578 viventium;
1505 3517 1654 3579 pronon
1684 3501 1781 3564 valde
1809 3501 1908 3563 bonis

258 3597 404 3660 dedisset
428 3596 587 3659 bonorem
613 3599 693 3670 Deo,
733 3598 766 3660 et
793 3599 1053 3682 consumptusa
1109 3599 1362 3678 propitiationes
1385 3600 1473 3670 sunt,
1500 3616 1561 3678 pro
1590 3615 1657 3662 non
1685 3599 1782 3662 valde
1809 3600 1909 3662 malis

257 3695 425 3762 vermibus
439 3695 622 3772 expiravit
635 3696 685 3757 lta
701 3695 826 3758 iaciunt
839 3696 939 3760 bodie
960 3696 1054 3758 multi
1110 3697 1150 3760 ad
1175 3698 1238 3760 boc
1253 3697 1442 3775 proficiunt,
1473 3697 1510 3760 ut
1532 3697 1739 3760 tolerabilior
1762 3697 1822 3760 dat
1844 3697 1909 3760 ista

257 2915 393 2978 nimiter
407 2915 532 2987 videre,
547 2914 678 2992 quando
686 2916 790 2976 Deum
800 2914 1051 2976 contemnimus.

259 3795 316 3874 qui
325 3793 441 3857 volunt
454 3792 496 3856 ab
510 3792 700 3855 bominibus
715 3811 815 3872 snpra
831 3795 963 3858 modum
975 3795 1053 3858 lau·
1109 3795 1289 3858 damnatio.
1315 3794 1410 3860 Unde
1436 3795 1592 3856 Salomon
1609 3817 1616 3856 ε
1631 3795 1821 3858 Pestilente
1844 3797 1911 3868 tia-

259 3892 333 3954 dari
359 3892 392 3953 et
416 3891 581 3954 venerari.
608 3891 779 3969 stangan
807 3892 939 3970 quidem
967 3909 1055 3955 nnnc
1109 3895 1229 3969 aetate
1242 3893 1515 3969 sapientiorem
1524 3891 1819 3972 paremusffrou
1835 3910 1908 3967 nx,

259 3987 423 4052 sustinent
437 3987 602 4065 patienter
616 3989 750 4065 propter
763 3988 969 4051 voluntatem
982 3990 1052 4062 Dei,
1109 3987 1174 4069 25).
1189 3990 1366 4063 Paruulus,
1378 3989 1474 4061 idest,
1485 3989 1647 4066 insipiens
1655 3990 1719 4052 erit
1726 3990 1912 4068 sapientior

259 4084 316 4164 qui
336 4100 398 4146 nos
425 4084 577 4161 expectat
601 4083 643 4146 ad
675 4085 914 4162 paenitentiam,
938 4085 996 4148 sed
1020 4087 1055 4148 in
1110 4086 1266 4148 mulctato
1282 4085 1416 4148 homine
1430 4086 1616 4164 pestilente,
1634 4087 1712 4165 quia
1730 4104 1803 4150 cum
1818 4087 1912 4151 videt

259 4183 325 4243 iine
346 4181 468 4243 acriter
491 4181 707 4246 vindicabunt
729 4185 801 4259 ejus
829 4181 997 4260 inJuriam.
1020 4183 1055 4244 Si
1110 4183 1276 4244 bominem
1289 4184 1411 4260 perire,
1438 4185 1532 4247 timet
1545 4185 1617 4262 ipse
1640 4185 1679 4247 de
1699 4187 1804 4248 morte
1834 4203 1908 4248 sua.

258 4279 361 4357 igitur
376 4277 454 4341 boni
474 4294 597 4350 sumus,
613 4278 749 4356 angelos
767 4279 826 4341 Dei
841 4282 977 4357 pacatos
998 4280 1056 4342 ba·
1110 4280 1193 4352 Quia
1206 4280 1293 4343 sicut
1303 4280 1384 4343 dicit
1393 4281 1497 4344 David
1515 4303 1521 4342 :
1537 4285 1601 4350 Qut
1615 4283 1773 4357 nequiter
1787 4285 1909 4358 aburat,

257 4377 373 4439 bemus
385 4375 485 4438 cives.
499 4375 534 4437 Si
549 4377 659 4438 autem
674 4377 764 4450 mali,
783 4377 945 4440 suscitant
960 4378 1054 4440 nobis
1110 4378 1449 4452 catemninabuutur,
1495 4381 1553 4453 qut
1597 4393 1681 4440 vcro
1725 4380 1912 4453 expectaui

259 4475 450 4546 seditiones,
473 4473 550 4552 quia
562 4473 625 4552 ipsi
640 4479 717 4537 sunt
732 4474 855 4538 ultores
869 4475 939 4538 Dei.
961 4476 1055 4540 Unde
1109 4478 1231 4550 Deum,
1247 4479 1314 4550 ipsi
1328 4476 1530 4559 haereditate
1537 4478 1760 4551 possidebunt
1773 4477 1913 4540 terram

258 4573 362 4638 David
381 4589 388 4630 :
404 4573 449 4636 nt
464 4577 606 4649 angelus
621 4575 760 4634 Domini
773 4588 984 4647 persequens
997 4589 1055 4636 cos
1109 4569 1179 4652 (Ps.
1195 4575 1250 4646 36,
1267 4572 1312 4654 9).

259 4670 328 4753 (Ρι.
341 4674 391 4746 34,
414 4669 459 4750 6).
481 4671 573 4744 Quod
592 4669 676 4732 bene
695 4669 818 4734 sactum
845 4672 905 4744 est,
923 4672 1054 4749 quande
1148 4671 1198 4734 Ad
1220 4671 1448 4749 probationem
1467 4670 1639 4747 bonorum,
1659 4671 1737 4750 quia
1756 4672 1913 4736 homines

258 4772 396 4850 angelus
412 4769 576 4848 percussit
596 4767 631 4829 in
653 4785 720 4830 una
744 4768 841 4831 nocte
863 4768 903 4831 de
921 4769 1054 4849 Assyris
1109 4770 1259 4833 videntes
1270 4769 1374 4830 Belial
1388 4769 1539 4831 homines
1547 4769 1696 4843 interire,
1713 4769 1911 4848 probantur,

185 4929 189 4938 ,
259 4869 389 4929 centum
403 4866 569 4943 octoginta
584 4867 730 4944 quinque
745 4865 861 4927 millia.
1110 4866 1196 4929 idest
1209 4867 1394 4944 firmantur,
1416 4867 1452 4930 ut
1477 4868 1618 4944 diligant
1628 4867 1733 4930 aliam
1748 4869 1851 4931 vitam
1872 4870 1914 4931 in

298 4963 525 5024 Acbristianis
533 4963 677 5039 patimur
687 4963 908 5042 deceptiones,
922 4966 1054 5043 quando
1110 4964 1300 5027 totocorde.
1324 4967 1364 5028 Et
1384 4965 1469 5039 ideo,
1487 4967 1574 5029 sicut
1592 4966 1673 5029 dicit
1693 4966 1811 5030 beatus
1825 4971 1917 5030 Gre-

258 5076 319 5123 nos
352 5059 522 5138 decipiunt
549 5059 721 5124 invitando
760 5063 801 5125 ad
837 5064 1052 5141 peccandum.
1109 5063 1248 5140 gorius:
1275 5065 1378 5125 «Non
1397 5067 1448 5128 est
1469 5064 1652 5128 curandum
1678 5066 1764 5144 quod
1779 5065 1917 5130 accidat

259 5159 354 5223 Unde
378 5157 462 5218 bene
484 5155 604 5217 dicitur
625 5158 763 5238 mystice
788 5161 824 5222 in
846 5162 1052 5240 Evangelio:
1110 5162 1146 5224 ut
1160 5161 1311 5224 homines
1339 5163 1535 5236 moriantur,
1563 5163 1592 5226 si
1612 5163 1784 5226 moriendo
1804 5162 1915 5242 aliqui

259 5255 383 5321 Tradat
407 5255 524 5316 autem
546 5255 660 5329 frater
686 5258 837 5330 fratrem
867 5263 903 5322 tn
929 5262 1051 5332 morte,
1110 5259 1356 5336 corrigantur».
1373 5261 1420 5322 De
1434 5261 1498 5323 bac
1524 5262 1730 5324 correctione
1754 5261 1917 5326 admonet

256 5357 358 5431 puter
386 5355 496 5428 litium
519 5350 650 5430 (Mattb.
673 5369 707 5426 x,
732 5352 798 5434 21).
823 5357 956 5420 Fratres
978 5359 1055 5420 sunt
1108 5357 1392 5421 ieremiasdicens
1405 5379 1412 5418 ε
1425 5361 1597 5422 contritio
1610 5361 1916 5436 supercontritio-

257 5469 371 5518 omnes
404 5449 578 5513 christiani
606 5449 694 5512 inter
724 5467 770 5512 se.
799 5454 976 5518 Peccatum
1004 5457 1056 5518 est
1109 5470 1188 5517 nem
1203 5457 1324 5518 nocato
1334 5457 1386 5518 cst
1405 5457 1540 5535 (terem.
1556 5473 1601 5532 ιι,
1617 5457 1683 5538 20).
1698 5459 1799 5531 Quasi
1811 5457 1915 5521 dice-

258 5567 346 5614 mors
360 5548 492 5620 animae,
515 5548 605 5627 quia,
619 5548 705 5610 sicut
727 5565 817 5612 mors
832 5554 965 5630 separat
976 5554 1054 5616 ani·
1109 5554 1181 5615 ret:
1196 5555 1280 5616 Ecce
1292 5554 1384 5616 venit
1397 5554 1568 5620 tribulatio
1584 5557 1620 5618 ut
1632 5555 1784 5620 homines
1798 5558 1918 5621 conte-

257 5665 345 5711 mam
369 5661 388 5710 a
420 5661 532 5719 carne,
560 5646 607 5710 ita
630 5649 801 5724 peccatum
825 5649 958 5726 separat
977 5648 1053 5713 ani·
1108 5651 1236 5724 rantur,
1251 5651 1309 5715 sed
1321 5651 1441 5716 iterum
1457 5652 1668 5732 superveniet
1682 5653 1750 5718 alia
1761 5655 1796 5716 ut
1808 5654 1916 5720 citius
