3986 6304
278 339 319 400 aa
891 345 1069 408 uononn
1090 306 1135 406 111¹
1157 344 1304 407 ornan.
1864 351 1895 412 u

320 499 390 561 Etsi
403 500 591 577 Apostolica
608 499 709 563 Sedes
724 503 882 586 tanquam
899 505 955 583 pia
969 506 1076 568 mater
1129 521 1148 565 c
1169 502 1265 566 Unde
1279 518 1340 564 nos
1362 502 1419 580 qui
1435 502 1658 581 quorumlihet
1680 505 1734 584 pia
1755 504 1899 570 desideria

280 611 394 658 curam
413 597 507 673 gerat
521 599 554 661 ai
572 598 831 663 sollicitudinem
853 601 1071 678 singulorum.
1128 618 1148 662 c
1169 600 1311 679 quadam
1326 617 1428 662 manu
1441 600 1675 663 sollicitudinis
1689 603 1839 681 adjuvare
1858 606 1901 666 te-

279 692 406 756 devotis
420 695 586 773 praecipue
598 713 637 759 ac
652 697 841 762 domesticis
856 699 934 761 filiis
949 702 1074 763 mater·
1129 716 1148 759 ‹
1169 714 1298 768 nemun,
1315 699 1407 761 tanto
1434 699 1475 760 ad
1497 700 1729 777 conceptorum
1751 702 1902 764 executio-

278 805 332 852 nae
346 792 478 868 pietatis
501 795 663 870 gremium
689 797 862 861 consueuit
881 814 921 861 eo
941 799 1073 862 facilius
1128 813 1147 856 ‹
1168 812 1245 858 nem
1264 812 1322 858 eos
1344 796 1496 859 uolumus
1518 797 1669 874 diligenti
1689 798 1902 862 exhortatione

279 889 421 965 aperire,
439 907 504 968 quo
523 908 580 954 eos
595 894 659 955 sibi
674 895 817 957 assiduae
836 896 1073 960 familiaritatis
1127 911 1146 956 c
1168 893 1337 968 inducere,
1363 895 1396 958 et
1417 896 1610 968 annuendo,
1633 911 1707 974 quae
1741 896 1901 975 postulant,

279 985 397 1050 devota
424 989 560 1052 servitia
577 994 855 1057 recommendant.
871 997 951 1056 Cum
973 995 1075 1072 igitur
1127 991 1323 1062 «invitare,
1353 992 1477 1070 quanto
1507 993 1563 1070 pia
1595 992 1743 1067 exordia,
1779 995 1903 1072 quaeda

279 1084 419 1147 dilectus
432 1085 521 1148 lilius
531 1090 690 1166 magister
699 1093 783 1154 Otho
797 1093 939 1170 scriptor
948 1093 1071 1168 noster,
1127 1087 1255 1152 «bona
1286 1089 1472 1152 intentione
1511 1091 1705 1168 procedunt,
1732 1093 1902 1170 sperantur,

279 1183 461 1245 canonicus
475 1185 626 1248 ecclesiae
648 1190 767 1252 vesuae
788 1193 883 1266 grata
906 1190 1000 1254 vobis
1011 1193 1074 1269 ju·
1127 1186 1423 1249 «laudabiliorum
1451 1187 1543 1251 exitu
1568 1189 1803 1252 concludenda.
1834 1191 1904 1252 Iuda

279 1279 366 1356 giter
380 1282 550 1358 impendat
573 1281 741 1364 obsequia,
759 1289 792 1350 et
811 1305 878 1349 non
900 1289 1010 1350 minus
1025 1289 1074 1350 sic
1127 1302 1147 1346 c
1168 1286 1228 1359 est,
1245 1285 1329 1363 quod
1345 1286 1563 1348 intentionem
1577 1287 1704 1363 regiam
1723 1287 1826 1350 modis
1839 1303 1904 1350 om·

279 1377 400 1440 absens
416 1395 513 1457 quam
530 1397 676 1458 praesens
695 1386 803 1448 eidem
817 1387 967 1448 ecclesiae
981 1386 1074 1449 utili·
1128 1400 1147 1444 s
1168 1382 1265 1444 nibus
1292 1384 1572 1458 commendantes
1605 1385 1646 1446 de
1677 1385 1905 1463 amplificandis

278 1475 331 1537 ter
344 1475 515 1551 habeatur,
533 1481 785 1546 universitatem
798 1486 943 1547 vestram
957 1501 1075 1562 rogan·
1127 1498 1146 1543 c
1168 1481 1368 1543 Christianae
1381 1482 1555 1558 religionis
1575 1483 1739 1556 terminis,
1752 1485 1819 1563 jam
1837 1499 1906 1545 cou-

280 1571 357 1634 dam
383 1575 537 1638 duximus
570 1581 602 1644 et
633 1583 846 1656 monendam,
876 1600 936 1661 per
962 1587 1073 1661 hpos-
1128 1580 1296 1656 «ceptam
1315 1580 1351 1640 in
1377 1581 1571 1642 Placentina
1596 1581 1741 1654 civitate,
1763 1597 1856 1658 quam
1876 1581 1906 1640 in

279 1669 379 1734 tolica
391 1674 484 1736 vohis
497 1677 620 1754 scripta
627 1681 850 1758 praecipiendo
865 1682 1071 1756 mandantes,
1129 1677 1259 1740 «terra
1282 1693 1343 1755 per
1373 1678 1604 1740 strenuitatem
1632 1679 1723 1740 tuam
1754 1679 1794 1740 de
1819 1694 1906 1738 mauu

280 1771 443 1846 quatenus
459 1773 565 1835 eidem
581 1777 617 1837 in
639 1779 752 1840 nostro
774 1780 911 1842 servitio
928 1797 1075 1844 commo-
1128 1791 1147 1836 t
1168 1775 1439 1837 Hismaelitarum
1460 1775 1637 1855 adquisita,
1656 1775 1769 1838 divina
1782 1791 1906 1854 prospe·

280 1867 369 1938 ranti
390 1868 431 1930 ob
456 1875 677 1936 reverentiam
698 1878 897 1954 Apostolicaa
926 1878 1020 1941 Sedis
1042 1881 1075 1943 et
1128 1887 1147 1936 s
1167 1874 1264 1935 rante
1287 1873 1473 1946 clementia,
1497 1875 1673 1953 populasse
1704 1874 1905 1952 dignosceris,

280 1967 440 2040 nostram,
457 1971 629 2033 annuatim
654 1972 780 2037 fructus
803 1975 989 2053 praebendae
1004 1993 1073 2040 suae
1128 1987 1148 2031 s
1168 1971 1365 2034 auctoritate
1376 1971 1792 2052 Apostolieaepiscopalem
1807 1972 1908 2034 cathe-

280 2064 489 2142 mtegraliter
520 2069 709 2147 assignetis,
743 2073 986 2137 satisfacientes
1010 2074 1074 2136 sibi
1129 2068 1262 2130 adram
1275 2070 1702 2132 constituimus-Dioecesim
1715 2085 1840 2149 quoquo
1855 2069 1909 2129 ha·

280 2177 427 2238 congrue
441 2165 481 2226 de
496 2167 683 2243 subtractis,
696 2170 923 2236 nonobstante
934 2189 1076 2236 consue-
1128 2183 1147 2228 t
1168 2165 1308 2228 bendam
1326 2169 1424 2244 Juxta
1448 2168 1699 2245 dispositionem
1721 2167 1854 2244 regiam,
1873 2163 1908 2227 ah

279 2259 394 2322 tudine
409 2278 508 2339 quam
523 2281 624 2343 super
637 2268 700 2346 hoc
715 2271 829 2332 contra
844 2269 997 2333 absentes
1012 2287 1073 2333 ca·
1129 2281 1148 2324 ‹
1168 2263 1284 2326 eadem
1298 2265 1439 2326 ecclesia
1453 2266 1637 2329 cathedrali
1648 2265 1863 2337 decernimus,
1878 2265 1909 2324 ut

279 2357 419 2420 nonicos
442 2360 611 2425 intervos
637 2365 758 2428 dicitur
781 2383 973 2444 emanasse3
999 2386 1074 2431 cum
1128 2362 1269 2436 «villae,
1286 2362 1372 2424 sicut
1385 2363 1541 2440 praesenti
1556 2363 1679 2442 scripto
1700 2362 1907 2433 concluditur,

280 2453 463 2520 familiares
473 2461 579 2522 nostri
595 2478 658 2540 quo
673 2464 762 2526 circa
774 2481 835 2527 nos
848 2483 888 2528 se
903 2465 1076 2546 obsequia·
1128 2476 1147 2521 t
1168 2475 1242 2538 quae
1257 2476 1318 2522 sua
1339 2461 1417 2523 sunt
1431 2461 1463 2523 ei
1475 2461 1652 2538 largitione
1665 2478 1822 2525 concessa
1833 2459 1909 2521 dioe-

279 2551 330 2614 les
345 2555 503 2619 exhibent
518 2559 694 2634 universis,
714 2563 835 2625 minori
850 2580 918 2626 non
934 2565 1075 2627 debeant
1129 2573 1290 2620 (cesano
1314 2559 1392 2635 jure
1418 2558 1460 2620 ad
1490 2575 1565 2620 eam
1592 2561 1752 2637 perpetuo
1783 2557 1911 2621 debeant

280 2655 502 2730 praerogativa
523 2657 668 2732 gaudere
693 2677 792 2736 quam
815 2643 929 2724 vestra
949 2663 1074 2739 singuli
1129 2655 1336 2732 «Pertinere
1362 2672 1369 2711 ²
1394 2656 1585 2733 Turdellum
1612 2657 1757 2730 scilicet,
1788 2660 1821 2719 θῒ
1850 2657 1912 2717 ΜΘ·

281 2764 422 2825 quorum
433 2754 566 2828 negotia
576 2771 636 2832 per
647 2757 737 2833 ipsos
750 2759 872 2836 saepius
883 2775 1076 2838 promoven·
1129 2752 1341 2826 «delfinum,
1357 2753 1390 2815 el
1413 2755 1508 2815 MOHS
1536 2754 1718 2830 staffilum,
1744 2756 1777 2818 et
1802 2754 1911 2816 Sanit-

279 2845 346 2908 tur.
372 2851 577 2928 Praeceptum
596 2853 814 2930 apostolicum
834 2857 945 2919 taliter
956 2857 1076 2936 imple-
1129 2869 1148 2913 s
1169 2867 1253 2914 crux
1273 2867 1349 2913 cum
1370 2851 1522 2913 omnibus
1543 2852 1755 2930 pertinentiis
1776 2853 1854 2914 suis.
1877 2852 1913 2912 Ut

281 2943 360 3016 turi,
377 2947 606 3026 quodpropter
617 2951 680 3014 hoc
692 2951 786 3014 vobis
799 2953 913 3016 durius
929 2955 1074 3020 snubere
1129 2967 1148 3011 c
1168 2951 1279 3012 autem
1294 2949 1367 3012 haec
1385 2950 1557 3014 concessio
1580 2950 1701 3014 futuris
1722 2949 1912 3028 temporibus

280 3055 348 3102 non
362 3059 528 3121 cogamur.
541 3049 659 3111 Datum
673 3052 840 3126 Laterani,
854 3055 945 3117 XVII
959 3054 1075 3117 halen·
1129 3065 1148 3108 f
1168 3048 1302 3124 integra
1334 3047 1367 3110 ei
1395 3047 1523 3111 illibata
1551 3050 1722 3123 servetur,
1752 3050 1913 3112 statuimus

281 3138 340 3202 das
355 3141 551 3220 decembris,
569 3164 658 3211 anno
671 3149 789 3228 primo.
1129 3163 1148 3207 c
1170 3145 1206 3208 ut
1221 3146 1305 3206 nulli
1319 3145 1453 3208 omnino
1475 3146 1648 3210 hominum
1674 3146 1786 3219 liceat,
1811 3147 1869 3210 etc.
1885 3143 1914 3206 Si

1129 3261 1147 3304 «
1170 3243 1243 3322 quis
1259 3245 1458 3316 automata.

1169 3343 1278 3404 «Nos
1300 3341 1412 3420 igitur,
1438 3341 1690 3406 concessionem
1714 3343 1862 3406 eamdem
1880 3337 1913 3402 ad

630 3389 718 3479 LXI
1129 3455 1285 3518 «preces
1318 3439 1483 3502 carissimi
1514 3440 1550 3502 in
1574 3441 1706 3504 Christo
1736 3441 1799 3504 filii
1820 3435 1914 3502 nostri

1129 3554 1148 3598 c
1169 3537 1530 3611 Ferdinandi,illustris
1541 3539 1630 3615 regis
1646 3539 1809 3610 castellae,
1817 3537 1916 3600 aucto

1129 3654 1148 3699 ‹
1168 3636 1267 3699 ritate
1279 3635 1468 3715 Apostolica
1481 3636 1726 3710 confirmamus,
1742 3637 1775 3699 et
1784 3648 1915 3714 praesen-

569 3717 602 3775 ffi
617 3734 684 3778 ΠΟΥ·
706 3720 784 3780 1²¹⁶·
1129 3751 1148 3795 c
1168 3735 1212 3798 tis
1230 3733 1345 3811 scripti
1360 3732 1544 3811 patrocinio
1560 3735 1815 3796 communimus.
1833 3728 1915 3794 Nulli

278 3869 280 3872 -
383 3841 547 3904 menander,
561 3843 674 3895 historia
687 3844 720 3895 de
732 3844 870 3910 Phanota,
880 3861 906 3912 p.
916 3845 975 3910 th]
1129 3849 1148 3892 s
1170 3848 1249 3910 ergo
1265 3833 1399 3894 omnino
1414 3831 1588 3894 hominum
1608 3832 1710 3895 liceat
1734 3832 1822 3894 hanc
1835 3827 1916 3908 pagi·

1129 3945 1247 3991 «nam
1278 3930 1401 3992 nostrae
1434 3928 1694 3993 confirmationis
1729 3929 1914 4004 infringere,

1129 4044 1148 4087 s
1169 4027 1222 4089 uel
1246 4027 1278 4088 ei
1293 4043 1378 4089 ausu
1398 4028 1576 4089 temerario
1599 4028 1778 4090 contraire.
1796 4027 1831 4090 Si
1852 4023 1916 4102 quis

301 3601 353 3662 Ad
366 3603 585 3666 dominicum
593 3607 789 3700 episcopum
801 3609 1055 3671 Placentinum.

279 3983 421 4057 Episcopo
435 3987 601 4045 Placentino
619 3991 756 4048 eudesias
769 3990 805 4048 de
821 3991 905 4065 Bejar
928 4000 957 4051 et
971 3995 1006 4053 de
1016 4005 1073 4055 ter·

504 4091 590 4134 mmm
609 4093 668 4136 ⁸⁰¹⁸
684 4080 844 4138 ⁰⁰¹¹f¹¹¹¹¹⁸t'
1129 4141 1149 4185 c
1169 4125 1282 4189 autem
1296 4125 1359 4187 hoc
1380 4126 1545 4188 attentare
1561 4127 1822 4204 praesumpserit,
1839 4121 1918 4184 indi-

319 4217 487 4280 Honorius
496 4221 680 4300 episcopus,
693 4239 809 4286 servus
818 4241 991 4288 serrorum
1003 4230 1074 4298 Dei,
1130 4221 1362 4296 sanationem
1383 4224 1618 4301 omnipotentis
1644 4223 1714 4296 Dei,
1741 4226 1775 4286 et
1808 4221 1916 4282 heato-

279 4314 465 4377 uanerabili
483 4315 579 4380 fratri
598 4321 770 4383 Dominico
795 4321 960 4400 episcopo,
978 4325 1011 4386 et
1024 4324 1077 4386 di·
1130 4334 1149 4377 f
1169 4333 1243 4378 rum
1257 4321 1481 4397 apostolorum
1494 4323 1566 4398 ejus
1577 4323 1611 4382 S.
1628 4321 1719 4384 Petri
1735 4322 1815 4384 ets.
1829 4315 1917 4380 Pauli

279 4407 374 4474 lectis
400 4413 479 4476 filiis
508 4416 645 4494 capituli
659 4418 857 4492 Placentini,
878 4419 1020 4482 salutem
1044 4421 1077 4483 et
1130 4431 1148 4475 <<
1170 4431 1206 4476 se
1220 4416 1350 4478 noverit
1362 4418 1585 4480 incursurum.
1600 4419 1674 4480 Dat.
1690 4417 1858 4485 Laterani,
1871 4413 1917 4474 db

279 4510 496 4587 apostolicam
510 4512 786 4577 benedictionem.
1130 4513 1255 4576 sclmo
1277 4517 1393 4577 octavo
1417 4515 1579 4578 kalendas
1604 4515 1801 4589 decembris,
1819 4510 1918 4593 ponti-

320 4609 358 4670 In
389 4611 530 4686 regestis
557 4611 664 4674 felicis
699 4612 868 4674 memoriae
897 4612 1076 4675 Clementis
1130 4609 1287 4672 ‹dcatus
1302 4612 1408 4674 nostri
1422 4629 1511 4675 anno
1526 4613 1687 4692 quinto.»

279 4722 373 4785 papae
395 4707 652 4785 praedecessoris
670 4709 775 4774 nostri
797 4709 926 4771 litteras
938 4709 1075 4773 inueni·
1171 4707 1251 4768 Cum
1267 4708 1395 4770 anobis
1416 4711 1552 4788 petitur,
1569 4712 1656 4788 quod
1678 4713 1807 4790 justum
1831 4707 1878 4771 est
1891 4705 1919 4766 et

279 4823 353 4867 mus
369 4806 404 4867 in
419 4807 510 4868 hunc
523 4808 655 4868 modum
673 4829 680 4868 ;
1131 4799 1317 4870 honestum,
1333 4800 1401 4862 tam
1421 4801 1517 4879 vigor
1539 4803 1716 4890 aequitatis,
1733 4819 1833 4881 quam
1846 4795 1918 4863 oddo

319 4903 513 4963 «Clemens
537 4905 723 4981 episcopus,
756 4920 872 4966 servus
904 4919 1076 4966 servorum
1132 4894 1236 4969 exigit
1261 4895 1411 4970 rationiS,
1448 4902 1484 4961 tlt
1515 4901 1549 4962 id
1581 4916 1642 4978 per
1669 4899 1918 4963 sollicitudinem

280 5015 299 5060 ‹
320 4999 392 5067 Dei,
404 5001 576 5060 carissimo
595 5001 630 5060 in
648 5001 777 5063 Christo
790 5003 859 5064 illio
869 5000 993 5063 illustri
1005 5003 1077 5076 regi
1132 4991 1234 5052 Officii
1256 4992 1360 5054 nostri
1382 4995 1424 5055 ad
1442 4996 1587 5059 debitum
1610 4999 1813 5076 perducatur
1827 4995 1920 5060 effec-

280 5096 472 5158 ‹Castellae
498 5096 680 5173 Alpheuso,
701 5099 896 5160 salutemet
917 5098 1078 5175 apostoli·
1132 5087 1211 5148 tum·
1242 5090 1447 5168 Quapropter
1484 5096 1686 5164 venerabilis
1721 5097 1757 5159 in
1797 5091 1919 5156 ChriSiO

280 5212 299 5256 a
322 5209 395 5256 cam
410 5191 686 5254 benedictionem.
1133 5183 1245 5256 frater,
1255 5185 1322 5245 tuis
1333 5188 1434 5263 justis
1448 5193 1729 5266 postulationihus
1742 5195 1837 5272 grato
1852 5203 1920 5252 con·

320 5295 452 5354 «Tunc
487 5289 547 5352 Dei
578 5288 822 5366 beneplacitum
855 5291 891 5352 in
924 5291 1078 5352 humanis
1134 5282 1303 5343 currentes
1319 5298 1470 5359 assensu,
1490 5287 1531 5350 de
1551 5293 1661 5369 Bejar,
1678 5293 1712 5354 et
1723 5292 1763 5354 de
1777 5286 1919 5354 terminis

281 5390 477 5468 «impletur
501 5386 641 5458 actibus,
665 5402 740 5448 cum
769 5387 870 5448 corda
890 5388 1080 5465 principum
1133 5377 1199 5438 tuis
1210 5379 1377 5454 ecclesias,
1389 5383 1573 5461 sicutjuste
1586 5389 1747 5468 possides,
1760 5392 1793 5452 et
1805 5388 1918 5467 quiete,

281 5507 300 5552 ‹
322 5487 442 5550 adhoc
465 5483 688 5564 conspicimus
713 5483 839 5544 viribus
864 5485 943 5545 totis
966 5484 1080 5544 inten—
1134 5473 1331 5538 auctoritate
1347 5479 1408 5540 libi
1424 5482 1614 5558 Apostolica
1634 5488 1877 5556 confirmamus,
1892 5484 1921 5543 et

282 5579 411 5659 «dare,
436 5585 472 5646 ut
486 5585 594 5648 cultus
616 5578 726 5644 divini
748 5579 894 5640 nominis
909 5579 1077 5651 dilatetur,
1134 5572 1308 5645 praesentis
1334 5575 1448 5653 scripti
1470 5581 1655 5656 patrocinio
1675 5585 1918 5647 communimus.

282 5688 356 5750 «et
379 5683 506 5748 inimici
544 5681 620 5746 fidei
653 5677 824 5743 catholicae
852 5676 1077 5738 conterantur.
1134 5665 1226 5728 Nulli
1251 5683 1329 5747 ergo
1356 5675 1490 5740 omnino
1515 5677 1688 5748 hominum
1714 5683 1814 5750 liceat
1842 5683 1920 5745 hanc
