3988 6308
700 361 918 422 EPISTOLAE
940 363 1018 424 LIB.
1043 367 1067 424 Ι.

397 529 512 616 dcxl

154 737 200 797 nd
223 736 458 796 Wlodlslocum
470 738 589 796 6116611
603 737 644 796 de
658 737 763 796 Ketis.

354 882 455 940 916111.
478 884 557 942 1217.

138 989 563 1055 [1161161.1161111611·16Ρ6161116,
576 995 596 1041 1.
607 989 663 1056 ip.
676 991 698 1049 l,
712 1001 739 1042 n·
751 991 785 1058 1.]

83 1145 213 1208 1611111111
221 1144 456 1216 compositionem
470 1144 549 1218 pacis
564 1143 851 1204 interWlodislavum

194 1233 227 1290 de
241 1232 321 1290 llalis
332 1239 361 1290 et
370 1232 579 1292 wladislavum
591 1232 725 1292 Polouia.

112 1377 263 1441 Honorius
299 1377 493 1456 episcopus,
529 1393 645 1440 seruus
681 1393 852 1442 serrorum

80 1478 137 1550 bei,
148 1476 259 1538 dilecto
270 1475 340 1537 illio
353 1475 458 1537 nobili
471 1476 544 1538 viro
556 1476 763 1539 Wlodislavo
777 1477 852 1540 duci

81 1575 112 1636 de
125 1575 220 1647 llalis,
245 1573 387 1636 salutem
411 1575 444 1636 et
462 1574 679 1651 apostolicam
693 1574 853 1636 benedic-

79 1673 192 1733 tionem.

112 1773 180 1831 Cum
227 1770 320 1831 illius
360 1769 439 1832 licet
481 1770 638 1834 immeriti
681 1774 853 1835 teneamus

81 1865 196 1946 (locum)
212 1868 246 1928 in
261 1868 373 1939 terris,
391 1869 447 1946 qui
460 1884 526 1930 non
542 1869 592 1930 est
605 1869 764 1931 Dominus
779 1869 851 1930 dis-

80 1965 236 2038 sensionis,
253 1965 312 2026 sed
328 1967 431 2044 pacis,
448 1966 488 2027 ad
501 1981 551 2039 ea,
567 1983 639 2046 quae
652 1967 743 2045 pacis
764 1968 851 2040 sunt,

78 2061 200 2124 libenter
218 2063 434 2135 intendimus,
461 2067 494 2126 et
512 2079 640 2142 preces,
660 2081 733 2142 quae
757 2065 852 2126 nobis

77 2162 293 2236 proserpendo
315 2161 407 2240 pacis
421 2160 544 2224 foedere
559 2163 785 2243 porriguntur,
805 2162 852 2223 li-

78 2257 175 2318 161161
196 2259 411 2331 intendimus,
436 2263 469 2320 et
488 2259 604 2321 libenti
619 2261 730 2321 animo
746 2277 854 2322 erraum

77 2353 175 2416 dimus.
199 2357 402 2436 llapropter,
426 2356 544 2419 dilecte
572 2357 608 2418 in
628 2358 767 2420 Domino
792 2358 850 2430 iili,

77 2453 129 2512 tuis
137 2454 228 2530 justis
242 2453 525 2532 postulationibus
537 2455 701 2528 inclinati,
719 2471 854 2534 compo-

76 2549 209 2612 sitionem
225 2553 331 2630 pacis
353 2569 426 2630 quae
441 2553 529 2614 inter
542 2553 575 2614 16
588 2569 627 2614 66
642 2553 787 2614 nobilem
806 2553 854 2618 11-

76 2662 135 2708 111
144 2650 383 2711 Wlodislavum
393 2651 510 2711 ducem
528 2651 686 2722 Poloniae,
698 2651 852 2732 patruum

75 2743 160 2818 11111,
186 2747 411 2810 amicabiliter
437 2748 632 2820 intervenit,
663 2749 750 2811 sicut
781 2749 853 2810 sine

74 2844 217 2918 pravitate
234 2846 376 2924 provide
400 2845 487 2908 iacta
514 2847 575 2918 est,
599 2848 632 2910 et
654 2846 695 2907 ab
714 2847 852 2924 utraque

75 2941 153 3014 parte
166 2945 278 3020 sponte
294 2944 443 3020 recepta,
461 2943 494 3005 et
505 2945 696 3022 ⁸juramento
710 2944 851 3017 firmata,

74 3038 101 3096 et
118 3038 147 3098 in
164 3041 291 3116 publico
321 3042 541 3104 instrumento
561 3042 681 3103 exinde
705 3042 853 3105 consecto

72 3133 182 3210 plenius
195 3139 338 3208 debetur
352 3139 526 3211 contineri,
542 3140 738 3201 auctoritate
753 3143 854 3218 Apos-

72 3231 155 3295 tolica
187 3239 437 3310 confirmamus,
469 3237 501 3298 et
535 3237 709 3314 praesentis
739 3237 854 3315 scripti

72 3333 237 3407 patrocinio
268 3335 528 3397 communimus,
548 3335 639 3395 Nulli
659 3351 749 3411 erge,
777 3335 852 3410 etc,

73 3431 177 3492 nostrae
210 3433 488 3504 confirmationis,
523 3432 585 3493 etc.
621 3433 656 3493 Si
691 3434 765 3510 quis
793 3451 855 3494 au-

72 3529 135 3600 tam,
148 3531 204 3592 etc.
220 3533 343 3593 Datum
360 3530 526 3602 Laterani,
543 3533 572 3592 V
592 3530 665 3591 idus
680 3530 852 3604 februarii,

72 3627 262 3700 pontificatus
278 3628 388 3692 nostri
403 3643 491 3689 anno
506 3627 624 3706 primo.

390 3843 526 3930 CCXII

70 4021 273 4096 1111161611
290 4028 325 4087 S.
349 4024 506 4095 Victoris,
523 4023 855 4085 616116661116161161

100 4123 303 4196 otoptstrum
315 4125 355 4184 a,
366 4123 407 4188 dc
417 4124 535 4184 1161116
542 4123 744 4184 sorbonicum
757 4125 856 4188 Parl-

100 4217 252 4282 61616611,

354 4368 457 4428 916111.
475 4369 554 4427 lili.

104 4491 205 4557 [liegest.
217 4495 264 4546 lib.
276 4495 298 4554 l,
311 4493 389 4559 epist.
403 4493 458 4543 130.
467 4496 524 4546 1166.
537 4493 573 4543 La
582 4492 659 4543 Porta
669 4493 703 4543 du
714 4493 808 4556 rhein]

1641 383 1701 454 202

905 521 1009 584 tentia
1022 525 1223 603 puniendus;
1241 531 1361 608 quippe
1376 548 1451 598 cum
1466 549 1563 598 omne
1582 538 1699 600 uitium

905 619 997 682 tanto
1024 625 1232 700 conspectius
1264 627 1387 692 habeat
1417 631 1453 694 in
1485 649 1521 694 se
1553 635 1698 710 crimen,

907 721 1028 796 quanto
1047 724 1155 799 major
1176 739 1249 785 6666
1274 727 1423 790 16661111
1441 731 1481 802 16,
1499 731 1554 809 qui
1574 737 1698 810 peccat,

907 817 940 879 et
954 815 994 878 ab
1010 833 1060 891 eo,
1080 821 1133 885 cui
1154 821 1229 898 plus
1251 826 1475 900 committitur,
1502 829 1575 906 plus
1600 833 1701 895 etiam

907 915 1071 991 exigatur.
1097 917 1263 982 Minorum
1288 923 1420 998 quidem
1449 927 1480 988 et
1505 927 1540 988 in
1560 929 1700 993 obscuro

906 1011 1008 1075 vitam
1032 1016 1201 1090 agentium
1225 1021 1428 1095 perversitas
1459 1025 1568 1086 minus
1592 1031 1699 1102 nocet,

907 1111 985 1188 quia
997 1128 1072 1175 cum
1086 1114 1208 1190 ignotis
1223 1115 1398 1192 ignoratur
1412 1123 1446 1183 et
1459 1124 1572 1200 culpa,
1589 1127 1646 1186 sed
1662 1143 1701 1188 ea

906 1208 988 1272 vitia
1014 1226 1087 1287 quae
1116 1212 1258 1276 subeunt
1278 1217 1407 1293 magnis
1429 1221 1597 1284 actoribus
1623 1225 1701 1286 nota

907 1323 981 1371 cum
995 1307 1077 1386 ipsis
1091 1308 1189 1373 166116
1206 1318 1423 1392 corrumpunt
1442 1317 1537 1398 alio-s,
1554 1320 1587 1381 61
1606 1322 1703 1384 1161-

908 1408 1005 1467 seunt
1023 1407 1059 1468 in
1085 1409 1274 1486 exemplum
1288 1411 1429 1475 subditis
1444 1431 1485 1481 ea
1505 1415 1617 1479 iacere
1636 1435 1702 1482 non

907 1504 1096 1566 verentibus
1112 1523 1186 1585 quae
1200 1508 1273 1570 lieri
1287 1512 1527 1589 conspiciunta
1542 1517 1701 1592 praelatis.

907 1601 992 1662 Hinc
1007 1603 1067 1674 est,
1085 1605 1170 1681 quod
1186 1605 1384 1668 infatuatum
1396 1610 1446 1670 sal
1461 1613 1703 1689 projiciendum

907 1700 1103 1777 etpedibus
1131 1703 1393 1767 conculcandum
1421 1709 1600 1787 asseritur;
1625 1711 1704 1774 hinc

908 1797 1055 1875 estquod
1068 1799 1190 1861 divinae
1202 1803 1381 1884 scripturae
1392 1806 1572 1869 auctoritas
1585 1809 1703 1872 durum

907 1895 960 1955 his
974 1896 1030 1972 qui
1045 1897 1194 1974 praesunt
1203 1899 1366 1976 judicium
1389 1904 1620 1978 comminatur,
1647 1908 1702 1986 qui

908 1994 987 2070 quot
1015 1993 1210 2070 perditionis
1232 1999 1384 2075 exempla
1410 2001 1638 2065 transmittunt
1661 2005 1703 2065 ad

908 2090 1002 2162 alios,
1019 2092 1067 2153 tot
1088 2091 1219 2168 quidem
1245 2096 1351 2172 poenis
1376 2096 1556 2176 suinciunt
1577 2103 1703 2163 semet-

908 2187 1008 2265 ipsos.
1029 2191 1224 2266 specialiter
1249 2193 1358 2256 autem
1378 2194 1412 2256 hi
1437 2196 1494 2274 qui
1518 2201 1625 2276 majus
1645 2200 1705 2261 do-

908 2302 986 2350 num
1001 2300 1160 2364 accepere
1173 2289 1332 2364 scientiae,
1346 2293 1460 2368 procul
1472 2293 1571 2356 dubio
1584 2297 1703 2374 maj0ri

908 2383 1080 2462 subjacent
1094 2385 1198 2462 culpae
1219 2387 1247 2447 si
1270 2373 1336 2448 non
1357 2389 1583 2463 glorificantes
1599 2396 1703 2454 Deum

908 2482 965 2556 qui
989 2482 1203 2544 scientiarum
1225 2485 1275 2546 est
1298 2485 1469 2562 Dominus,
1500 2488 1557 2550 sed
1579 2489 1615 2550 in
1633 2489 1703 2551 suis

908 2578 1162 2654 cogitationibus
1190 2581 1224 2642 et
1257 2582 1442 2650 actionibus
1474 2589 1700 2660 vanescentes,

907 2675 1031 2741 faciant
1046 2694 1085 2739 ea
1096 2695 1169 2754 quae
1185 2695 1393 2758 nequaquam
1411 2685 1623 2757 conveniunt,
1651 2687 1703 2746 si-

908 2775 963 2836 cut
986 2773 1133 2838 dolentes
1158 2776 1346 2838 audivimus
1379 2778 1419 2840 de
1452 2781 1704 2861 archiepiscopo

908 2872 1101 2945 memorato,
1125 2875 1181 2951 qui
1203 2890 1278 2936 cum
1293 2876 1336 2938 sit
1352 2877 1405 2937 111
1429 2880 1525 2940 aetate
1541 2882 1702 2954 maturus,

908 2970 1025 3046 plenus
1040 2971 1191 3044 scientia,
1203 2972 1236 3033 61
1245 2973 1405 3050 praeditus
1415 2975 1586 3052 dignitate,
1602 2993 1704 3056 quare

908 3068 993 3130 sicut
1007 3069 1143 3132 lucerna
1156 3070 1263 3147 posita
1276 3085 1376 3148 super
1388 3073 1627 3136 candelabrum
1641 3075 1703 3136 de-

908 3165 1066 3228 16161116
1082 3167 1138 3244 qui
1152 3165 1187 3227 in
1202 3167 1298 3228 domo
1316 3169 1392 3232 sunt
1404 3170 1516 3233 lucere
1530 3189 1591 3249 per
1604 3175 1705 3235 rectas

909 3264 1111 3341 operationis
1126 3264 1325 3342 exemplum,
1340 3268 1373 3329 61
1391 3267 1477 3330 sicut
1489 3285 1578 3346 saepe
1593 3269 1706 3332 docuit

909 3377 945 3422 se
967 3363 1156 3438 operarium
1171 3361 1438 3426 inconfusibilem
1455 3367 1627 3440 exhibere,
1645 3385 1706 3430 nec

908 3459 1146 3535 transgressor,
1161 3462 1197 3521 ut
1211 3460 1343 3534 dicitur,
1366 3463 1505 3524 Concilii
1524 3465 1703 3540 generalis,

908 3557 944 3617 in
968 3573 1032 3634 quo
1054 3556 1126 3630 luit,
1152 3559 1225 3634 ipso
1248 3561 1413 3635 prasente
1434 3563 1468 3622 et
1488 3562 1703 3638 approbante,

909 3654 1083 3726 sancitum,
1110 3655 1147 3715 111
1174 3656 1321 3733 episcopi
1345 3655 1430 3718 tales
1456 3658 1497 3718 ad
1523 3659 1705 3721 ecclesias-

909 3752 1218 3829 ticaspromcveant
1229 3752 1418 3828 dignitates,
1429 3754 1706 3832 quicommissum

910 3848 973 3909 sibi
988 3849 1134 3910 6111611111
1154 3849 1253 3926 digne
1268 3851 1403 3914 valeant
1418 3851 1611 3930 adimplere,
1634 3856 1708 3916 cui-

910 3946 985 4007 dam
1000 3946 1203 4032 adolescenti
1223 3947 1323 4010 etiam
1338 3949 1521 4011 minoribus
1535 3949 1707 4014 beneficiis

910 4043 995 4107 sicut
1008 4044 1115 4106 fertur
1127 4043 1277 4121 indigno,
1301 4046 1606 4111 archidiaconatum
1621 4066 1706 4112 con-

909 4143 986 4207 tulit
1003 4145 1168 4206 8616161.
1194 4143 1311 4223 quibus
1328 4147 1575 4223 parochialibus
1598 4150 1708 4211 eccle·

911 4243 970 4303 siis
989 4243 1208 4304 nihilominus
1228 4243 1425 4321 quibusdam
1440 4246 1707 4310 adolescentibus

910 4340 1100 4416 assignatis,
1121 4357 1189 4403 non
1208 4340 1331 4422 absque
1351 4342 1448 4404 lamae
1475 4360 1544 4406 suae
1566 4345 1705 4422 dispen-

911 4437 976 4511 dio,
1000 4439 1033 4500 61
1054 4439 1210 4501 scandalo
1239 4440 1392 4501 aliorum.
1423 4442 1579 4504 volentes
1603 4444 1707 4520 igitur

910 4538 1002 4600 tanto
1028 4537 1177 4600 severius
1202 4539 1370 4614 corrigere
1397 4539 1485 4600 hunc
1511 4555 1704 4614 excessum,

69 4622 256 4698 Mandatum
273 4628 510 4702 archiepiscopus
530 4626 714 4699 senonensis,
726 4643 857 4704 personat
911 4636 1033 4712 quanto
1057 4635 1151 4696 illum
1173 4637 1364 4698 excedentis
1388 4636 1570 4698 auctoritas
1595 4639 1706 4715 posset

96 4714 159 4774 inira
173 4719 341 4793 legitimam
363 4724 476 4774 etatem
492 4718 627 4778 61111116
646 4716 742 4791 dignm
761 4717 854 4776 archi·
910 4733 1183 4810 perniciosiorem
1198 4734 1336 4795 reddere
1357 4749 1417 4810 por
1429 4735 1628 4811 exemplum,
1646 4752 1706 4813 per

94 4801 270 4866 diaconatum
295 4810 495 4866 senonensem
515 4807 668 4876 concessit,
693 4807 780 4865 alium
800 4807 857 4864 ldo
911 4831 1094 4908 apostolica
1121 4831 1215 4892 vobis
1242 4831 1365 4909 scripta
1394 4835 1600 4906 mandamus,
1622 4850 1705 4912 qua,

78 4907 172 4952 ¹neum
198 4899 325 4970 eligant,
352 4904 379 4953 ct
400 4894 646 4968 archiepiscopum
666 4909 682 4953 a
705 4896 856 4954 collatione
911 4932 923 4991 t

93 4979 294 5045 beneficiorum
311 4984 490 5059 suspendam
924 4945 1007 4990 enus
1026 4945 1126 5007 super
1144 4930 1206 4991 hoc
1220 4929 1397 5006 inquiratis
1412 4931 1554 4994 fideliter
1575 4934 1703 4995 verita-

911 5030 988 5100 tem,
1005 5028 1038 5089 et
1052 5028 1081 5090 si
1095 5027 1189 5089 vobis
1204 5028 1388 5091 constiterit
1399 5030 1509 5110 ipsum
1525 5032 1706 5109 archiepis-

98 5129 273 5205 Honorius‚
296 5132 375 5204 etc„
392 5131 521 5192 dilectis
535 5129 612 5191 liliis
626 5131 730 5208 priori
750 5132 856 5194 sancti
911 5143 1029 5204 copum
1057 5141 1208 5204 personae
1240 5126 1329 5188 infra
1363 5129 1494 5190 estatem
1522 5130 1704 5206 legitimam

65 5225 205 5302 lictoris,
228 5231 264 5292 61
283 5229 487 5302 succentori,
513 5230 547 5291 61
569 5228 728 5305 magistro
752 5232 792 5292 R.
816 5229 856 5291 de
911 5223 1110 5296 constitutae,
1125 5226 1183 5286 aut
1197 5225 1282 5286 alios
1298 5225 1411 5288 forsan
1426 5227 1571 5303 indigna
1593 5228 1707 5289 archi-

64 5321 162 5387 Rcmis
176 5328 347 5390 canonico
363 5326 527 5388 Parisien.
912 5321 1122 5384 diaconatum
1141 5322 1321 5385 contulisse
1333 5325 1539 5401 praedictum,
1559 5341 1618 5387 166
1636 5326 1706 5387 661-

98 5425 130 5483 Si
154 5425 342 5502 quantitati
366 5424 472 5502 culpae
499 5423 595 5486 debet
619 5440 726 5502 poenae
748 5441 856 5504 quan·
911 5419 1069 5482 lationem
1098 5420 1288 5498 buJusmodi
1311 5423 1469 5499 tanquam
1492 5423 1606 5485 contra
1632 5424 1704 5488 616-

64 5517 131 5582 titas
145 5524 367 5602 respondere,
386 5539 450 5600 quo
467 5520 736 5599 archiepiscopus
752 5525 858 5584 Seno-
911 5519 982 5580 tuta
994 5517 1128 5579 concilii
1139 5519 1311 5581 memorati
1326 5521 1560 5596 praesumptam
1576 5520 1705 5584 irritam

64 5633 130 5680 161.
151 5623 262 5698 magis
283 5620 339 5682 est
356 5621 463 5688 atate,
483 5619 634 5692 scientia,
651 5621 684 5682 et
698 5621 857 5697 dignitate
911 5616 1113 5688 nuntiantes,
1129 5616 1162 5678 et
1178 5615 1484 5678 archidiaconatum
1500 5619 1707 5682 conserentes

63 5719 266 5796 conspicuus,
292 5734 336 5780 eo
357 5733 497 5796 peccans
520 5718 680 5782 severiori
707 5719 757 5782 est
781 5735 859 5783 6611-
912 5729 1062 5793 personae
1086 5713 1214 5778 idoneae
1234 5715 1459 5794 saepedictum,
1485 5733 1524 5778 ac
1542 5717 1582 5778 de
1603 5718 1708 5797 ipsius
