3994 6326
77 379 111 442 25
327 371 384 434 ΙΙΙ.
399 401 440 418 -
454 370 499 434 IN
520 365 871 432 ANNUNTIATIONE
892 367 1043 430 BEA'PAE
1064 369 1215 431 MARIAE
1237 371 1436 456 vlhelhis.
1669 377 1709 438 26

78 538 158 602 Unde
181 537 248 612 ipse
272 550 332 612 per
350 531 587 594 psalmistam:
624 532 771 594 Fectenn
802 529 853 591 est

73 649 246 698 corrnenen
262 633 427 707 tanquam
441 647 523 692 cene
547 629 616 710 (Ps.
630 631 680 703 el,
703 627 766 708 15).
789 631 854 689 Per

76 748 217 811 papyrum
232 731 345 791 anima
367 729 571 805 designatur,
588 745 648 805 per
667 729 778 804 ignem
797 727 852 787 di-

76 832 180 892 rimas
192 852 199 889 ε
213 829 265 890 vel
284 841 479 906 percaram,
497 841 570 904 quae
591 827 683 888 veuit
702 827 741 888 de
756 826 851 898 coelc,

77 929 188 1004 anima;
210 942 270 1004 per
292 941 464 1004 papyrum,
495 926 552 1002 qui
574 925 613 986 de
637 925 738 994 terra,
763 939 852 986 care.

78 1027 155 1088 Unde
165 1025 287 1088 Paulus
300 1045 306 1084 :
320 1027 411 1086 Dens
421 1023 541 1084 nester
550 1027 640 1098 tertis
649 1037 855 1084 concernens

77 1127 118 1186 est
131 1123 311 1202 (llebr.x11,
327 1120 392 1201 29).
410 1120 449 1182 Et
464 1121 551 1182 sicut
562 1121 650 1197 ignis
661 1120 855 1182 accenditur

77 1223 105 1282 in
116 1237 183 1282 cera
197 1236 257 1297 per
269 1235 442 1298 papyrum,
459 1219 505 1280 ita
518 1218 675 1280 divinitas
692 1218 785 1281 unita
805 1219 855 1281 est

75 1318 154 1380 cami
165 1319 276 1379 anima
290 1317 465 1378 mediante.

106 1420 176 1478 llaec
193 1415 283 1478 enim
300 1415 366 1477 tria
388 1414 520 1478 luerunt
543 1416 578 1477 in
598 1417 740 1478 Christo.
765 1415 854 1492 Ignis

74 1533 129 1576 non
141 1516 224 1576 lucet
247 1515 320 1576 sine
336 1529 412 1576 cera
429 1514 462 1576 et
481 1529 618 1592 papyro,
643 1514 676 1577 et
695 1515 855 1576 divinitas

74 1613 178 1674 Christi
193 1629 261 1674 non
273 1613 382 1690 potest
402 1609 509 1674 videri
523 1613 564 1675 ab
581 1611 771 1674 hominibus
789 1612 855 1673 nisi

75 1729 123 1788 per
129 1713 329 1790 assumptam
339 1711 592 1785 humanitatem,
605 1711 700 1783 idest,
710 1710 855 1771 animam

75 1809 101 1870 et
112 1825 250 1871 carnem.
267 1812 337 1873 Nos
349 1811 453 1886 igitur
466 1809 636 1888 portantes
652 1808 807 1871 candelas
821 1807 855 1869 in

72 1907 207 1968 manibus
228 1909 355 1970 nostris
382 1909 660 1986 repraesentamus
685 1907 770 1988 quod
801 1907 856 1968 Si-

73 2020 154 2066 meon
191 2005 340 2084 suscepit
378 2007 544 2068 Christum
579 2007 614 2067 in
646 2007 736 2067 ulnis
767 2007 853 2083 suis;

73 2109 102 2164 ui
125 2105 205 2165 sicut
222 2103 283 2166 ille
304 2104 449 2182 portavit
467 2121 543 2166 eum
564 2105 597 2166 in
619 2105 782 2178 manibus,
808 2103 855 2166 ita

71 2217 122 2261 nos
134 2202 303 2279 portemus
322 2203 361 2262 in
382 2202 560 2276 mentibus,
582 2204 614 2265 et
634 2204 722 2266 sicut
740 2219 855 2265 cereus

71 2297 147 2360 lucet
165 2299 198 2360 in
214 2315 308 2372 aere,
334 2299 382 2361 sic
403 2300 554 2362 Christus
575 2301 685 2363 luceat
701 2301 796 2361 nobis
820 2301 855 2362 in

74 2396 166 2457 corde.
181 2397 241 2460 Vel
259 2412 319 2473 per
333 2413 445 2459 ceram
460 2398 657 2474 designatur
669 2397 757 2459 bona
776 2415 856 2476 ope-

72 2495 160 2568 ratio;
183 2511 245 2572 per
269 2511 442 2573 papyrum,
468 2497 591 2557 munda
610 2495 770 2570 intentio;
796 2513 856 2573 per

72 2591 176 2666 ignem,
192 2593 312 2654 sancta
327 2593 521 2670 praedicatio
532 2592 586 2655 vel
602 2594 734 2655 sincera
748 2595 855 2656 dilec-

72 2689 118 2749 tio.
142 2691 246 2752 Aliter
274 2691 423 2752 candelae
448 2691 624 2768 designant
649 2694 789 2754 Sanctus
820 2693 855 2753 in

73 2802 159 2862 regno
174 2790 233 2850 Dei
247 2805 390 2866 corpore
411 2789 444 2850 et
458 2790 566 2851 mente
581 2789 796 2865 glorificatos.
818 2793 855 2852 In

72 2899 136 2946 cera
161 2887 249 2947 enim
285 2886 473 2962 figurantur
507 2903 647 2966 corpora
674 2903 788 2949 eorum
813 2887 855 2950 ab

72 2981 147 3042 omni
159 2983 374 3060 corruptione
389 2983 522 3045 munda.
540 2987 577 3046 In
590 3001 715 3063 papyro
735 2985 855 3048 animae

72 3081 174 3140 erectae
189 3081 231 3141 ad
244 3084 363 3142 Deum.
385 3083 422 3142 In
440 3081 566 3143 lumine
584 3082 720 3145 claritas
742 3083 855 3145 divina

72 3191 132 3252 quae
153 3177 343 3254 resplendet
365 3179 402 3239 in
428 3180 488 3241 θῖε.
517 3180 612 3241 Unde
639 3181 798 3242 Dominus
820 3182 855 3242 in

71 3275 233 3351 evangelio
261 3292 268 3332 ε
301 3279 492 3352 Fndeebnnt
511 3280 603 3350 jean
628 3280 717 3342 stent
742 3285 792 3342 sei
818 3282 856 3340 tn

71 3376 240 3446 reenoDet
260 3372 372 3453 (Matt.
395 3391 470 3447 εει,
495 3373 560 3454 43).
587 3375 626 3437 Εῖ
645 3377 731 3439 εῖθεῖ
754 3379 855 3439 Βθεῖε

71 3468 163 3530 Maria
183 3471 377 3548 resplendet
390 3473 426 3533 in
442 3475 547 3545 coelic,
561 3473 609 3536 ita
630 3475 703 3551 ipsa
722 3492 783 3536 nos
798 3475 856 3537 be-

71 3565 186 3628 nedicat
199 3568 235 3629 in
250 3568 364 3630 terris.
381 3572 457 3648 Ipsa
478 3570 580 3634 faciat
593 3589 665 3650 quae
681 3572 731 3635 θεῖ
748 3572 855 3635 bene-

71 3660 145 3724 dicta
157 3665 191 3726 in
207 3667 334 3728 saecula
344 3667 553 3730 saeculerum.
567 3672 682 3732 Amen.

408 3849 470 3936 Ill

72 3995 107 4054 lh
136 4001 488 4062 ANNUNTIATIONE
523 4005 673 4066 BEATAE
703 4005 856 4068 MARIAE

354 4101 555 4162 VIRGINIS.

102 4232 212 4292 nstitit
236 4235 410 4308 Reatinae
430 4235 566 4295 dentris
589 4236 658 4296 ints
672 4240 709 4297 in
728 4239 856 4299 vestite

70 4325 222 4390 deerrante
233 4327 451 4391 circumdate
466 4333 636 4393 verietate
649 4332 715 4413 (44,
724 4338 777 4397 Ρε.
790 4335 853 4416 10).

104 4425 201 4487 David
225 4428 397 4504 Propheta
423 4431 540 4506 plenus
573 4431 699 4508 Spiritu
734 4435 856 4498 Sancto

71 4515 201 4598 loquitur
231 4525 277 4586 ad
312 4527 479 4589 Christum
505 4527 544 4589 de
580 4531 681 4590 Beata
717 4531 855 4608 Virgine

72 4617 168 4682 dicens
186 4645 193 4682 :
209 4626 334 4686 nstitit
354 4629 523 4702 licetne...
542 4627 678 4702 Legitur
688 4629 773 4706 quod
789 4631 855 4691 tri-

72 4711 121 4776 bus
141 4721 248 4782 modis
267 4724 372 4784 Beata
399 4725 500 4801 Virgo
526 4725 634 4787 lilaria
655 4727 776 4789 dicitur
801 4745 858 4790 re-

72 4813 147 4884 pina.
169 4820 301 4882 Dicitur
327 4822 442 4898 regina
466 4824 717 4898 misericordiae,
738 4827 856 4901 regina

69 4909 203 4989 justitiae,
221 4919 255 4979 et
270 4919 387 4993 regina
403 4919 529 4995 gloriae.

104 5012 195 5074 Beata
220 5017 327 5091 Virgo
344 5019 452 5078 Maria
471 5019 594 5082 dicitur
614 5023 731 5098 regina
754 5023 858 5084 mise-

72 5106 419 5190 ricordiae.1psaemm
438 5133 528 5178 vere·
540 5119 771 5181 misericordia
794 5123 854 5194 est,

74 5206 136 5278 quia
154 5211 310 5271 universi
330 5212 443 5275 fideles
463 5231 522 5292 per
548 5231 621 5277 eam
651 5234 669 5279 a
697 5218 767 5279 tilio
797 5236 856 5280 suo

73 5303 323 5370 misericordiam
371 5314 628 5390 consequuntur.
687 5317 780 5377 Unde
822 5317 857 5377 in

74 5399 205 5466 Psalmo:
220 5411 454 5482 susceptures,
467 5415 569 5482 Dens,
582 5417 857 5476 nenerieerdient

74 5499 189 5564 lieren...
219 5505 294 5586 (Ps.
322 5511 372 5580 47,
413 5507 478 5587 10.)
512 5511 604 5573 Unde
635 5511 775 5588 legimus
799 5530 858 5590 per

75 5601 254 5670 mysterium
276 5606 361 5681 quod
389 5607 509 5669 Esther
533 5609 650 5684 regina
670 5611 779 5672 orarit
802 5629 859 5674 re-

76 5707 135 5762 aem
168 5702 199 5762 et
232 5701 389 5766 liberavit
423 5705 580 5782 populum
613 5708 804 5771 ludaeorum
838 5727 857 5773 a

908 529 1024 602 morte,
1050 529 1083 591 et
1109 545 1176 591 non
1196 531 1302 594 solum
1331 531 1496 605 liberavit,
1525 533 1707 598 sedetiam

908 627 1079 700 exaltavit,
1102 628 1137 689 ut
1156 627 1281 691 iaceret
1300 629 1460 692 ultionem
1477 631 1700 696 inimicorum.

910 725 1070 786 Similiter
1092 726 1209 802 regina
1234 728 1358 800 nostra,
1379 729 1497 804 regina
1514 731 1708 793 misericor-

909 823 971 884 diae
985 823 1058 884 orat
1072 824 1219 901 quotidie
1232 825 1353 885 Filium
1367 841 1462 887 suum
1477 829 1514 888 ut
1525 828 1708 892 liberemur

908 937 928 981 a
941 922 1046 982 morte
1061 923 1220 1000 perpetua
1234 923 1267 983 et
1277 925 1383 983 Aman
1397 925 1618 1001 suspendatur
1633 945 1707 989 cum

909 1018 987 1079 tiliis
1015 1019 1096 1092 suis,
1122 1021 1208 1097 quod
1231 1020 1382 1082 diabolus
1411 1038 1485 1082 cum
1510 1025 1709 1087 satellitibus

909 1117 997 1190 suis,
1027 1117 1231 1179 cruciabitur
1262 1119 1484 1180 infernalibus
1520 1123 1706 1198 suppliciis.

910 1219 998 1278 Gens
1012 1232 1093 1278 vero
1114 1217 1316 1288 iudaeorum,
1345 1217 1442 1287 idest,
1465 1219 1546 1280 ordo
1568 1223 1708 1283 Domino

910 1313 1147 1386 confitentium,
1167 1313 1369 1377 exaltabitur
1388 1316 1424 1375 in
1444 1317 1605 1377 aeternum
1626 1333 1708 1396 reg-

910 1429 1000 1481 num,
1019 1411 1051 1474 et
1070 1411 1170 1474 faciet
1183 1411 1365 1474 vindictam
1379 1412 1602 1488 inimicorum,
1623 1417 1710 1479 sicut

910 1511 1068 1587 scriptum
1093 1511 1143 1571 est
1165 1509 1251 1572 libro
1274 1511 1476 1587 Sapientiae:
1503 1515 1710 1576 Iudicabunt

909 1609 1021 1670 seneli
1051 1609 1209 1670 nationes
1239 1607 1572 1671 et'doentnebnntnn
1592 1627 1709 1686 popei-

909 1709 988 1767 tis...
1015 1703 1107 1790 (Sap.
1131 1721 1181 1777 111,
1196 1705 1242 1786 8.)
1476 1765 1478 1767 ,

949 1802 1078 1864 Dicitur
1089 1804 1205 1880 regina
1214 1803 1354 1882 justitiae
1369 1804 1569 1883 dupliciter:
1584 1806 1706 1884 primo,

909 1901 1091 1979 propterse
1114 1903 1233 1980 ipsam,
1255 1904 1342 1980 quod
1363 1905 1543 1981 composite
1566 1905 1653 1967 vixit
1672 1905 1708 1964 in

910 2000 1032 2061 mundo
1053 1999 1129 2074 iste,
1151 2002 1184 2062 et
1201 2000 1274 2062 sine
1289 2001 1426 2078 querela
1453 2002 1486 2063 et
1509 2002 1709 2079 suspicionis

910 2098 998 2160 nota.
1028 2098 1122 2160 Unde
1144 2099 1243 2160 etiam
1271 2098 1394 2160 dicitur
1423 2099 1463 2160 de
1488 2100 1648 2161 Zacharia
1676 2101 1710 2161 et

911 2211 1015 2257 uxore
1030 2199 1122 2274 ejus:
1143 2197 1257 2258 Erant
1280 2199 1378 2258 ernbe
1399 2197 1490 2268 nesti
1515 2199 1710 2260 incedentes

910 2296 991 2356 ente
1005 2298 1117 2356 Denne
1128 2298 1203 2356 sine
1218 2299 1358 2368 querele
1371 2291 1464 2372 (Luc.
1480 2310 1502 2365 1,
1517 2293 1561 2372 6).
1578 2295 1708 2356 Dicitur

910 2393 943 2453 et
969 2393 1086 2467 regina
1113 2391 1272 2469 justitiae,
1294 2390 1380 2467 quod
1409 2407 1453 2451 ex
1478 2407 1518 2452 ea
1543 2392 1634 2452 ortus
1657 2392 1710 2453 θεῖ

910 2489 959 2550 sol
966 2489 1116 2567 justitiae,
1129 2489 1169 2549 de
1179 2504 1244 2564 quo
1255 2487 1336 2548 dicit
1346 2487 1531 2548 Malachias
1546 2509 1553 2548 ε
1567 2489 1709 2550 Ortetnr

910 2589 1003 2648 nobis
1020 2587 1217 2648 timentibus
1229 2600 1355 2647 acernen
1368 2581 1485 2648 menen
1496 2591 1546 2648 sot
1555 2585 1708 2658 jesenee

911 2683 1017 2763 (Matt.
1032 2701 1076 2757 iv,
1092 2683 1138 2764 2).

950 2783 1077 2844 Dicitur
1094 2783 1127 2844 et
1140 2781 1257 2857 regina
1277 2781 1404 2858 gloriae,
1427 2782 1513 2860 θεοῖ
1535 2783 1606 2858 ipsa
1621 2782 1708 2843 trui-

909 2880 964 2943 tur
978 2881 1160 2958 potioribus
1171 2879 1267 2940 bonis
1278 2881 1355 2941 Filii
1371 2881 1435 2941 sui.
1454 2881 1549 2942 Unde
1562 2881 1684 2942 dicitur
1699 2903 1706 2942 :

909 2980 1038 3052 Asitiit,
1055 2979 1109 3040 vel
1131 2977 1249 3046 adstat,
1262 2981 1429 3055 Reptnee
1448 2980 1584 3040 dentrts
1600 2980 1707 3041 ῖεῖε...

909 3079 973 3139 hoc
988 3077 1059 3139 est:
1076 3077 1182 3139 mater
1195 3077 1253 3137 tua
1277 3075 1401 3137 fruitur
1411 3075 1596 3153 potioribus
1611 3076 1709 3136 bonis

909 3175 987 3238 tuis.
1016 3175 1110 3236 Unde
1132 3173 1232 3235 Pater
1253 3173 1334 3235 dicit
1354 3174 1396 3234 ad
1421 3173 1526 3234 filium
1550 3195 1557 3234 :
1581 3177 1667 3235 Sede
1686 3189 1709 3236 a

910 3274 1047 3335 nentes
1061 3275 1158 3344 neeis,
1170 3271 1266 3343 idest,
1283 3270 1393 3333 fruere
1408 3270 1592 3349 potioribus
1611 3271 1708 3332 bonis

910 3371 1004 3431 meis.
1022 3372 1097 3447 Ipsa
1112 3371 1163 3431 est
1187 3370 1276 3430 enim
1300 3369 1418 3445 regina
1441 3369 1517 3430 coeli
1542 3369 1576 3431 et
1598 3369 1708 3430 terrae.

910 3470 995 3530 Nam
1022 3467 1108 3530 sicut
1136 3467 1252 3543 regina
1282 3469 1314 3528 et
1339 3467 1485 3542 gloriosa
1515 3468 1548 3528 et
1574 3467 1709 3528 domina

911 3581 1011 3643 super
1037 3581 1152 3626 omnes
1177 3565 1344 3637 mulieres,
1375 3565 1422 3626 ita
1448 3564 1565 3640 regina
1594 3565 1708 3626 nostra

910 3663 1011 3725 Beata
1034 3665 1136 3739 Virgo
1164 3664 1271 3723 Maria
1297 3664 1347 3724 esi
1370 3662 1516 3737 gloriosa
1539 3662 1572 3723 et
1597 3661 1706 3732 beata,
1794 3649 1796 3652 ’

910 3762 943 3823 θῖ
956 3761 1056 3838 plena
1072 3761 1181 3836 gratia
1196 3775 1297 3836 super
1309 3775 1440 3819 omnem
1455 3759 1651 3829 creaturam,
1665 3759 1707 3819 ad

911 3875 1021 3937 quam,
1048 3858 1134 3919 sicut
1152 3858 1187 3918 in
1212 3856 1394 3932 Evangelio
1416 3855 1549 3928 auditis,
1575 3855 1708 3918 Gabriel

910 3956 1049 4033 angelus
1062 3955 1184 4016 missus
1201 3956 1260 4015 est.

950 4053 1165 4116 Attendamus
1190 4069 1280 4129 ergo,
1302 4051 1433 4125 tratres,
1452 4067 1636 4128 congruum
1650 4067 1707 4113 re-

911 4154 1067 4224 medium,
1096 4151 1343 4213 censideremus
1367 4150 1561 4226 diligentius
1588 4149 1709 4212 efficax

911 4253 943 4314 et
956 4251 1104 4312 salutare
1120 4249 1305 4312 antidotum
1327 4249 1443 4309 contra
1462 4248 1589 4325 antiqui
1603 4247 1708 4309 hostis

910 4352 1002 4412 virus
1023 4348 1174 4409 effusum.
1200 4347 1286 4407 Olim
1309 4347 1470 4423 siquidem
1493 4345 1534 4407 ad
1559 4346 1707 4407 nostram

911 4447 1130 4526 perditionem
1162 4445 1286 4505 missus
1313 4445 1363 4505 θεῖ
1391 4460 1527 4521 serpens
1550 4444 1607 4520 qui
1635 4445 1709 4505 erat

911 4545 1065 4608 callidior
1088 4543 1215 4604 cernetis
1238 4541 1462 4603 animantibus
1482 4543 1592 4614 terrae,
1621 4558 1710 4603 nunc

912 4646 1020 4706 autem
1036 4641 1078 4703 ad
1101 4641 1240 4702 salutem
1263 4642 1411 4702 nostram
1427 4641 1521 4716 quasi
1536 4640 1572 4700 in
1587 4640 1709 4715 puerili

912 4740 1123 4818 simplicitate
1154 4739 1276 4799 missus
1312 4739 1363 4798 est
1395 4738 1533 4812 augelus
1563 4736 1707 4797 Gabriel.

911 4840 971 4901 llle
986 4839 1107 4898 missus
1123 4837 1173 4898 est
1196 4851 1216 4896 a
1236 4835 1379 4906 diabole,
1404 4835 1461 4895 sed
1490 4835 1554 4895 iste
1579 4851 1598 4895 a
1623 4837 1708 4911 De0;

911 4938 968 4999 ille
983 4937 1094 4998 autem
1114 4934 1155 4996 ad
1177 4933 1370 5010 paradisum
1385 4933 1564 5010 voluptatis
1585 4934 1617 4994 et
1631 4934 1712 4995 hor-

911 5039 980 5099 tum
1000 5034 1208 5103 delieiarum,
1236 5032 1293 5094 sed
1317 5033 1379 5093 iste
1404 5033 1438 5093 in
1461 5033 1628 5093 civitatem
1645 5035 1712 5093 Ga-

912 5135 1021 5206 lilaeee,
1039 5133 1092 5193 θεῖ
1116 5147 1236 5192 nomen
1252 5131 1436 5206 Nazareth3
1453 5130 1511 5190 ille
1531 5130 1572 5191 ad
1587 5130 1711 5192 mulie-

911 5249 982 5293 rem
996 5247 1137 5302 ceream,
1151 5229 1207 5290 sed
1218 5229 1281 5290 iste
1298 5229 1338 5289 ad
1351 5228 1514 5303 virginem
1528 5228 1709 5304 integram3

912 5329 1030 5390 illaad
1056 5328 1228 5388 mulierem
1246 5327 1366 5388 tactam
1391 5342 1434 5387 en
1459 5327 1543 5398 rire,
1568 5325 1625 5386 sed
1648 5327 1712 5387 iste

912 5427 953 5488 ad
969 5426 1133 5502 virginem
1149 5425 1380 5501 desponsatam
1396 5424 1484 5498 vir03
1502 5425 1559 5484 ille
1582 5424 1623 5485 ad
1641 5423 1712 5485 lae-

912 5529 979 5587 tam
993 5526 1033 5585 de
1049 5525 1132 5596 viro,
1150 5519 1205 5584 cui
1219 5521 1420 5583 nomenerat
1438 5521 1557 5596 Adam3
1575 5522 1632 5582 sed
1648 5523 1711 5583 iste

913 5625 954 5686 ad
977 5624 1209 5700 desponsatam
1228 5621 1313 5693 viro,
1338 5621 1392 5682 cui
1414 5636 1534 5681 nomen
1559 5621 1631 5682 erat
1654 5621 1713 5682 Jo-

914 5721 1005 5800 seph.
