3994 6326
298 329 354 391 131
764 320 940 383 HONORII
962 319 1008 380 111
1029 317 1177 378 OPERA.
1193 345 1234 362 -
1249 313 1482 377 SERMONES.
1872 317 1918 377 tta

298 503 365 552 non
388 501 479 559 esse,
509 485 667 563 quantum
690 479 756 560 ipsi
780 485 917 558 possunt
941 493 1091 558 peccare.
1148 474 1259 536 minus
1282 473 1463 552 discipulos
1492 487 1581 547 suos,
1610 473 1646 538 ut
1669 472 1710 536 ab
1739 473 1787 538 eis
1814 474 1920 552 aliquid

296 585 362 650 Sed
391 582 626 646 miserabiliter
648 580 773 653 errant,
807 577 893 658 quia'
914 591 1093 655 numquam
1148 573 1303 646 disceret,
1326 572 1381 650 qui
1408 572 1501 636 novit
1524 571 1647 646 omnia,
1673 571 1842 650 antequam
1856 573 1922 634 flant

296 684 357 746 Dei
375 680 604 746 misericordia
617 679 794 756 superatur
807 677 849 740 ab
863 678 1009 738 humana
1022 691 1095 736 ma·
1149 671 1183 732 in
1199 673 1376 749 conspectu
1391 673 1479 747 ejus3
1506 670 1564 732 sed
1586 670 1622 732 ut
1644 685 1688 734 ex
1707 671 1779 747 ipsa
1800 686 1922 746 respon·

297 783 385 855 litia,
418 796 479 842 nec
507 779 634 842 tantum
664 777 763 839 homo
799 775 908 855 potest
941 788 1091 852 peccare,
1149 769 1243 830 sione
1273 768 1482 831 occasionem
1513 767 1696 830 assumeret
1728 767 1923 830 confirmandi

298 881 455 958 quantum
478 877 585 956 potest
605 878 693 937 Deus
714 874 905 938 misericors
925 887 1010 934 esse.
1035 871 1094 933 Isti
1150 865 1248 928 tidem
1276 867 1310 929 et
1339 865 1575 928 remunerandi
1608 865 1854 928 consessionem.
1881 863 1925 926 liii

296 979 380 1042 tales
395 977 509 1040 dicunt
523 991 599 1036 cum
613 973 694 1036 Cain
708 994 715 1034 ε
730 975 848 1046 Maior
863 971 916 1034 est
929 969 1095 1045 iniquitas
1149 979 1228 1041 ergo
1246 985 1253 1025 :
1270 967 1377 1031 ouem
1401 965 1519 1026 damni
1543 967 1698 1027 immines
1721 977 1794 1025 esse
1818 965 1926 1023 ditum

295 1091 385 1148 anco,
410 1089 515 1149 quom
532 1072 572 1134 ut
585 1074 724 1134 ceolam
737 1084 889 1142 naerens,
905 1067 1001 1136 idest,
1019 1069 1096 1129 tan·
1149 1064 1318 1124 dominis?
1340 1059 1553 1124 Manifestum
1567 1059 1664 1122 nobis
1677 1059 1813 1122 tradidit
1829 1075 1928 1120 exem·

295 1176 365 1236 tum
379 1171 526 1250 peccaui,
540 1169 627 1249 quod
646 1182 713 1230 non
731 1167 856 1246 possim
867 1165 1001 1228 reniam
1016 1180 1097 1242 pro·
1150 1157 1257 1236 plum,
1281 1175 1323 1221 ne
1345 1160 1451 1220 simus
1469 1158 1615 1221 contenti
1636 1158 1707 1220 sola
1731 1157 1926 1226 conscientia,

298 1269 431 1334 mereri.
750 1345 753 1352 ι
1150 1257 1208 1319 sed
1224 1258 1324 1320 etiam
1339 1257 1474 1321 solliciti
1489 1257 1530 1319 de
1548 1256 1647 1330 sama,
1671 1257 1708 1320 ut
1726 1258 1761 1319 et
1773 1255 1928 1318 conscien-

337 1369 397 1431 Isti
419 1365 532 1429 dicunt
553 1364 729 1428 Dominum
748 1366 864 1428 iesum
884 1377 958 1426 esse
976 1361 1093 1434 Etiam,
1149 1354 1230 1418 tiam
1248 1371 1365 1433 puram
1379 1353 1561 1418 habeamus
1580 1355 1622 1416 ad
1640 1357 1757 1424 Deum,
1780 1353 1928 1416 etfamtm

296 1467 382 1529 idest
405 1480 559 1542 asperum
583 1463 742 1542 jndicem.
775 1461 866 1524 Elias
895 1461 987 1524 enim
1017 1457 1097 1521 lecit
1150 1452 1345 1530 praeclaram
1367 1454 1525 1532 quantum
1545 1451 1587 1514 ad
1608 1452 1774 1526 homines,
1798 1451 1931 1512 sicutest

296 1563 348 1626 bis
372 1563 483 1639 ignem
507 1561 547 1624 de
567 1561 652 1624 coelo
680 1560 896 1632 descendero,
929 1559 986 1637 qui
1010 1573 1095 1620 oon·
1150 1550 1232 1612 illud
1251 1551 1425 1628 Evangelii
1442 1572 1450 1612 ε
1465 1551 1647 1614 Statuerat
1663 1557 1727 1614 itam
1750 1551 1866 1612 cestro
1882 1563 1931 1610 cc-

298 1661 440 1739 sumpsit
463 1658 702 1738 quinquaginta
719 1658 823 1732 viros,
851 1659 885 1721 et
907 1656 992 1719 alias
1015 1655 1094 1716 vin-
1150 1664 1229 1710 rom
1250 1653 1454 1722 bominibus,
1478 1650 1519 1710 ut
1539 1650 1679 1711 videant
1701 1662 1809 1724 opera
1830 1647 1932 1709 oestro

298 1759 404 1822 dictas
425 1757 461 1820 in
481 1758 671 1835 peccatores
690 1756 779 1830 lecit,
804 1755 891 1818 sicut
913 1755 1036 1830 legitur
1059 1753 1096 1814 in
1150 1750 1248 1822 tono,
1274 1749 1308 1812 et
1325 1748 1517 1824 amatricem
1540 1747 1688 1809 Patrem
1710 1747 1865 1809 oestrum
1885 1746 1932 1818 qai

297 1856 384 1920 libro
409 1859 546 1932 Regum.
579 1855 619 1916 Et
644 1854 718 1916 ideo
740 1869 800 1932 per
820 1853 915 1914 illum
941 1865 1095 1930 asperum
1150 1848 1188 1908 itt
1202 1847 1363 1909 recteest
1384 1843 1514 1925 (natm.
1532 1861 1568 1918 v,
1584 1842 1648 1925 16).
1663 1843 1759 1917 Quia,
1775 1843 1870 1906 utait
1882 1844 1933 1902 Sa-

293 1955 442 2033 judicem
466 1954 555 2016 recte
581 1952 808 2028 intelligimus.
838 1951 958 2014 Dicunt
983 1949 1099 2012 Domi·
1151 1944 1263 2008 lomon
1283 1965 1292 2006 t
1314 1947 1440 2007 Mettus
1461 1945 1515 2006 cst
1537 1957 1662 2006 nomen
1685 1945 1821 2014 bortum
1844 1953 1933 2016 quarn

297 2069 377 2114 num
395 2055 509 2115 iesum
524 2067 648 2128 agnum
666 2049 793 2122 mitem,
816 2049 873 2127 qui
889 2050 1019 2117 tantmn
1034 2065 1098 2125 pu·
1151 2052 1282 2113 divilier
1306 2051 1425 2113 modice
1450 2048 1563 2131 (Prov.
1587 2065 1673 2122 mi,
1698 2047 1744 2129 1).
1770 2049 1810 2111 rt
1832 2046 1932 2109 alibi:

295 2150 368 2217 tant
382 2150 476 2212 illum
486 2151 694 2211 mansuetum
707 2147 1095 2218 esseetmisericordem,
1151 2150 1216 2216 cut
1237 2150 1372 2222 samam
1388 2163 1491 2210 mrem
1516 2149 1668 2225 mpltplt,
1689 2149 1857 2210 dommim
1879 2144 1932 2214 cst,

296 2251 333 2312 ut
348 2248 459 2310 omnia
474 2249 610 2325 peccata
625 2246 730 2324 gratis
749 2245 893 2308 dimittat
911 2259 973 2307 nec
992 2243 1097 2306 ullum
1152 2248 1230 2324 quia
1256 2245 1396 2324 quilibet
1422 2246 1530 2308 bonus
1553 2245 1650 2308 debet
1674 2245 1800 2308 babere
1826 2243 1933 2305 bonnm

295 2347 504 2424 peccatorem
518 2345 723 2409 eternaliter
743 2343 870 2422 puniat.
887 2344 980 2406 Unde
999 2345 1096 2407 Jesus
1151 2345 1379 2407 testimonium
1401 2343 1443 2406 ab
1462 2344 1505 2406 iis
1520 2345 1576 2423 qni
1598 2345 1676 2406 sunt
1689 2344 1779 2407 intus
1799 2345 1834 2404 et
1851 2341 1889 2402 ab
1901 2339 1935 2400 iis

295 2444 385 2506 lilius
400 2442 519 2506 sirach
535 2446 611 2506 :Ne
625 2446 773 2517 adiicias
790 2442 971 2520 peccatum
990 2456 1098 2516 super
1153 2444 1209 2521 qui
1225 2445 1304 2506 sunt
1316 2442 1410 2506 loris.
1429 2443 1470 2505 nt
1482 2443 1682 2520 Apostolus:
1703 2441 1832 2506 Gdrmti
1846 2443 1937 2501 bourn

292 2542 486 2617 peccorum,
510 2540 542 2603 et
561 2555 605 2602 aa
619 2544 714 2603 dicor
737 2557 749 2602 :
769 2542 1013 2604 ralsertcordto
1032 2542 1098 2601 Det
1152 2545 1239 2604 odor
1258 2557 1380 2604 sumus
1398 2545 1435 2603 ta
1456 2545 1551 2604 emat
1571 2546 1642 2604 ioco
1663 2537 1708 2619 (ΙΙ
1733 2543 1808 2602 Cor.
1828 2553 1862 2610 11,
1882 2533 1935 2612 15).

295 2655 424 2716 ntoprta
438 2638 501 2711 est,
515 2638 746 2700 multitudinis
765 2639 988 2714 peccatorum
999 2651 1098 2700 meo·
1191 2640 1233 2702 at
1258 2639 1309 2702 illi
1330 2639 1371 2701 de
1397 2639 1553 2717 opinione
1580 2638 1726 2710 illorum,
1755 2633 1936 2711 interrogati

297 2751 380 2798 rum
399 2735 623 2798 rneercottor
642 2733 757 2813 (Ecoli.
778 2751 813 2807 v,
834 2734 899 2815 56).
932 2733 1023 2806 Quod
1048 2735 1098 2796 est
1152 2736 1336 2800 dixerunt:
1360 2740 1431 2801 Atti
1456 2741 1627 2799 Joooaem
1653 2737 1861 2812 captatam,
1885 2732 1937 2793 otti

296 2833 408 2896 dicere
425 2855 432 2893 ε
449 2833 500 2894 Ne
516 2831 706 2894 accumules
726 2831 894 2909 prioribus
910 2831 1099 2908 iniquitati·
1152 2839 1278 2910 liliam,
1302 2839 1363 2898 alit
1380 2849 1464 2898 cero
1481 2837 1673 2897 Jeremiom
1691 2835 1756 2896 aut
1773 2848 1879 2896 anaim
1898 2843 1937 2890 aa

296 2931 359 2993 bus
378 2930 466 2992 mala
488 2929 672 3009 sequeutia,
693 2930 794 2992 nimis
811 2931 1042 3008 presumendo
1057 2931 1099 2992 de
1148 2934 1339 3008 propbeta.
1362 2936 1426 2996 Vos
1440 2933 1558 2996 autem
1572 2947 1673 3007 quem
1694 2947 1752 2995 me
1770 2946 1844 2994 esse
1861 2929 1937 2991 diot-

297 3029 358 3092 Dei
370 3028 610 3092 misericordia.
628 3029 716 3090 Deus
730 3028 820 3090 enim
831 3044 898 3090 non
908 3029 1016 3106 parcit
1030 3029 1098 3091 nisi
1153 3031 1200 3093 tis
1213 3029 1346 3110 (matth.
1363 3047 1434 3104 xvr,
1451 3033 1501 3104 14,
1519 3029 1592 3110 15)t
1605 3033 1653 3093 Ac
1674 3031 1703 3091 si
1718 3028 1844 3092 diceret
1859 3043 1867 3089 :
1882 3028 1938 3088 Vos

296 3125 546 3203 poenitentibus,
566 3141 674 3203 neque
696 3126 854 3189 irascitur
875 3125 941 3190 nisi
962 3126 999 3188 in
1020 3141 1099 3206 pec-
1153 3129 1210 3206 qni
1233 3144 1300 3191 non
1327 3128 1409 3191 estis
1428 3127 1582 3192 carnales
1606 3127 1664 3189 sed
1687 3127 1887 3205 spirituales,
1909 3121 1939 3182 ut

298 3225 372 3287 cato
386 3223 687 3301 perseverantibus.
1153 3226 1272 3289 merito
1293 3226 1443 3289 debeatis
1461 3242 1529 3289 non
1546 3228 1617 3304 jam
1640 3225 1805 3300 homines,
1829 3223 1882 3286 sed
1900 3219 1939 3282 dii

337 3323 398 3385 Isti
420 3323 535 3384 dicunt
556 3325 669 3386 Jesum
696 3335 769 3385 esse
789 3321 986 3394 ieremiam,
1014 3321 1099 3385 idest
1153 3324 1262 3402 potius
1277 3325 1451 3404 appellari,
1478 3325 1565 3387 sieut
1578 3323 1719 3386 babetur
1733 3325 1769 3385 in
1795 3322 1937 3402 psalmo:

300 3435 423 3496 agnum
437 3420 562 3492 mitem,
585 3420 777 3496 peccatores
800 3435 867 3483 non
895 3420 1097 3497 punientem.
1153 3427 1227 3501 Epo
1245 3427 1322 3486 dici
1336 3441 1348 3485 :
1361 3427 1411 3487 dit
1433 3424 1530 3496 estis,
1547 3424 1583 3486 et
1600 3423 1664 3496 lilii
1687 3426 1816 3485 cacabi
1836 3429 1941 3483 omnes

297 3518 460 3582 ieremias
479 3517 544 3580 luit
561 3533 668 3596 agnus
686 3515 777 3580 mitis
799 3518 885 3580 sicut
908 3517 981 3595 ipse
996 3518 1096 3581 dicit:
1154 3518 1224 3601 (Ps.
1238 3523 1288 3596 81,
1308 3519 1353 3602 6).
1370 3521 1552 3599 Respondit
1566 3521 1675 3583 autem
1700 3521 1815 3583 Simon
1835 3517 1940 3581 Petrus

297 3620 372 3694 Epo
394 3619 494 3691 quasi
514 3631 625 3693 opum
643 3615 846 3680 mamaeam
859 3619 918 3691 qut
931 3619 1100 3692 portatur
1154 3620 1280 3696 primus
1294 3621 1328 3683 et
1339 3619 1625 3697 praecipuusinter
1636 3634 1764 3691 omnes,
1778 3633 1839 3698 pro
1850 3611 1942 3678 omni·

297 3719 342 3778 ad
358 3715 537 3777 rictiacum
552 3711 688 3793 (ierem.
703 3729 751 3787 x1,
768 3711 832 3795 19).
852 3715 1099 3780 bicantiorum
1153 3715 1215 3778 bus
1229 3717 1313 3780 dixit
1329 3739 1336 3777 ε
1354 3720 1402 3780 ru
1421 3733 1458 3780 es
1477 3717 1650 3789 caretas,
1672 3718 1784 3779 Filius
1799 3717 1862 3778 Det
1880 3709 1942 3772 vict

297 3829 353 3876 res
367 3814 533 3876 humanas
547 3828 614 3875 non
627 3813 810 3888 curantem,
827 3813 884 3892 qui
899 3815 1016 3892 putant
1027 3830 1100 3878 om·
1154 3815 1285 3896 (Matth.
1301 3831 1373 3888 xvi,
1390 3813 1454 3895 16).
1471 3814 1659 3878 Notandum
1675 3816 1736 3886 est,
1751 3814 1830 3892 quia
1843 3812 1874 3873 et
1885 3810 1941 3870 bo-

298 3913 356 3972 nia
380 3927 453 3988 quae
477 3911 562 3972 flunt
585 3925 658 3972 esse
680 3911 827 3984 fortuita,
851 3928 913 3975 nec
940 3913 1099 3975 mundum
1154 3914 1277 3976 minem
1293 3913 1607 3976 etDeumGhrlstum
1618 3911 1791 3974 consessus
1806 3912 1855 3973 est
1865 3919 1941 3971 esse.

299 4007 372 4084 regi
389 4007 503 4072 diuina
522 4006 743 4084 providentia.
769 4009 863 4071 Unde
885 4011 955 4073 sive
976 4010 1098 4072 bonum
1193 4015 1231 4074 In
1247 4027 1312 4090 qua
1327 4009 1611 4074 consessioneduo
1625 4011 1704 4072 sunt
1717 4009 1874 4080 notanda,
1886 4001 1943 4083 pri·

301 4105 372 4166 sive
384 4105 509 4166 malum
521 4102 657 4166 cuilibet
667 4106 828 4178 evenerit,
839 4106 950 4168 statim
963 4107 1096 4171 dicunt:
1154 4125 1244 4172 mum
1258 4108 1402 4186 quidem,
1426 4107 1505 4185 quia
1519 4107 1693 4171 consessus
1716 4109 1766 4169 est
1782 4123 1859 4170 eum
1877 4113 1942 4164 esse

300 4201 503 4266 destinatum
528 4200 591 4264 fuit
608 4201 671 4262 illi.
694 4201 789 4263 Unde
810 4202 890 4264 dicit
909 4206 1097 4269 ieremias:
1154 4207 1322 4270 hominem
1336 4221 1437 4283 super
1449 4205 1600 4268 nomines
1612 4205 1833 4278 benedictum,
1850 4213 1942 4282 quan·

299 4303 359 4363 Ec
373 4299 693 4362 creditisaimtcoo
707 4301 1099 4374 epredteaturneobona
1154 4306 1196 4369 do
1223 4304 1326 4368 dixit:
1351 4308 1401 4367 itt
1423 4317 1461 4366 cs
1489 4304 1658 4367 thtstus.
1683 4303 1837 4365 Christus
1865 4297 1942 4361 enim

301 4413 364 4468 nec
384 4403 477 4461 mom
497 4394 635 4476 (ibren.
651 4411 701 4466 111,
721 4395 787 4476 38).
806 4397 903 4473 idest,
924 4416 966 4462 ex
981 4403 1097 4479 provi-
1153 4419 1273 4480 graece,
1296 4401 1401 4466 latine
1423 4401 1545 4464 dicitur
1564 4403 1694 4463 unctus.
1711 4400 1864 4462 Christus
1887 4391 1942 4457 fuit

300 4495 413 4558 dantia
424 4496 488 4591 liei
515 4508 578 4556 nec
603 4491 707 4568 hona,
724 4509 786 4557 nec
812 4497 900 4560 mala
929 4501 1097 4564 eveniunt.
1136 4502 1351 4564 ,motusnon
1367 4498 1578 4562 oleorisibili
1592 4497 1837 4571 sedinrisibili,
1855 4491 1941 4562 idest,

302 4595 394 4668 Quod
417 4593 495 4672 quia
517 4593 639 4656 salsum
661 4593 722 4666 est,
746 4593 985 4672 interrogative
1004 4598 1101 4664 debet
1153 4600 1262 4676 gratia
1285 4599 1428 4676 Spiritus
1451 4597 1575 4669 Sancti,
1592 4596 1670 4674 quia
1690 4595 1803 4658 unctio
1817 4605 1943 4672 expres·

301 4694 378 4770 legi.
392 4693 428 4756 Si
443 4694 553 4756 autem
568 4706 635 4755 non
650 4691 775 4769 legitur
788 4691 1027 4771 interrogative
1041 4698 1100 4761 sed
1154 4697 1224 4758 sius
1238 4695 1394 4758 convenit
1412 4693 1553 4767 Christo,
1571 4710 1669 4772 qnam
1681 4693 1770 4766 aliis,
1792 4695 1870 4772 quia
1884 4701 1944 4768 prae

301 4791 411 4868 plane,
436 4792 491 4854 hic
510 4791 575 4855 erit
594 4807 714 4856 sensus
735 4812 743 4852 ε
764 4793 814 4854 Ex
837 4808 896 4882 ore
921 4793 1096 4870 altissimi,
1154 4793 1307 4856 omnibus
1322 4792 1398 4854 aliis
1412 4791 1596 4855 unxiteum
1607 4793 1694 4853 Deus
1709 4791 1752 4852 ad
1765 4787 1943 4852 habendam

302 4887 398 4959 idest,
415 4889 538 4952 Christi
552 4890 726 4967 pendentis
741 4890 776 4952 in
791 4891 895 4955 (truce
916 4908 983 4956 non
998 4910 1098 4972 egre-
1154 4889 1393 4969 plenitudinem
1409 4889 1582 4952 donorum.
1598 4888 1692 4952 Unde
1701 4887 1806 4950 David
1820 4910 1827 4948 :
1849 4879 1946 4948 dacii

302 4985 435 5047 dientur
449 4999 510 5047 neo
528 4985 616 5048 bona
631 5003 692 5048 neo
707 4987 806 5062 mala,
832 4989 910 5068 quia
929 5006 991 5054 neo
1011 4992 1099 5058 bona
1154 4990 1187 5052 te
1201 4994 1306 5061 Deus,
1325 4990 1419 5050 Deris
1439 4989 1519 5049 tuus
1536 4993 1608 5050 cleo
1623 4987 1756 5049 ioetttiae
1768 5001 1849 5061 prae
1868 4995 1944 5045 oon·

303 5099 365 5145 nec
384 5081 656 5159 malarespondit
670 5085 795 5148 iudaeis
810 5087 1057 5154 insultantibus.
1153 5089 1304 5152 sortibus
1331 5085 1401 5148 turs
1425 5082 1496 5164 (Ps.
1517 5088 1569 5157 44,
1596 5083 1643 5164 8),
1669 5084 1755 5148 idest
1780 5085 1945 5162 plusquam

341 5181 401 5244 Isti
426 5179 541 5243 dicunt
565 5181 742 5244 Dominum
763 5185 879 5250 ,iesum
899 5203 973 5250 esse
997 5205 1099 5254 unum
1155 5198 1269 5250 omnes
1284 5182 1417 5245 sanctos
1430 5181 1487 5259 qui
1500 5180 1824 5259 fueruntpartici'pes
1837 5173 1945 5256 gratiae

301 5295 344 5342 ex
360 5276 541 5356 prophetis,
562 5276 649 5340 idest
666 5279 835 5342 bominem
854 5285 986 5362 quidem
998 5304 1101 5352 sanc-
1154 5285 1243 5360 eius„
1263 5279 1350 5343 idest
1371 5278 1506 5343 Christi.
1534 5277 1686 5340 Christus
1715 5275 1944 5356 plenitudinem

301 5381 382 5450 tum,
398 5391 453 5439 res
477 5375 641 5438 humanas
662 5391 723 5438 sua
737 5379 946 5455 providentia
960 5399 1028 5447 non
1043 5404 1101 5450 re-
1154 5379 1316 5443 donorum
1336 5377 1373 5440 in
1392 5392 1453 5440 sua
1468 5376 1624 5438 unctione
1646 5379 1782 5438 aPatre
1796 5369 1944 5448 suscepit

301 5477 444 5552 geniem·
470 5472 700 5550 Interrogabat
721 5477 819 5538 iesus
841 5478 1022 5558 discipulos
1048 5485 1100 5546 di·
1156 5477 1316 5541 utnosde
1331 5478 1403 5553 ejus
1417 5473 1624 5554 plenitudine
1637 5490 1657 5536 a
1670 5472 1945 5550 Patreaccipere-

302 5589 379 5636 oens
404 5594 411 5634 :
436 5574 544 5640 ouem
567 5573 685 5634 dicum
706 5575 861 5638 nomines
889 5591 964 5640 esse
991 5583 1101 5653 fitium
1155 5591 1240 5638 mus.
1255 5573 1339 5648 Quia
1351 5573 1438 5636 sicut
1450 5572 1533 5636 dicit
1549 5574 1695 5636 ioannes
1711 5593 1719 5632 ε
1736 5576 1786 5634 De
1795 5567 1943 5648 placitu-

300 5673 470 5736 tentarer
484 5671 517 5735 θῑ
531 5670 671 5748 reliqua,
694 5670 770 5734 Non
792 5671 1011 5750 interrogavit
1034 5682 1101 5742 Do·
1155 5677 1234 5736 dicto
1248 5674 1323 5746 ejus
1335 5685 1454 5734 omrtcs
1468 5673 1662 5746 accepimns
1678 5667 1789 5749 (Joan.
1806 5685 1827 5742 r,
1845 5663 1906 5743 16).
