<?xml version="1.0" encoding="UTF-8"?>
<!DOCTYPE html PUBLIC "-//W3C//DTD XHTML 1.0 Transitional//EN"
    "http://www.w3.org/TR/xhtml1/DTD/xhtml1-transitional.dtd">
<html xmlns="http://www.w3.org/1999/xhtml" xml:lang="en" lang="en">
 <head>
  <title>
</title>
<meta http-equiv="Content-Type" content="text/html;charset=utf-8" />
  <meta name='ocr-system' content='tesseract 3.04.00' />
  <meta name='ocr-capabilities' content='ocr_page ocr_carea ocr_par ocr_line ocrx_word'/>
</head>
<body>
  <div class='ocr_page' id='page_1' title='image "./mediiaevibiblio01unkngoog_0099.png"; bbox 0 0 3996 6326; ppageno 0'>
   <div class='ocr_carea' id='block_1_1' title="bbox 286 275 1905 344">
    <p class='ocr_par' dir='ltr' id='par_1_1' title="bbox 286 275 1905 344">
     <span class='ocr_line' id='line_1_1' title="bbox 286 275 1905 344; baseline 0.002 -3"><span class='ocrx_word' id='word_1_1' title='bbox 286 279 346 341; x_wconf 80' lang='lat'>159</span> <span class='ocrx_word' id='word_1_2' title='bbox 752 275 929 342; x_wconf 85' lang='lat' dir='ltr'>HONORII</span> <span class='ocrx_word' id='word_1_3' title='bbox 950 275 995 338; x_wconf 87' lang='lat'>111</span> <span class='ocrx_word' id='word_1_4' title='bbox 1016 275 1166 340; x_wconf 70' lang='lat' dir='ltr'>orsiti.</span> <span class='ocrx_word' id='word_1_5' title='bbox 1180 303 1222 322; x_wconf 88' lang='lat'><em>-</em></span> <span class='ocrx_word' id='word_1_6' title='bbox 1236 275 1470 340; x_wconf 75' lang='lat' dir='ltr'>SERMONES.</span> <span class='ocrx_word' id='word_1_7' title='bbox 1861 283 1905 344; x_wconf 82' lang='grc'>160</span> 
     </span>
    </p>
   </div>
   <div class='ocr_carea' id='block_1_2' title="bbox 281 433 1979 5703">
    <p class='ocr_par' dir='ltr' id='par_1_2' title="bbox 286 433 1916 2082">
     <span class='ocr_line' id='line_1_2' title="bbox 327 433 1907 518; baseline 0.002 -15"><span class='ocrx_word' id='word_1_8' title='bbox 327 439 367 503; x_wconf 79' lang='lat' dir='ltr'>nt</span> <span class='ocrx_word' id='word_1_9' title='bbox 381 437 456 504; x_wconf 90' lang='lat' dir='ltr'>ideo</span> <span class='ocrx_word' id='word_1_10' title='bbox 471 452 546 502; x_wconf 90' lang='lat' dir='ltr'>cum</span> <span class='ocrx_word' id='word_1_11' title='bbox 560 435 626 504; x_wconf 89' lang='lat' dir='ltr'>sint</span> <span class='ocrx_word' id='word_1_12' title='bbox 647 433 741 500; x_wconf 89' lang='lat' dir='ltr'>multi</span> <span class='ocrx_word' id='word_1_13' title='bbox 756 435 923 516; x_wconf 90' lang='lat' dir='ltr'>principes</span> <span class='ocrx_word' id='word_1_14' title='bbox 937 435 1083 500; x_wconf 85' lang='lat' dir='ltr'>cmlestis</span> <span class='ocrx_word' id='word_1_15' title='bbox 1138 436 1232 500; x_wconf 85' lang='lat' dir='ltr'>Unde</span> <span class='ocrx_word' id='word_1_16' title='bbox 1255 437 1291 498; x_wconf 89' lang='lat' dir='ltr'>in</span> <span class='ocrx_word' id='word_1_17' title='bbox 1316 437 1467 516; x_wconf 83' lang='lat' dir='ltr'>psabno:</span> <span class='ocrx_word' id='word_1_18' title='bbox 1493 437 1651 502; x_wconf 78' lang='lat' dir='ltr'>Votrtcres</span> <span class='ocrx_word' id='word_1_19' title='bbox 1668 441 1743 503; x_wconf 79' lang='lat' dir='ltr'>cen</span> <span class='ocrx_word' id='word_1_20' title='bbox 1761 441 1795 505; x_wconf 89' lang='lat' dir='ltr'>et</span> <span class='ocrx_word' id='word_1_21' title='bbox 1816 443 1907 518; x_wconf 74' lang='lat' dir='ltr'>pterea</span> 
     </span>
     <span class='ocr_line' id='line_1_3' title="bbox 289 534 1907 614; baseline 0 -12"><span class='ocrx_word' id='word_1_22' title='bbox 289 536 417 602; x_wconf 86' lang='lat' dir='ltr'>militiae</span> <span class='ocrx_word' id='word_1_23' title='bbox 443 538 508 600; x_wconf 88' lang='lat' dir='ltr'>tria</span> <span class='ocrx_word' id='word_1_24' title='bbox 528 535 753 598; x_wconf 86' lang='lat' dir='ltr'>tantummodo</span> <span class='ocrx_word' id='word_1_25' title='bbox 777 536 924 614; x_wconf 88' lang='lat' dir='ltr'>ipsorum</span> <span class='ocrx_word' id='word_1_26' title='bbox 948 534 1083 596; x_wconf 88' lang='lat' dir='ltr'>nomina</span> <span class='ocrx_word' id='word_1_27' title='bbox 1136 539 1248 598; x_wconf 62' lang='lat' dir='ltr'>scarb</span> <span class='ocrx_word' id='word_1_28' title='bbox 1275 534 1345 614; x_wconf 86' lang='lat' dir='ltr'>(Ps.</span> <span class='ocrx_word' id='word_1_29' title='bbox 1370 537 1400 608; x_wconf 88' lang='lat'>8,</span> <span class='ocrx_word' id='word_1_30' title='bbox 1416 534 1462 614; x_wconf 82' lang='grc'>9).</span> <span class='ocrx_word' id='word_1_31' title='bbox 1487 535 1614 598; x_wconf 79' lang='lat' dir='ltr'>celum</span> <span class='ocrx_word' id='word_1_32' title='bbox 1632 537 1795 602; x_wconf 81' lang='lat' dir='ltr'>sidereum</span> <span class='ocrx_word' id='word_1_33' title='bbox 1814 541 1865 611; x_wconf 86' lang='lat' dir='ltr'>est,</span> <span class='ocrx_word' id='word_1_34' title='bbox 1881 541 1907 602; x_wconf 88' lang='lat' dir='ltr'>ir</span> 
     </span>
     <span class='ocr_line' id='line_1_4' title="bbox 289 632 1907 714; baseline -0.001 -15"><span class='ocrx_word' id='word_1_35' title='bbox 289 636 504 714; x_wconf 82' lang='lat' dir='ltr'>cognovimus</span> <span class='ocrx_word' id='word_1_36' title='bbox 514 636 548 696; x_wconf 92' lang='lat' dir='ltr'>in</span> <span class='ocrx_word' id='word_1_37' title='bbox 560 638 662 696; x_wconf 89' lang='lat' dir='ltr'>Sacra</span> <span class='ocrx_word' id='word_1_38' title='bbox 679 633 1084 710; x_wconf 69' lang='lat' dir='ltr'>seripturayidelicetlti-</span> <span class='ocrx_word' id='word_1_39' title='bbox 1137 649 1201 710; x_wconf 85' lang='lat' dir='ltr'>quo</span> <span class='ocrx_word' id='word_1_40' title='bbox 1221 632 1288 694; x_wconf 84' lang='lat' dir='ltr'>lixa</span> <span class='ocrx_word' id='word_1_41' title='bbox 1314 635 1391 696; x_wconf 89' lang='lat' dir='ltr'>sunt</span> <span class='ocrx_word' id='word_1_42' title='bbox 1416 633 1538 706; x_wconf 87' lang='lat' dir='ltr'>sidera,</span> <span class='ocrx_word' id='word_1_43' title='bbox 1565 634 1606 696; x_wconf 92' lang='lat' dir='ltr'>de</span> <span class='ocrx_word' id='word_1_44' title='bbox 1630 651 1693 714; x_wconf 80' lang='lat' dir='ltr'>quo</span> <span class='ocrx_word' id='word_1_45' title='bbox 1721 637 1800 699; x_wconf 91' lang='lat' dir='ltr'>dicit</span> <span class='ocrx_word' id='word_1_46' title='bbox 1813 637 1907 699; x_wconf 86' lang='lat' dir='ltr'>beatus</span> 
     </span>
     <span class='ocr_line' id='line_1_5' title="bbox 289 731 1907 810; baseline -0.001 -12"><span class='ocrx_word' id='word_1_47' title='bbox 289 731 860 809; x_wconf 71' lang='lat' dir='ltr'>chaeldabriel,Rapbael.Michael</span> <span class='ocrx_word' id='word_1_48' title='bbox 870 732 920 794; x_wconf 93' lang='lat' dir='ltr'>est</span> <span class='ocrx_word' id='word_1_49' title='bbox 929 731 1083 808; x_wconf 90' lang='lat' dir='ltr'>princeps</span> <span class='ocrx_word' id='word_1_50' title='bbox 1137 731 1317 808; x_wconf 81' lang='lat' dir='ltr'>Gregorius</span> <span class='ocrx_word' id='word_1_51' title='bbox 1335 747 1343 792; x_wconf 95' lang='lat'><strong>:</strong></span> <span class='ocrx_word' id='word_1_52' title='bbox 1368 739 1440 794; x_wconf 81' lang='lat' dir='ltr'>Aer</span> <span class='ocrx_word' id='word_1_53' title='bbox 1456 737 1532 795; x_wconf 84' lang='lat' dir='ltr'>coelt</span> <span class='ocrx_word' id='word_1_54' title='bbox 1545 735 1708 808; x_wconf 68' lang='lat' dir='ltr'>pumma</span> <span class='ocrx_word' id='word_1_55' title='bbox 1726 735 1907 810; x_wconf 81' lang='lat' dir='ltr'>disponitur,</span> 
     </span>
     <span class='ocr_line' id='line_1_6' title="bbox 288 826 1908 905; baseline -0.002 -9"><span class='ocrx_word' id='word_1_56' title='bbox 288 832 496 902; x_wconf 81' lang='lat' dir='ltr'>certaminis,</span> <span class='ocrx_word' id='word_1_57' title='bbox 526 828 659 892; x_wconf 85' lang='lat' dir='ltr'>Gabriel</span> <span class='ocrx_word' id='word_1_58' title='bbox 687 827 913 898; x_wconf 86' lang='lat' dir='ltr'>revelationis,</span> <span class='ocrx_word' id='word_1_59' title='bbox 934 826 1083 905; x_wconf 82' lang='lat' dir='ltr'>Raphael</span> <span class='ocrx_word' id='word_1_60' title='bbox 1139 830 1237 890; x_wconf 83' lang='lat' dir='ltr'>terra</span> <span class='ocrx_word' id='word_1_61' title='bbox 1251 845 1335 894; x_wconf 82' lang='lat' dir='ltr'>uero</span> <span class='ocrx_word' id='word_1_62' title='bbox 1348 843 1433 891; x_wconf 81' lang='lat' dir='ltr'>aare</span> <span class='ocrx_word' id='word_1_63' title='bbox 1445 832 1662 905; x_wconf 77' lang='lat' dir='ltr'>fecundetur.</span> <span class='ocrx_word' id='word_1_64' title='bbox 1674 833 1714 893; x_wconf 82' lang='lat' dir='ltr'>nt</span> <span class='ocrx_word' id='word_1_65' title='bbox 1739 831 1775 892; x_wconf 92' lang='lat' dir='ltr'>in</span> <span class='ocrx_word' id='word_1_66' title='bbox 1789 834 1908 894; x_wconf 78' lang='lat' dir='ltr'>Genesi:</span> 
     </span>
     <span class='ocr_line' id='line_1_7' title="bbox 287 925 1910 1004; baseline -0.001 -12"><span class='ocrx_word' id='word_1_67' title='bbox 287 929 527 992; x_wconf 83' lang='lat' dir='ltr'>medicaminis.</span> <span class='ocrx_word' id='word_1_68' title='bbox 545 927 609 988; x_wconf 85' lang='lat' dir='ltr'>Sed</span> <span class='ocrx_word' id='word_1_69' title='bbox 623 927 793 988; x_wconf 89' lang='lat' dir='ltr'>sciendum</span> <span class='ocrx_word' id='word_1_70' title='bbox 814 925 970 1004; x_wconf 88' lang='lat' dir='ltr'>estquod</span> <span class='ocrx_word' id='word_1_71' title='bbox 994 925 1083 988; x_wconf 86' lang='lat' dir='ltr'>beati</span> <span class='ocrx_word' id='word_1_72' title='bbox 1144 929 1281 989; x_wconf 85' lang='lat' dir='ltr'>Vocavtt</span> <span class='ocrx_word' id='word_1_73' title='bbox 1293 930 1386 990; x_wconf 83' lang='lat' dir='ltr'>Deus</span> <span class='ocrx_word' id='word_1_74' title='bbox 1397 929 1910 1002; x_wconf 61' lang='lat' dir='ltr'>firmamentumcaetumdoelun</span> 
     </span>
     <span class='ocr_line' id='line_1_8' title="bbox 287 1023 1912 1106; baseline -0.001 -16"><span class='ocrx_word' id='word_1_75' title='bbox 287 1028 399 1106; x_wconf 79' lang='lat' dir='ltr'>angeli</span> <span class='ocrx_word' id='word_1_76' title='bbox 424 1043 491 1088; x_wconf 90' lang='lat' dir='ltr'>non</span> <span class='ocrx_word' id='word_1_77' title='bbox 510 1025 635 1087; x_wconf 86' lang='lat' dir='ltr'>habent</span> <span class='ocrx_word' id='word_1_78' title='bbox 657 1025 793 1086; x_wconf 88' lang='lat' dir='ltr'>nomina</span> <span class='ocrx_word' id='word_1_79' title='bbox 814 1024 926 1085; x_wconf 88' lang='lat' dir='ltr'>inille</span> <span class='ocrx_word' id='word_1_80' title='bbox 949 1023 1084 1087; x_wconf 83' lang='lat' dir='ltr'>civitate</span> <span class='ocrx_word' id='word_1_81' title='bbox 1138 1040 1330 1102; x_wconf 83' lang='lat' dir='ltr'>empyreum</span> <span class='ocrx_word' id='word_1_82' title='bbox 1343 1025 1521 1103; x_wconf 81' lang='lat' dir='ltr'>estinquc</span> <span class='ocrx_word' id='word_1_83' title='bbox 1541 1026 1651 1104; x_wconf 78' lang='lat' dir='ltr'>angeli</span> <span class='ocrx_word' id='word_1_84' title='bbox 1677 1027 1869 1101; x_wconf 81' lang='lat' dir='ltr'>consistunt3</span> <span class='ocrx_word' id='word_1_85' title='bbox 1887 1029 1912 1088; x_wconf 89' lang='lat' dir='ltr'>et</span> 
     </span>
     <span class='ocr_line' id='line_1_9' title="bbox 288 1121 1913 1202; baseline -0.002 -12"><span class='ocrx_word' id='word_1_86' title='bbox 288 1125 436 1198; x_wconf 87' lang='lat' dir='ltr'>coelesti;</span> <span class='ocrx_word' id='word_1_87' title='bbox 452 1122 784 1200; x_wconf 84' lang='lat' dir='ltr'>idcircoquibusdam</span> <span class='ocrx_word' id='word_1_88' title='bbox 798 1121 986 1183; x_wconf 91' lang='lat' dir='ltr'>nominibus</span> <span class='ocrx_word' id='word_1_89' title='bbox 1000 1138 1083 1183; x_wconf 87' lang='lat' dir='ltr'>cen·</span> <span class='ocrx_word' id='word_1_90' title='bbox 1138 1121 1260 1185; x_wconf 90' lang='lat' dir='ltr'>dicitur</span> <span class='ocrx_word' id='word_1_91' title='bbox 1274 1139 1477 1200; x_wconf 80' lang='lat' dir='ltr'>empyreum,</span> <span class='ocrx_word' id='word_1_92' title='bbox 1500 1123 1596 1196; x_wconf 87' lang='lat' dir='ltr'>idest,</span> <span class='ocrx_word' id='word_1_93' title='bbox 1621 1125 1756 1202; x_wconf 85' lang='lat' dir='ltr'>igneum</span> <span class='ocrx_word' id='word_1_94' title='bbox 1781 1141 1800 1186; x_wconf 90' lang='lat' dir='ltr'>a</span> <span class='ocrx_word' id='word_1_95' title='bbox 1822 1125 1913 1202; x_wconf 91' lang='lat' dir='ltr'>splen·</span> 
     </span>
     <span class='ocr_line' id='line_1_10' title="bbox 287 1218 1914 1302; baseline -0.002 -16"><span class='ocrx_word' id='word_1_96' title='bbox 287 1227 414 1296; x_wconf 89' lang='lat' dir='ltr'>sentur,</span> <span class='ocrx_word' id='word_1_97' title='bbox 437 1222 473 1282; x_wconf 89' lang='lat' dir='ltr'>ut</span> <span class='ocrx_word' id='word_1_98' title='bbox 484 1237 544 1299; x_wconf 93' lang='lat' dir='ltr'>per</span> <span class='ocrx_word' id='word_1_99' title='bbox 557 1220 616 1282; x_wconf 89' lang='lat' dir='ltr'>illa</span> <span class='ocrx_word' id='word_1_100' title='bbox 640 1219 775 1282; x_wconf 87' lang='lat' dir='ltr'>nomina</span> <span class='ocrx_word' id='word_1_101' title='bbox 796 1219 988 1294; x_wconf 84' lang='lat' dir='ltr'>designetur</span> <span class='ocrx_word' id='word_1_102' title='bbox 1006 1218 1083 1296; x_wconf 85' lang='lat' dir='ltr'>quid</span> <span class='ocrx_word' id='word_1_103' title='bbox 1139 1219 1230 1292; x_wconf 91' lang='lat' dir='ltr'>dore,</span> <span class='ocrx_word' id='word_1_104' title='bbox 1261 1237 1327 1282; x_wconf 92' lang='lat' dir='ltr'>non</span> <span class='ocrx_word' id='word_1_105' title='bbox 1354 1237 1375 1282; x_wconf 90' lang='lat' dir='ltr'>a</span> <span class='ocrx_word' id='word_1_106' title='bbox 1401 1222 1524 1294; x_wconf 84' lang='lat' dir='ltr'>calore,</span> <span class='ocrx_word' id='word_1_107' title='bbox 1554 1224 1633 1300; x_wconf 82' lang='lat' dir='ltr'>quia</span> <span class='ocrx_word' id='word_1_108' title='bbox 1655 1223 1856 1302; x_wconf 84' lang='lat' dir='ltr'>splendidum</span> <span class='ocrx_word' id='word_1_109' title='bbox 1877 1225 1914 1284; x_wconf 90' lang='lat' dir='ltr'>est</span> 
     </span>
     <span class='ocr_line' id='line_1_11' title="bbox 286 1316 1912 1400; baseline -0.002 -16"><span class='ocrx_word' id='word_1_110' title='bbox 286 1322 323 1384; x_wconf 92' lang='lat' dir='ltr'>in</span> <span class='ocrx_word' id='word_1_111' title='bbox 346 1336 461 1383; x_wconf 91' lang='lat' dir='ltr'>eorum</span> <span class='ocrx_word' id='word_1_112' title='bbox 476 1318 672 1380; x_wconf 88' lang='lat' dir='ltr'>ministeriis</span> <span class='ocrx_word' id='word_1_113' title='bbox 689 1317 817 1394; x_wconf 86' lang='lat' dir='ltr'>agatur.</span> <span class='ocrx_word' id='word_1_114' title='bbox 845 1316 938 1379; x_wconf 92' lang='lat' dir='ltr'>Unde</span> <span class='ocrx_word' id='word_1_115' title='bbox 954 1320 1084 1393; x_wconf 81' lang='lat' dir='ltr'>Grego-</span> <span class='ocrx_word' id='word_1_116' title='bbox 1140 1319 1245 1380; x_wconf 88' lang='lat' dir='ltr'>totum</span> <span class='ocrx_word' id='word_1_117' title='bbox 1260 1319 1359 1397; x_wconf 80' lang='lat' dir='ltr'>atque</span> <span class='ocrx_word' id='word_1_118' title='bbox 1374 1335 1541 1382; x_wconf 89' lang='lat' dir='ltr'>serenum.</span> <span class='ocrx_word' id='word_1_119' title='bbox 1555 1320 1698 1398; x_wconf 85' lang='lat' dir='ltr'>Dignum</span> <span class='ocrx_word' id='word_1_120' title='bbox 1717 1321 1836 1400; x_wconf 83' lang='lat' dir='ltr'>quippe</span> <span class='ocrx_word' id='word_1_121' title='bbox 1856 1320 1912 1392; x_wconf 89' lang='lat' dir='ltr'>luit,</span> 
     </span>
     <span class='ocr_line' id='line_1_12' title="bbox 286 1415 1914 1496; baseline -0.002 -15"><span class='ocrx_word' id='word_1_122' title='bbox 286 1419 375 1481; x_wconf 88' lang='lat' dir='ltr'>rius:</span> <span class='ocrx_word' id='word_1_123' title='bbox 395 1421 458 1480; x_wconf 75' lang='lat' dir='ltr'>«ln</span> <span class='ocrx_word' id='word_1_124' title='bbox 480 1417 537 1478; x_wconf 87' lang='lat' dir='ltr'>illa</span> <span class='ocrx_word' id='word_1_125' title='bbox 552 1416 667 1478; x_wconf 90' lang='lat' dir='ltr'>sancta</span> <span class='ocrx_word' id='word_1_126' title='bbox 691 1415 824 1478; x_wconf 86' lang='lat' dir='ltr'>civitate</span> <span class='ocrx_word' id='word_1_127' title='bbox 849 1431 947 1492; x_wconf 85' lang='lat' dir='ltr'>quam</span> <span class='ocrx_word' id='word_1_128' title='bbox 968 1415 1010 1476; x_wconf 90' lang='lat' dir='ltr'>de</span> <span class='ocrx_word' id='word_1_129' title='bbox 1032 1415 1087 1477; x_wconf 83' lang='lat' dir='ltr'>vi·</span> <span class='ocrx_word' id='word_1_130' title='bbox 1140 1418 1175 1478; x_wconf 89' lang='lat' dir='ltr'>ut</span> <span class='ocrx_word' id='word_1_131' title='bbox 1188 1417 1274 1479; x_wconf 86' lang='lat' dir='ltr'>sicut</span> <span class='ocrx_word' id='word_1_132' title='bbox 1295 1417 1407 1494; x_wconf 85' lang='lat' dir='ltr'>angeli</span> <span class='ocrx_word' id='word_1_133' title='bbox 1429 1419 1507 1480; x_wconf 88' lang='lat' dir='ltr'>sunt</span> <span class='ocrx_word' id='word_1_134' title='bbox 1521 1418 1699 1496; x_wconf 86' lang='lat' dir='ltr'>splendidi,</span> <span class='ocrx_word' id='word_1_135' title='bbox 1715 1419 1763 1480; x_wconf 87' lang='lat' dir='ltr'>ite</span> <span class='ocrx_word' id='word_1_136' title='bbox 1777 1417 1914 1480; x_wconf 86' lang='lat' dir='ltr'>baberent</span> 
     </span>
     <span class='ocr_line' id='line_1_13' title="bbox 289 1511 1549 1593; baseline -0.002 -14"><span class='ocrx_word' id='word_1_137' title='bbox 289 1517 385 1579; x_wconf 92' lang='lat' dir='ltr'>sione</span> <span class='ocrx_word' id='word_1_138' title='bbox 399 1515 633 1593; x_wconf 89' lang='lat' dir='ltr'>omnipotentis</span> <span class='ocrx_word' id='word_1_139' title='bbox 652 1513 711 1575; x_wconf 87' lang='lat' dir='ltr'>Dei</span> <span class='ocrx_word' id='word_1_140' title='bbox 738 1511 836 1590; x_wconf 88' lang='lat' dir='ltr'>plena</span> <span class='ocrx_word' id='word_1_141' title='bbox 858 1513 996 1575; x_wconf 90' lang='lat' dir='ltr'>scientia</span> <span class='ocrx_word' id='word_1_142' title='bbox 1008 1529 1086 1590; x_wconf 90' lang='lat' dir='ltr'>per-</span> <span class='ocrx_word' id='word_1_143' title='bbox 1139 1515 1330 1592; x_wconf 83' lang='lat' dir='ltr'>splendidae</span> <span class='ocrx_word' id='word_1_144' title='bbox 1345 1516 1549 1578; x_wconf 88' lang='lat' dir='ltr'>mansiones.</span> 
     </span>
     <span class='ocr_line' id='line_1_14' title="bbox 287 1611 1914 1696; baseline -0.003 -19"><span class='ocrx_word' id='word_1_145' title='bbox 287 1615 376 1688; x_wconf 86' lang='lat' dir='ltr'>iecit,</span> <span class='ocrx_word' id='word_1_146' title='bbox 387 1612 653 1692; x_wconf 86' lang='lat' dir='ltr'>idcircopropria</span> <span class='ocrx_word' id='word_1_147' title='bbox 663 1611 798 1674; x_wconf 91' lang='lat' dir='ltr'>nomina</span> <span class='ocrx_word' id='word_1_148' title='bbox 813 1611 1007 1684; x_wconf 90' lang='lat' dir='ltr'>sortiuntur,</span> <span class='ocrx_word' id='word_1_149' title='bbox 1017 1627 1084 1673; x_wconf 90' lang='lat' dir='ltr'>non</span> <span class='ocrx_word' id='word_1_150' title='bbox 1178 1615 1225 1674; x_wconf 86' lang='lat' dir='ltr'>be</span> <span class='ocrx_word' id='word_1_151' title='bbox 1238 1612 1301 1674; x_wconf 89' lang='lat' dir='ltr'>boc</span> <span class='ocrx_word' id='word_1_152' title='bbox 1313 1612 1397 1674; x_wconf 81' lang='lat' dir='ltr'>coslo</span> <span class='ocrx_word' id='word_1_153' title='bbox 1412 1613 1528 1696; x_wconf 87' lang='lat' dir='ltr'>dicunt</span> <span class='ocrx_word' id='word_1_154' title='bbox 1538 1613 1702 1687; x_wconf 88' lang='lat' dir='ltr'>doctores,</span> <span class='ocrx_word' id='word_1_155' title='bbox 1724 1613 1807 1692; x_wconf 86' lang='lat' dir='ltr'>quod</span> <span class='ocrx_word' id='word_1_156' title='bbox 1824 1613 1914 1674; x_wconf 88' lang='lat' dir='ltr'>statim</span> 
     </span>
     <span class='ocr_line' id='line_1_15' title="bbox 288 1708 1914 1792; baseline -0.002 -16"><span class='ocrx_word' id='word_1_157' title='bbox 288 1713 374 1792; x_wconf 81' lang='lat' dir='ltr'>quod</span> <span class='ocrx_word' id='word_1_158' title='bbox 390 1729 504 1776; x_wconf 91' lang='lat' dir='ltr'>eorum</span> <span class='ocrx_word' id='word_1_159' title='bbox 524 1725 676 1790; x_wconf 83' lang='lat' dir='ltr'>personae</span> <span class='ocrx_word' id='word_1_160' title='bbox 697 1710 770 1770; x_wconf 90' lang='lat' dir='ltr'>sine</span> <span class='ocrx_word' id='word_1_161' title='bbox 791 1708 979 1770; x_wconf 90' lang='lat' dir='ltr'>nominibus</span> <span class='ocrx_word' id='word_1_162' title='bbox 1005 1709 1084 1771; x_wconf 86' lang='lat' dir='ltr'>sciri</span> <span class='ocrx_word' id='word_1_163' title='bbox 1139 1711 1175 1772; x_wconf 92' lang='lat' dir='ltr'>ut</span> <span class='ocrx_word' id='word_1_164' title='bbox 1189 1709 1312 1772; x_wconf 83' lang='lat' dir='ltr'>laetum</span> <span class='ocrx_word' id='word_1_165' title='bbox 1332 1711 1392 1779; x_wconf 87' lang='lat' dir='ltr'>est,</span> <span class='ocrx_word' id='word_1_166' title='bbox 1417 1711 1546 1788; x_wconf 86' lang='lat' dir='ltr'>angelis</span> <span class='ocrx_word' id='word_1_167' title='bbox 1567 1713 1730 1789; x_wconf 90' lang='lat' dir='ltr'>repletum</span> <span class='ocrx_word' id='word_1_168' title='bbox 1757 1713 1817 1774; x_wconf 90' lang='lat' dir='ltr'>est.</span> <span class='ocrx_word' id='word_1_169' title='bbox 1841 1710 1914 1772; x_wconf 89' lang='lat' dir='ltr'>Unde</span> 
     </span>
     <span class='ocr_line' id='line_1_16' title="bbox 288 1805 1914 1889; baseline -0.004 -16"><span class='ocrx_word' id='word_1_170' title='bbox 288 1827 355 1874; x_wconf 91' lang='lat' dir='ltr'>non</span> <span class='ocrx_word' id='word_1_171' title='bbox 367 1811 517 1889; x_wconf 88' lang='lat' dir='ltr'>possunt,</span> <span class='ocrx_word' id='word_1_172' title='bbox 533 1808 591 1870; x_wconf 89' lang='lat' dir='ltr'>sed</span> <span class='ocrx_word' id='word_1_173' title='bbox 602 1824 676 1870; x_wconf 91' lang='lat' dir='ltr'>cum</span> <span class='ocrx_word' id='word_1_174' title='bbox 698 1807 739 1869; x_wconf 92' lang='lat' dir='ltr'>ad</span> <span class='ocrx_word' id='word_1_175' title='bbox 755 1823 816 1868; x_wconf 91' lang='lat' dir='ltr'>nos</span> <span class='ocrx_word' id='word_1_176' title='bbox 827 1806 953 1885; x_wconf 85' lang='lat' dir='ltr'>aliquid</span> <span class='ocrx_word' id='word_1_177' title='bbox 965 1807 1084 1868; x_wconf 88' lang='lat' dir='ltr'>minis·</span> <span class='ocrx_word' id='word_1_178' title='bbox 1138 1808 1265 1872; x_wconf 84' lang='lat' dir='ltr'>Dauid:</span> <span class='ocrx_word' id='word_1_179' title='bbox 1282 1812 1411 1872; x_wconf 78' lang='lat' dir='ltr'>Ocelum</span> <span class='ocrx_word' id='word_1_180' title='bbox 1425 1813 1500 1872; x_wconf 84' lang='lat' dir='ltr'>coeti</span> <span class='ocrx_word' id='word_1_181' title='bbox 1514 1813 1661 1874; x_wconf 74' lang='lat' dir='ltr'>omnino</span> <span class='ocrx_word' id='word_1_182' title='bbox 1676 1831 1685 1870; x_wconf 74' lang='grc' dir='ltr'><strong>ε</strong></span> <span class='ocrx_word' id='word_1_183' title='bbox 1703 1809 1774 1889; x_wconf 87' lang='grc' dir='ltr'><strong>(Ρε.</strong></span> <span class='ocrx_word' id='word_1_184' title='bbox 1785 1811 1848 1882; x_wconf 85' lang='grc'><strong>113,</strong></span> <span class='ocrx_word' id='word_1_185' title='bbox 1863 1805 1914 1886; x_wconf 83' lang='lat' dir='ltr'>ld).</span> 
     </span>
     <span class='ocr_line' id='line_1_17' title="bbox 287 1905 1916 1983; baseline -0.004 -11"><span class='ocrx_word' id='word_1_186' title='bbox 287 1911 410 1972; x_wconf 90' lang='lat' dir='ltr'>tratum</span> <span class='ocrx_word' id='word_1_187' title='bbox 421 1909 569 1982; x_wconf 86' lang='lat' dir='ltr'>veniunt,</span> <span class='ocrx_word' id='word_1_188' title='bbox 585 1907 686 1969; x_wconf 87' lang='lat' dir='ltr'>etiam</span> <span class='ocrx_word' id='word_1_189' title='bbox 707 1905 794 1983; x_wconf 88' lang='lat' dir='ltr'>apud</span> <span class='ocrx_word' id='word_1_190' title='bbox 820 1921 882 1966; x_wconf 89' lang='lat' dir='ltr'>nes</span> <span class='ocrx_word' id='word_1_191' title='bbox 897 1905 1032 1967; x_wconf 90' lang='lat' dir='ltr'>nomina</span> <span class='ocrx_word' id='word_1_192' title='bbox 1048 1905 1084 1968; x_wconf 93' lang='lat' dir='ltr'>in</span> <span class='ocrx_word' id='word_1_193' title='bbox 1138 1908 1228 1968; x_wconf 84' lang='lat' dir='ltr'>Deus</span> <span class='ocrx_word' id='word_1_194' title='bbox 1242 1908 1343 1969; x_wconf 87' lang='lat' dir='ltr'>Pater</span> <span class='ocrx_word' id='word_1_195' title='bbox 1357 1906 1447 1969; x_wconf 90' lang='lat' dir='ltr'>dedit</span> <span class='ocrx_word' id='word_1_196' title='bbox 1459 1907 1579 1968; x_wconf 86' lang='lat' dir='ltr'>coelum</span> <span class='ocrx_word' id='word_1_197' title='bbox 1594 1906 1736 1971; x_wconf 90' lang='lat' dir='ltr'>Domino</span> <span class='ocrx_word' id='word_1_198' title='bbox 1751 1907 1835 1980; x_wconf 87' lang='lat' dir='ltr'>eceli,</span> <span class='ocrx_word' id='word_1_199' title='bbox 1848 1906 1916 1968; x_wconf 86' lang='lat' dir='ltr'>idest</span> 
     </span>
     <span class='ocr_line' id='line_1_18' title="bbox 288 2004 1915 2082; baseline -0.006 -10"><span class='ocrx_word' id='word_1_200' title='bbox 288 2006 483 2072; x_wconf 91' lang='lat' dir='ltr'>ministeriis</span> <span class='ocrx_word' id='word_1_201' title='bbox 498 2005 674 2068; x_wconf 77' lang='lat' dir='ltr'>trabunt.»</span> <span class='ocrx_word' id='word_1_202' title='bbox 1138 2004 1207 2066; x_wconf 87' lang='lat' dir='ltr'>tilio</span> <span class='ocrx_word' id='word_1_203' title='bbox 1231 2020 1304 2077; x_wconf 93' lang='lat' dir='ltr'>suo,</span> <span class='ocrx_word' id='word_1_204' title='bbox 1330 2005 1367 2066; x_wconf 92' lang='lat' dir='ltr'>ut</span> <span class='ocrx_word' id='word_1_205' title='bbox 1386 2004 1433 2066; x_wconf 92' lang='lat' dir='ltr'>ibi</span> <span class='ocrx_word' id='word_1_206' title='bbox 1451 2007 1569 2082; x_wconf 83' lang='lat' dir='ltr'>regnet</span> <span class='ocrx_word' id='word_1_207' title='bbox 1582 2021 1656 2068; x_wconf 91' lang='lat' dir='ltr'>cum</span> <span class='ocrx_word' id='word_1_208' title='bbox 1670 2005 1787 2068; x_wconf 87' lang='lat' dir='ltr'>electis</span> <span class='ocrx_word' id='word_1_209' title='bbox 1801 2005 1874 2066; x_wconf 89' lang='lat' dir='ltr'>suis.</span> <span class='ocrx_word' id='word_1_210' title='bbox 1888 2005 1915 2064; x_wconf 91' lang='lat' dir='ltr'>ln</span> 
     </span>
    </p>

    <p class='ocr_par' dir='ltr' id='par_1_3' title="bbox 281 2102 1979 5222">
     <span class='ocr_line' id='line_1_19' title="bbox 327 2102 1916 2182; baseline -0.004 -15"><span class='ocrx_word' id='word_1_211' title='bbox 327 2105 471 2168; x_wconf 89' lang='lat' dir='ltr'>Michael</span> <span class='ocrx_word' id='word_1_212' title='bbox 499 2102 753 2181; x_wconf 85' lang='lat' dir='ltr'>interpretatur:</span> <span class='ocrx_word' id='word_1_213' title='bbox 782 2105 859 2178; x_wconf 76' lang='lat' dir='ltr'>puts</span> <span class='ocrx_word' id='word_1_214' title='bbox 897 2102 938 2164; x_wconf 86' lang='lat' dir='ltr'>ut</span> <span class='ocrx_word' id='word_1_215' title='bbox 974 2103 1086 2182; x_wconf 69' lang='lat' dir='ltr'>Debet</span> <span class='ocrx_word' id='word_1_216' title='bbox 1139 2103 1234 2176; x_wconf 85' lang='lat' dir='ltr'>coelo,</span> <span class='ocrx_word' id='word_1_217' title='bbox 1250 2102 1346 2176; x_wconf 88' lang='lat' dir='ltr'>idest,</span> <span class='ocrx_word' id='word_1_218' title='bbox 1362 2102 1771 2181; x_wconf 83' lang='lat' dir='ltr'>inaereistotitpraelium</span> <span class='ocrx_word' id='word_1_219' title='bbox 1782 2117 1916 2179; x_wconf 88' lang='lat' dir='ltr'>magnum</span> 
     </span>
     <span class='ocr_line' id='line_1_20' title="bbox 290 2199 1916 2278; baseline -0.005 -12"><span class='ocrx_word' id='word_1_220' title='bbox 290 2203 423 2266; x_wconf 84' lang='lat' dir='ltr'>Gabriel</span> <span class='ocrx_word' id='word_1_221' title='bbox 446 2203 613 2278; x_wconf 77' lang='lat' dir='ltr'>fortitudo</span> <span class='ocrx_word' id='word_1_222' title='bbox 633 2205 708 2274; x_wconf 85' lang='lat' dir='ltr'>Det,</span> <span class='ocrx_word' id='word_1_223' title='bbox 741 2199 890 2277; x_wconf 86' lang='lat' dir='ltr'>Rapbael</span> <span class='ocrx_word' id='word_1_224' title='bbox 915 2203 1086 2262; x_wconf 84' lang='lat' dir='ltr'>medtctna</span> <span class='ocrx_word' id='word_1_225' title='bbox 1138 2201 1333 2276; x_wconf 90' lang='lat' dir='ltr'>angelorum</span> <span class='ocrx_word' id='word_1_226' title='bbox 1360 2201 1394 2262; x_wconf 89' lang='lat' dir='ltr'>et</span> <span class='ocrx_word' id='word_1_227' title='bbox 1421 2200 1619 2262; x_wconf 77' lang='lat' dir='ltr'>daemonum.</span> <span class='ocrx_word' id='word_1_228' title='bbox 1638 2203 1726 2264; x_wconf 90' lang='lat' dir='ltr'>Boni</span> <span class='ocrx_word' id='word_1_229' title='bbox 1748 2201 1916 2277; x_wconf 88' lang='lat' dir='ltr'>angelipu-</span> 
     </span>
     <span class='ocr_line' id='line_1_21' title="bbox 287 2289 1916 2378; baseline -0.005 -12"><span class='ocrx_word' id='word_1_230' title='bbox 287 2305 363 2366; x_wconf 83' lang='lat' dir='ltr'>Dei.</span> <span class='ocrx_word' id='word_1_231' title='bbox 379 2299 582 2362; x_wconf 84' lang='lat' dir='ltr'>Michaelest</span> <span class='ocrx_word' id='word_1_232' title='bbox 595 2299 749 2377; x_wconf 87' lang='lat' dir='ltr'>princeps</span> <span class='ocrx_word' id='word_1_233' title='bbox 764 2297 956 2360; x_wconf 79' lang='lat' dir='ltr'>certaminis</span> <span class='ocrx_word' id='word_1_234' title='bbox 970 2289 1085 2360; x_wconf 88' lang='lat' dir='ltr'>contra</span> <span class='ocrx_word' id='word_1_235' title='bbox 1138 2300 1243 2376; x_wconf 84' lang='lat' dir='ltr'>guent</span> <span class='ocrx_word' id='word_1_236' title='bbox 1269 2299 1415 2378; x_wconf 86' lang='lat' dir='ltr'>quotidie</span> <span class='ocrx_word' id='word_1_237' title='bbox 1451 2315 1512 2378; x_wconf 93' lang='lat' dir='ltr'>pro</span> <span class='ocrx_word' id='word_1_238' title='bbox 1544 2300 1653 2362; x_wconf 87' lang='lat' dir='ltr'>salute</span> <span class='ocrx_word' id='word_1_239' title='bbox 1682 2303 1823 2372; x_wconf 88' lang='lat' dir='ltr'>nostra;</span> <span class='ocrx_word' id='word_1_240' title='bbox 1853 2296 1916 2360; x_wconf 89' lang='lat' dir='ltr'>mali</span> 
     </span>
     <span class='ocr_line' id='line_1_22' title="bbox 286 2395 1917 2476; baseline -0.004 -14"><span class='ocrx_word' id='word_1_241' title='bbox 286 2400 464 2462; x_wconf 88' lang='lat' dir='ltr'>diabolum.</span> <span class='ocrx_word' id='word_1_242' title='bbox 479 2399 518 2460; x_wconf 77' lang='lat' dir='ltr'>ut</span> <span class='ocrx_word' id='word_1_243' title='bbox 538 2398 612 2459; x_wconf 93' lang='lat' dir='ltr'>ideo</span> <span class='ocrx_word' id='word_1_244' title='bbox 625 2397 748 2458; x_wconf 92' lang='lat' dir='ltr'>dicitur</span> <span class='ocrx_word' id='word_1_245' title='bbox 762 2396 916 2468; x_wconf 87' lang='lat' dir='ltr'>Michael,</span> <span class='ocrx_word' id='word_1_246' title='bbox 933 2395 1019 2474; x_wconf 85' lang='lat' dir='ltr'>quod</span> <span class='ocrx_word' id='word_1_247' title='bbox 1033 2395 1086 2457; x_wconf 93' lang='lat' dir='ltr'>in·</span> <span class='ocrx_word' id='word_1_248' title='bbox 1139 2398 1250 2460; x_wconf 88' lang='lat' dir='ltr'>autem</span> <span class='ocrx_word' id='word_1_249' title='bbox 1264 2397 1467 2459; x_wconf 87' lang='lat' dir='ltr'>contendunt</span> <span class='ocrx_word' id='word_1_250' title='bbox 1481 2414 1556 2460; x_wconf 91' lang='lat' dir='ltr'>cum</span> <span class='ocrx_word' id='word_1_251' title='bbox 1564 2397 1659 2460; x_wconf 91' lang='lat' dir='ltr'>bonis</span> <span class='ocrx_word' id='word_1_252' title='bbox 1670 2414 1732 2476; x_wconf 89' lang='lat' dir='ltr'>pro</span> <span class='ocrx_word' id='word_1_253' title='bbox 1743 2399 1853 2460; x_wconf 88' lang='lat' dir='ltr'>nostra</span> <span class='ocrx_word' id='word_1_254' title='bbox 1862 2409 1917 2474; x_wconf 77' lang='lat' dir='ltr'>per</span> 
     </span>
     <span class='ocr_line' id='line_1_23' title="bbox 285 2494 1917 2576; baseline -0.005 -14"><span class='ocrx_word' id='word_1_255' title='bbox 285 2497 499 2576; x_wconf 85' lang='lat' dir='ltr'>terpretatur,</span> <span class='ocrx_word' id='word_1_256' title='bbox 515 2500 592 2572; x_wconf 73' lang='lat' dir='ltr'>eas</span> <span class='ocrx_word' id='word_1_257' title='bbox 606 2496 644 2557; x_wconf 82' lang='lat' dir='ltr'>ut</span> <span class='ocrx_word' id='word_1_258' title='bbox 656 2495 775 2558; x_wconf 82' lang='lat' dir='ltr'>Deest</span> <span class='ocrx_word' id='word_1_259' title='bbox 795 2494 879 2565; x_wconf 90' lang='lat' dir='ltr'>Quia</span> <span class='ocrx_word' id='word_1_260' title='bbox 898 2496 1024 2572; x_wconf 83' lang='lat' dir='ltr'>pugnat</span> <span class='ocrx_word' id='word_1_261' title='bbox 1042 2509 1086 2556; x_wconf 84' lang='lat' dir='ltr'>ex</span> <span class='ocrx_word' id='word_1_262' title='bbox 1139 2495 1275 2557; x_wconf 90' lang='lat' dir='ltr'>ditione.</span> <span class='ocrx_word' id='word_1_263' title='bbox 1292 2495 1427 2568; x_wconf 83' lang='lat' dir='ltr'>Quoties</span> <span class='ocrx_word' id='word_1_264' title='bbox 1449 2496 1634 2560; x_wconf 86' lang='lat' dir='ltr'>resistimus</span> <span class='ocrx_word' id='word_1_265' title='bbox 1647 2495 1741 2558; x_wconf 79' lang='lat' dir='ltr'>vitiis</span> <span class='ocrx_word' id='word_1_266' title='bbox 1760 2499 1794 2558; x_wconf 90' lang='lat' dir='ltr'>et</span> <span class='ocrx_word' id='word_1_267' title='bbox 1810 2495 1917 2556; x_wconf 86' lang='lat' dir='ltr'>daemo-</span> 
     </span>
     <span class='ocr_line' id='line_1_24' title="bbox 285 2591 1916 2672; baseline -0.006 -12"><span class='ocrx_word' id='word_1_268' title='bbox 285 2597 409 2660; x_wconf 79' lang='lat' dir='ltr'>rirtute</span> <span class='ocrx_word' id='word_1_269' title='bbox 423 2597 455 2657; x_wconf 90' lang='lat' dir='ltr'>et</span> <span class='ocrx_word' id='word_1_270' title='bbox 470 2593 634 2672; x_wconf 89' lang='lat' dir='ltr'>sapientia</span> <span class='ocrx_word' id='word_1_271' title='bbox 652 2593 723 2654; x_wconf 88' lang='lat' dir='ltr'>Dei.</span> <span class='ocrx_word' id='word_1_272' title='bbox 747 2591 806 2653; x_wconf 86' lang='lat' dir='ltr'>Gui</span> <span class='ocrx_word' id='word_1_273' title='bbox 831 2592 944 2653; x_wconf 89' lang='lat' dir='ltr'>nullus</span> <span class='ocrx_word' id='word_1_274' title='bbox 966 2591 1085 2654; x_wconf 88' lang='lat' dir='ltr'>similis</span> <span class='ocrx_word' id='word_1_275' title='bbox 1140 2593 1237 2656; x_wconf 89' lang='lat' dir='ltr'>nibus</span> <span class='ocrx_word' id='word_1_276' title='bbox 1260 2609 1321 2656; x_wconf 86' lang='lat' dir='ltr'>nos</span> <span class='ocrx_word' id='word_1_277' title='bbox 1335 2593 1550 2667; x_wconf 84' lang='lat' dir='ltr'>tentantibus,</span> <span class='ocrx_word' id='word_1_278' title='bbox 1567 2594 1666 2656; x_wconf 90' lang='lat' dir='ltr'>toties</span> <span class='ocrx_word' id='word_1_279' title='bbox 1680 2609 1742 2672; x_wconf 92' lang='lat' dir='ltr'>pro</span> <span class='ocrx_word' id='word_1_280' title='bbox 1763 2592 1853 2656; x_wconf 90' lang='lat' dir='ltr'>nobis</span> <span class='ocrx_word' id='word_1_281' title='bbox 1865 2607 1916 2669; x_wconf 92' lang='lat' dir='ltr'>pu-</span> 
     </span>
     <span class='ocr_line' id='line_1_25' title="bbox 287 2689 1917 2770; baseline -0.004 -15"><span class='ocrx_word' id='word_1_282' title='bbox 287 2695 347 2766; x_wconf 90' lang='lat' dir='ltr'>est,</span> <span class='ocrx_word' id='word_1_283' title='bbox 365 2693 398 2754; x_wconf 92' lang='lat' dir='ltr'>et</span> <span class='ocrx_word' id='word_1_284' title='bbox 406 2708 450 2754; x_wconf 86' lang='lat' dir='ltr'>ex</span> <span class='ocrx_word' id='word_1_285' title='bbox 460 2692 582 2754; x_wconf 84' lang='lat' dir='ltr'>virtute</span> <span class='ocrx_word' id='word_1_286' title='bbox 592 2690 654 2753; x_wconf 87' lang='lat' dir='ltr'>Dei</span> <span class='ocrx_word' id='word_1_287' title='bbox 664 2689 800 2767; x_wconf 88' lang='lat' dir='ltr'>superat</span> <span class='ocrx_word' id='word_1_288' title='bbox 811 2690 1007 2766; x_wconf 85' lang='lat' dir='ltr'>potestatem</span> <span class='ocrx_word' id='word_1_289' title='bbox 1017 2689 1086 2750; x_wconf 86' lang='lat' dir='ltr'>dia·</span> <span class='ocrx_word' id='word_1_290' title='bbox 1138 2691 1219 2768; x_wconf 88' lang='lat' dir='ltr'>gnat</span> <span class='ocrx_word' id='word_1_291' title='bbox 1236 2690 1390 2764; x_wconf 87' lang='lat' dir='ltr'>Michael,</span> <span class='ocrx_word' id='word_1_292' title='bbox 1419 2691 1497 2770; x_wconf 85' lang='lat' dir='ltr'>quie</span> <span class='ocrx_word' id='word_1_293' title='bbox 1511 2691 1583 2770; x_wconf 91' lang='lat' dir='ltr'>ipse</span> <span class='ocrx_word' id='word_1_294' title='bbox 1594 2693 1628 2754; x_wconf 88' lang='lat' dir='ltr'>et</span> <span class='ocrx_word' id='word_1_295' title='bbox 1648 2692 1762 2769; x_wconf 84' lang='lat' dir='ltr'>angeli</span> <span class='ocrx_word' id='word_1_296' title='bbox 1782 2695 1849 2770; x_wconf 88' lang='lat' dir='ltr'>ejus</span> <span class='ocrx_word' id='word_1_297' title='bbox 1871 2703 1917 2766; x_wconf 89' lang='lat' dir='ltr'>pro</span> 
     </span>
     <span class='ocr_line' id='line_1_26' title="bbox 286 2785 1917 2868; baseline -0.004 -14"><span class='ocrx_word' id='word_1_298' title='bbox 286 2791 372 2864; x_wconf 89' lang='lat' dir='ltr'>boli,</span> <span class='ocrx_word' id='word_1_299' title='bbox 388 2807 432 2852; x_wconf 84' lang='lat' dir='ltr'>ex</span> <span class='ocrx_word' id='word_1_300' title='bbox 443 2789 607 2866; x_wconf 88' lang='lat' dir='ltr'>sapientia</span> <span class='ocrx_word' id='word_1_301' title='bbox 625 2786 731 2848; x_wconf 81' lang='lat' dir='ltr'>vincit</span> <span class='ocrx_word' id='word_1_302' title='bbox 744 2785 900 2848; x_wconf 88' lang='lat' dir='ltr'>astutiam</span> <span class='ocrx_word' id='word_1_303' title='bbox 922 2788 1005 2863; x_wconf 89' lang='lat' dir='ltr'>ejus,</span> <span class='ocrx_word' id='word_1_304' title='bbox 1028 2787 1086 2864; x_wconf 89' lang='lat' dir='ltr'>qui</span> <span class='ocrx_word' id='word_1_305' title='bbox 1139 2787 1235 2850; x_wconf 90' lang='lat' dir='ltr'>nobis</span> <span class='ocrx_word' id='word_1_306' title='bbox 1249 2789 1396 2851; x_wconf 89' lang='lat' dir='ltr'>militant</span> <span class='ocrx_word' id='word_1_307' title='bbox 1410 2788 1445 2851; x_wconf 90' lang='lat' dir='ltr'>in</span> <span class='ocrx_word' id='word_1_308' title='bbox 1459 2789 1614 2864; x_wconf 83' lang='lat' dir='ltr'>excelsis,</span> <span class='ocrx_word' id='word_1_309' title='bbox 1639 2791 1697 2868; x_wconf 90' lang='lat' dir='ltr'>qui</span> <span class='ocrx_word' id='word_1_310' title='bbox 1714 2791 1750 2852; x_wconf 89' lang='lat' dir='ltr'>et</span> <span class='ocrx_word' id='word_1_311' title='bbox 1773 2790 1917 2851; x_wconf 86' lang='lat' dir='ltr'>daemones</span> 
     </span>
     <span class='ocr_line' id='line_1_27' title="bbox 286 2883 1916 2966; baseline -0.006 -14"><span class='ocrx_word' id='word_1_312' title='bbox 286 2889 427 2952; x_wconf 90' lang='lat' dir='ltr'>innullo</span> <span class='ocrx_word' id='word_1_313' title='bbox 440 2884 693 2966; x_wconf 81' lang='lat' dir='ltr'>potestiallirel</span> <span class='ocrx_word' id='word_1_314' title='bbox 708 2883 974 2962; x_wconf 89' lang='lat' dir='ltr'>superari.Unde</span> <span class='ocrx_word' id='word_1_315' title='bbox 988 2886 1086 2947; x_wconf 82' lang='lat' dir='ltr'>toan·</span> <span class='ocrx_word' id='word_1_316' title='bbox 1140 2885 1266 2963; x_wconf 82' lang='lat' dir='ltr'>rugant,</span> <span class='ocrx_word' id='word_1_317' title='bbox 1295 2887 1330 2950; x_wconf 88' lang='lat' dir='ltr'>et</span> <span class='ocrx_word' id='word_1_318' title='bbox 1354 2886 1450 2950; x_wconf 87' lang='lat' dir='ltr'>nobis</span> <span class='ocrx_word' id='word_1_319' title='bbox 1478 2888 1642 2950; x_wconf 85' lang='lat' dir='ltr'>auxilium</span> <span class='ocrx_word' id='word_1_320' title='bbox 1670 2885 1916 2951; x_wconf 80' lang='lat' dir='ltr'>subministrant</span> 
     </span>
     <span class='ocr_line' id='line_1_28' title="bbox 287 2980 1917 3063; baseline -0.006 -13"><span class='ocrx_word' id='word_1_321' title='bbox 287 3003 358 3060; x_wconf 89' lang='lat' dir='ltr'>nes,</span> <span class='ocrx_word' id='word_1_322' title='bbox 387 2987 422 3048; x_wconf 92' lang='lat' dir='ltr'>in</span> <span class='ocrx_word' id='word_1_323' title='bbox 446 2983 672 3063; x_wconf 88' lang='lat' dir='ltr'>Apocalypsi:</span> <span class='ocrx_word' id='word_1_324' title='bbox 688 2984 834 3044; x_wconf 82' lang='lat' dir='ltr'>Factum</span> <span class='ocrx_word' id='word_1_325' title='bbox 860 2984 912 3044; x_wconf 86' lang='lat' dir='ltr'>cst</span> <span class='ocrx_word' id='word_1_326' title='bbox 924 2986 1085 3057; x_wconf 76' lang='lat' dir='ltr'>pretium</span> <span class='ocrx_word' id='word_1_327' title='bbox 1139 2984 1297 3046; x_wconf 89' lang='lat' dir='ltr'>Diabolus</span> <span class='ocrx_word' id='word_1_328' title='bbox 1312 2985 1483 3048; x_wconf 90' lang='lat' dir='ltr'>contendit</span> <span class='ocrx_word' id='word_1_329' title='bbox 1492 3002 1553 3048; x_wconf 88' lang='lat' dir='ltr'>nos</span> <span class='ocrx_word' id='word_1_330' title='bbox 1568 2986 1728 3048; x_wconf 87' lang='lat' dir='ltr'>damnare</span> <span class='ocrx_word' id='word_1_331' title='bbox 1741 2988 1775 3048; x_wconf 94' lang='lat' dir='ltr'>et</span> <span class='ocrx_word' id='word_1_332' title='bbox 1795 2980 1917 3046; x_wconf 85' lang='lat' dir='ltr'>Michael</span> 
     </span>
     <span class='ocr_line' id='line_1_29' title="bbox 287 3077 1917 3163; baseline -0.006 -15"><span class='ocrx_word' id='word_1_333' title='bbox 287 3101 454 3163; x_wconf 65' lang='lat' dir='ltr'>amputem</span> <span class='ocrx_word' id='word_1_334' title='bbox 475 3087 513 3144; x_wconf 81' lang='lat' dir='ltr'>tn</span> <span class='ocrx_word' id='word_1_335' title='bbox 535 3087 628 3146; x_wconf 82' lang='lat' dir='ltr'>caeto.</span> <span class='ocrx_word' id='word_1_336' title='bbox 649 3083 730 3142; x_wconf 86' lang='lat' dir='ltr'>Tres</span> <span class='ocrx_word' id='word_1_337' title='bbox 746 3082 824 3142; x_wconf 90' lang='lat' dir='ltr'>sunt</span> <span class='ocrx_word' id='word_1_338' title='bbox 835 3079 911 3142; x_wconf 86' lang='lat' dir='ltr'>coeli</span> <span class='ocrx_word' id='word_1_339' title='bbox 939 3081 980 3142; x_wconf 92' lang='lat' dir='ltr'>ad</span> <span class='ocrx_word' id='word_1_340' title='bbox 1003 3096 1084 3158; x_wconf 85' lang='lat' dir='ltr'>quos</span> <span class='ocrx_word' id='word_1_341' title='bbox 1134 3082 1333 3160; x_wconf 82' lang='lat' dir='ltr'>justificare.</span> <span class='ocrx_word' id='word_1_342' title='bbox 1341 3083 1499 3145; x_wconf 86' lang='lat' dir='ltr'>Diabolus</span> <span class='ocrx_word' id='word_1_343' title='bbox 1508 3083 1640 3146; x_wconf 85' lang='lat' dir='ltr'>laborat</span> <span class='ocrx_word' id='word_1_344' title='bbox 1651 3085 1686 3145; x_wconf 87' lang='lat' dir='ltr'>ut</span> <span class='ocrx_word' id='word_1_345' title='bbox 1695 3085 1810 3146; x_wconf 88' lang='lat' dir='ltr'>trabat</span> <span class='ocrx_word' id='word_1_346' title='bbox 1821 3099 1874 3144; x_wconf 91' lang='lat' dir='ltr'>nos</span> <span class='ocrx_word' id='word_1_347' title='bbox 1885 3077 1917 3140; x_wconf 88' lang='lat' dir='ltr'>ad</span> 
     </span>
     <span class='ocr_line' id='line_1_30' title="bbox 286 3176 1920 3262; baseline -0.005 -16"><span class='ocrx_word' id='word_1_348' title='bbox 286 3185 448 3262; x_wconf 89' lang='lat' dir='ltr'>rapimur.</span> <span class='ocrx_word' id='word_1_349' title='bbox 468 3181 621 3258; x_wconf 86' lang='lat' dir='ltr'>Dignitas</span> <span class='ocrx_word' id='word_1_350' title='bbox 650 3178 886 3241; x_wconf 88' lang='lat' dir='ltr'>ecclesiasticae</span> <span class='ocrx_word' id='word_1_351' title='bbox 912 3176 1083 3260; x_wconf 89' lang='lat' dir='ltr'>[pietatis],</span> <span class='ocrx_word' id='word_1_352' title='bbox 1139 3180 1315 3254; x_wconf 80' lang='lat' dir='ltr'>internum,</span> <span class='ocrx_word' id='word_1_353' title='bbox 1329 3185 1363 3242; x_wconf 92' lang='lat' dir='ltr'>et</span> <span class='ocrx_word' id='word_1_354' title='bbox 1377 3181 1519 3243; x_wconf 88' lang='lat' dir='ltr'>Michael</span> <span class='ocrx_word' id='word_1_355' title='bbox 1535 3183 1571 3244; x_wconf 89' lang='lat' dir='ltr'>nt</span> <span class='ocrx_word' id='word_1_356' title='bbox 1582 3182 1810 3260; x_wconf 87' lang='lat' dir='ltr'>perducatnos</span> <span class='ocrx_word' id='word_1_357' title='bbox 1821 3180 1859 3242; x_wconf 89' lang='lat' dir='ltr'>ad</span> <span class='ocrx_word' id='word_1_358' title='bbox 1871 3193 1920 3256; x_wconf 86' lang='lat' dir='ltr'>pe·</span> 
     </span>
     <span class='ocr_line' id='line_1_31' title="bbox 287 3275 1918 3360; baseline -0.006 -16"><span class='ocrx_word' id='word_1_359' title='bbox 287 3282 330 3344; x_wconf 85' lang='lat' dir='ltr'>ad</span> <span class='ocrx_word' id='word_1_360' title='bbox 348 3297 447 3360; x_wconf 86' lang='lat' dir='ltr'>quam</span> <span class='ocrx_word' id='word_1_361' title='bbox 466 3279 595 3357; x_wconf 87' lang='lat' dir='ltr'>rapitur</span> <span class='ocrx_word' id='word_1_362' title='bbox 614 3277 729 3340; x_wconf 84' lang='lat' dir='ltr'>Helias</span> <span class='ocrx_word' id='word_1_363' title='bbox 744 3277 779 3338; x_wconf 90' lang='lat' dir='ltr'>in</span> <span class='ocrx_word' id='word_1_364' title='bbox 792 3291 947 3355; x_wconf 85' lang='lat' dir='ltr'>corpore;</span> <span class='ocrx_word' id='word_1_365' title='bbox 961 3277 1084 3338; x_wconf 84' lang='lat' dir='ltr'>veritas</span> <span class='ocrx_word' id='word_1_366' title='bbox 1137 3278 1297 3340; x_wconf 87' lang='lat' dir='ltr'>radisum.</span> <span class='ocrx_word' id='word_1_367' title='bbox 1312 3281 1352 3340; x_wconf 82' lang='lat' dir='ltr'>Et</span> <span class='ocrx_word' id='word_1_368' title='bbox 1364 3279 1441 3358; x_wconf 83' lang='lat' dir='ltr'>quia</span> <span class='ocrx_word' id='word_1_369' title='bbox 1456 3279 1543 3342; x_wconf 86' lang='lat' dir='ltr'>bona</span> <span class='ocrx_word' id='word_1_370' title='bbox 1558 3296 1660 3358; x_wconf 88' lang='lat' dir='ltr'>opera</span> <span class='ocrx_word' id='word_1_371' title='bbox 1674 3297 1806 3359; x_wconf 87' lang='lat' dir='ltr'>semper</span> <span class='ocrx_word' id='word_1_372' title='bbox 1820 3275 1918 3340; x_wconf 89' lang='lat' dir='ltr'>debent</span> 
     </span>
     <span class='ocr_line' id='line_1_32' title="bbox 284 3375 1917 3458; baseline -0.004 -17"><span class='ocrx_word' id='word_1_373' title='bbox 284 3379 448 3457; x_wconf 73' lang='lat' dir='ltr'>angelice</span> <span class='ocrx_word' id='word_1_374' title='bbox 477 3376 682 3448; x_wconf 87' lang='lat' dir='ltr'>subtilitatis,</span> <span class='ocrx_word' id='word_1_375' title='bbox 699 3375 741 3436; x_wconf 91' lang='lat' dir='ltr'>ad</span> <span class='ocrx_word' id='word_1_376' title='bbox 756 3390 855 3452; x_wconf 88' lang='lat' dir='ltr'>quam</span> <span class='ocrx_word' id='word_1_377' title='bbox 864 3375 995 3452; x_wconf 89' lang='lat' dir='ltr'>rapitur</span> <span class='ocrx_word' id='word_1_378' title='bbox 1009 3376 1085 3436; x_wconf 86' lang='lat' dir='ltr'>ldze-</span> <span class='ocrx_word' id='word_1_379' title='bbox 1138 3377 1333 3454; x_wconf 83' lang='lat' dir='ltr'>praevalere,</span> <span class='ocrx_word' id='word_1_380' title='bbox 1345 3377 1443 3438; x_wconf 88' lang='lat' dir='ltr'>malis</span> <span class='ocrx_word' id='word_1_381' title='bbox 1458 3377 1625 3456; x_wconf 92' lang='lat' dir='ltr'>operibus,</span> <span class='ocrx_word' id='word_1_382' title='bbox 1642 3378 1717 3440; x_wconf 91' lang='lat' dir='ltr'>ideo</span> <span class='ocrx_word' id='word_1_383' title='bbox 1728 3376 1917 3458; x_wconf 87' lang='lat' dir='ltr'>subjunctum</span> 
     </span>
     <span class='ocr_line' id='line_1_33' title="bbox 289 3472 1920 3552; baseline -0.006 -12"><span class='ocrx_word' id='word_1_384' title='bbox 289 3477 377 3540; x_wconf 89' lang='lat' dir='ltr'>cbiel</span> <span class='ocrx_word' id='word_1_385' title='bbox 404 3477 440 3538; x_wconf 94' lang='lat' dir='ltr'>in</span> <span class='ocrx_word' id='word_1_386' title='bbox 463 3475 597 3552; x_wconf 80' lang='lat' dir='ltr'>spiritu3</span> <span class='ocrx_word' id='word_1_387' title='bbox 621 3489 758 3534; x_wconf 76' lang='lat' dir='ltr'>summas</span> <span class='ocrx_word' id='word_1_388' title='bbox 782 3472 1084 3550; x_wconf 86' lang='lat' dir='ltr'>incircumscriptio</span> <span class='ocrx_word' id='word_1_389' title='bbox 1138 3475 1920 3552; x_wconf 56' lang='lat' dir='ltr'>assumentes—evacuarent,szeqaeeioeusneen·</span> 
     </span>
     <span class='ocr_line' id='line_1_34' title="bbox 287 3567 1917 3652; baseline -0.004 -18"><span class='ocrx_word' id='word_1_390' title='bbox 287 3571 432 3643; x_wconf 76' lang='lat' dir='ltr'>deitatis</span> <span class='ocrx_word' id='word_1_391' title='bbox 469 3570 510 3632; x_wconf 91' lang='lat' dir='ltr'>ad</span> <span class='ocrx_word' id='word_1_392' title='bbox 554 3583 654 3646; x_wconf 86' lang='lat' dir='ltr'>quam</span> <span class='ocrx_word' id='word_1_393' title='bbox 691 3567 868 3644; x_wconf 89' lang='lat' dir='ltr'>rapiuntur</span> <span class='ocrx_word' id='word_1_394' title='bbox 904 3567 1083 3628; x_wconf 89' lang='lat' dir='ltr'>electorum</span> <span class='ocrx_word' id='word_1_395' title='bbox 1137 3573 1326 3634; x_wconf 81' lang='lat' dir='ltr'>tuscorum</span> <span class='ocrx_word' id='word_1_396' title='bbox 1339 3571 1869 3652; x_wconf 62' lang='lat' dir='ltr'>aanpttusesttncoetetnpecmn,</span> <span class='ocrx_word' id='word_1_397' title='bbox 1882 3567 1917 3646; x_wconf 79' lang='lat' dir='ltr'>t).</span> 
     </span>
     <span class='ocr_line' id='line_1_35' title="bbox 286 3664 1919 3737; baseline -0.006 -4"><span class='ocrx_word' id='word_1_398' title='bbox 286 3671 418 3733; x_wconf 86' lang='lat' dir='ltr'>animae.</span> <span class='ocrx_word' id='word_1_399' title='bbox 436 3667 542 3731; x_wconf 78' lang='lat' dir='ltr'>Aliter</span> <span class='ocrx_word' id='word_1_400' title='bbox 560 3669 666 3728; x_wconf 88' lang='lat' dir='ltr'>:Tres</span> <span class='ocrx_word' id='word_1_401' title='bbox 689 3667 767 3726; x_wconf 90' lang='lat' dir='ltr'>sunt</span> <span class='ocrx_word' id='word_1_402' title='bbox 788 3665 874 3737; x_wconf 89' lang='lat' dir='ltr'>coeli,</span> <span class='ocrx_word' id='word_1_403' title='bbox 898 3665 932 3726; x_wconf 90' lang='lat' dir='ltr'>et</span> <span class='ocrx_word' id='word_1_404' title='bbox 959 3664 1083 3726; x_wconf 88' lang='lat' dir='ltr'>Paulus</span> <span class='ocrx_word' id='word_1_405' title='bbox 1139 3669 1233 3731; x_wconf 86' lang='lat' dir='ltr'>Unde</span> <span class='ocrx_word' id='word_1_406' title='bbox 1248 3670 1408 3732; x_wconf 90' lang='lat' dir='ltr'>Dominus</span> <span class='ocrx_word' id='word_1_407' title='bbox 1418 3671 1466 3732; x_wconf 89' lang='lat' dir='ltr'>ait</span> <span class='ocrx_word' id='word_1_408' title='bbox 1482 3674 1657 3734; x_wconf 85' lang='lat' dir='ltr'>:Videbam</span> <span class='ocrx_word' id='word_1_409' title='bbox 1671 3673 1839 3734; x_wconf 67' lang='lat' dir='ltr'>detortam</span> <span class='ocrx_word' id='word_1_410' title='bbox 1847 3665 1919 3731; x_wconf 80' lang='lat' dir='ltr'>sicrct</span> 
     </span>
     <span class='ocr_line' id='line_1_36' title="bbox 286 3763 1832 3848; baseline -0.002 -18"><span class='ocrx_word' id='word_1_411' title='bbox 286 3785 391 3846; x_wconf 88' lang='lat' dir='ltr'>usque</span> <span class='ocrx_word' id='word_1_412' title='bbox 408 3767 450 3828; x_wconf 92' lang='lat' dir='ltr'>ad</span> <span class='ocrx_word' id='word_1_413' title='bbox 473 3765 608 3829; x_wconf 84' lang='lat' dir='ltr'>tertium</span> <span class='ocrx_word' id='word_1_414' title='bbox 628 3763 748 3826; x_wconf 89' lang='lat' dir='ltr'>coelum</span> <span class='ocrx_word' id='word_1_415' title='bbox 769 3766 900 3841; x_wconf 89' lang='lat' dir='ltr'>raptum</span> <span class='ocrx_word' id='word_1_416' title='bbox 926 3777 962 3826; x_wconf 89' lang='lat' dir='ltr'>se</span> <span class='ocrx_word' id='word_1_417' title='bbox 991 3763 1082 3825; x_wconf 83' lang='lat' dir='ltr'>dicit</span> <span class='ocrx_word' id='word_1_418' title='bbox 1136 3767 1441 3842; x_wconf 58' lang='lat' dir='ltr'>supersedentem</span> <span class='ocrx_word' id='word_1_419' title='bbox 1455 3769 1496 3828; x_wconf 85' lang='lat' dir='ltr'>de</span> <span class='ocrx_word' id='word_1_420' title='bbox 1510 3773 1593 3832; x_wconf 84' lang='lat' dir='ltr'>eoelo</span> <span class='ocrx_word' id='word_1_421' title='bbox 1608 3765 1701 3848; x_wconf 88' lang='lat' dir='ltr'>(Luc.</span> <span class='ocrx_word' id='word_1_422' title='bbox 1717 3784 1754 3842; x_wconf 85' lang='lat' dir='ltr'>x,</span> <span class='ocrx_word' id='word_1_423' title='bbox 1770 3766 1832 3846; x_wconf 88' lang='lat'><strong>18).</strong></span> 
     </span>
     <span class='ocr_line' id='line_1_37' title="bbox 286 3861 1918 3943; baseline -0.007 -13"><span class='ocrx_word' id='word_1_424' title='bbox 286 3867 434 3930; x_wconf 90' lang='lat' dir='ltr'>Primum</span> <span class='ocrx_word' id='word_1_425' title='bbox 453 3865 573 3926; x_wconf 86' lang='lat' dir='ltr'>coelum</span> <span class='ocrx_word' id='word_1_426' title='bbox 584 3861 586 3866; x_wconf 83' lang='lat'>&#39;</span> <span class='ocrx_word' id='word_1_427' title='bbox 596 3863 723 3941; x_wconf 92' lang='lat' dir='ltr'>primus</span> <span class='ocrx_word' id='word_1_428' title='bbox 743 3861 849 3924; x_wconf 85' lang='lat' dir='ltr'>status</span> <span class='ocrx_word' id='word_1_429' title='bbox 864 3861 915 3924; x_wconf 86' lang='lat' dir='ltr'>est</span> <span class='ocrx_word' id='word_1_430' title='bbox 927 3861 963 3922; x_wconf 90' lang='lat' dir='ltr'>in</span> <span class='ocrx_word' id='word_1_431' title='bbox 974 3862 1085 3924; x_wconf 83' lang='lat' dir='ltr'>Eccle-</span> <span class='ocrx_word' id='word_1_432' title='bbox 1177 3863 1311 3925; x_wconf 83' lang='lat' dir='ltr'>Gabriel</span> <span class='ocrx_word' id='word_1_433' title='bbox 1325 3864 1376 3926; x_wconf 88' lang='lat' dir='ltr'>est</span> <span class='ocrx_word' id='word_1_434' title='bbox 1389 3865 1543 3943; x_wconf 89' lang='lat' dir='ltr'>princeps</span> <span class='ocrx_word' id='word_1_435' title='bbox 1558 3865 1787 3940; x_wconf 89' lang='lat' dir='ltr'>revelationis,</span> <span class='ocrx_word' id='word_1_436' title='bbox 1810 3866 1841 3927; x_wconf 89' lang='lat' dir='ltr'>et</span> <span class='ocrx_word' id='word_1_437' title='bbox 1858 3861 1918 3924; x_wconf 90' lang='lat' dir='ltr'>ideo</span> 
     </span>
     <span class='ocr_line' id='line_1_38' title="bbox 287 3959 1918 4043; baseline -0.005 -17"><span class='ocrx_word' id='word_1_438' title='bbox 287 3965 338 4026; x_wconf 89' lang='lat' dir='ltr'>sia</span> <span class='ocrx_word' id='word_1_439' title='bbox 375 3962 446 4035; x_wconf 83' lang='lat' dir='ltr'>Dei,</span> <span class='ocrx_word' id='word_1_440' title='bbox 475 3962 571 4034; x_wconf 89' lang='lat' dir='ltr'>idest,</span> <span class='ocrx_word' id='word_1_441' title='bbox 603 3959 814 4021; x_wconf 90' lang='lat' dir='ltr'>saecularium</span> <span class='ocrx_word' id='word_1_442' title='bbox 848 3959 906 4020; x_wconf 91' lang='lat' dir='ltr'>sed</span> <span class='ocrx_word' id='word_1_443' title='bbox 941 3959 1084 4022; x_wconf 87' lang='lat' dir='ltr'>catholi-</span> <span class='ocrx_word' id='word_1_444' title='bbox 1138 3959 1259 4022; x_wconf 90' lang='lat' dir='ltr'>dicitur</span> <span class='ocrx_word' id='word_1_445' title='bbox 1269 3961 1427 4024; x_wconf 81' lang='lat' dir='ltr'>tortitudo</span> <span class='ocrx_word' id='word_1_446' title='bbox 1440 3963 1511 4036; x_wconf 89' lang='lat' dir='ltr'>Dei,</span> <span class='ocrx_word' id='word_1_447' title='bbox 1521 3963 1600 4042; x_wconf 85' lang='lat' dir='ltr'>quia</span> <span class='ocrx_word' id='word_1_448' title='bbox 1612 3980 1673 4041; x_wconf 92' lang='lat' dir='ltr'>per</span> <span class='ocrx_word' id='word_1_449' title='bbox 1684 3965 1745 4025; x_wconf 87' lang='lat' dir='ltr'>Dei</span> <span class='ocrx_word' id='word_1_450' title='bbox 1756 3959 1918 4043; x_wconf 87' lang='lat' dir='ltr'>potentiam</span> 
     </span>
     <span class='ocr_line' id='line_1_39' title="bbox 286 4056 1919 4140; baseline -0.004 -17"><span class='ocrx_word' id='word_1_451' title='bbox 286 4077 401 4123; x_wconf 91' lang='lat' dir='ltr'>corum</span> <span class='ocrx_word' id='word_1_452' title='bbox 420 4059 601 4131; x_wconf 88' lang='lat' dir='ltr'>bominum,</span> <span class='ocrx_word' id='word_1_453' title='bbox 626 4058 712 4136; x_wconf 84' lang='lat' dir='ltr'>quod</span> <span class='ocrx_word' id='word_1_454' title='bbox 738 4056 857 4118; x_wconf 87' lang='lat' dir='ltr'>coelum</span> <span class='ocrx_word' id='word_1_455' title='bbox 885 4057 971 4118; x_wconf 87' lang='lat' dir='ltr'>sieut</span> <span class='ocrx_word' id='word_1_456' title='bbox 993 4058 1083 4119; x_wconf 88' lang='lat' dir='ltr'>terra</span> <span class='ocrx_word' id='word_1_457' title='bbox 1136 4059 1226 4122; x_wconf 80' lang='lat' dir='ltr'>valet</span> <span class='ocrx_word' id='word_1_458' title='bbox 1235 4059 1336 4122; x_wconf 86' lang='lat' dir='ltr'>corda</span> <span class='ocrx_word' id='word_1_459' title='bbox 1351 4060 1522 4122; x_wconf 88' lang='lat' dir='ltr'>bominum</span> <span class='ocrx_word' id='word_1_460' title='bbox 1537 4061 1738 4134; x_wconf 82' lang='lat' dir='ltr'>confortare,</span> <span class='ocrx_word' id='word_1_461' title='bbox 1756 4063 1790 4124; x_wconf 90' lang='lat' dir='ltr'>et</span> <span class='ocrx_word' id='word_1_462' title='bbox 1797 4071 1919 4140; x_wconf 89' lang='lat' dir='ltr'>pergra-</span> 
     </span>
     <span class='ocr_line' id='line_1_40' title="bbox 287 4153 1919 4236; baseline -0.006 -14"><span class='ocrx_word' id='word_1_463' title='bbox 287 4159 358 4222; x_wconf 88' lang='lat' dir='ltr'>sole</span> <span class='ocrx_word' id='word_1_464' title='bbox 371 4155 591 4236; x_wconf 83' lang='lat' dir='ltr'>pertunditur,</span> <span class='ocrx_word' id='word_1_465' title='bbox 603 4155 681 4232; x_wconf 90' lang='lat' dir='ltr'>quia</span> <span class='ocrx_word' id='word_1_466' title='bbox 696 4169 762 4215; x_wconf 92' lang='lat' dir='ltr'>non</span> <span class='ocrx_word' id='word_1_467' title='bbox 770 4154 820 4217; x_wconf 90' lang='lat' dir='ltr'>est</span> <span class='ocrx_word' id='word_1_468' title='bbox 828 4153 883 4231; x_wconf 89' lang='lat' dir='ltr'>qui</span> <span class='ocrx_word' id='word_1_469' title='bbox 895 4169 931 4215; x_wconf 90' lang='lat' dir='ltr'>se</span> <span class='ocrx_word' id='word_1_470' title='bbox 942 4153 1085 4216; x_wconf 84' lang='lat' dir='ltr'>abscon·</span> <span class='ocrx_word' id='word_1_471' title='bbox 1136 4157 1218 4218; x_wconf 90' lang='lat' dir='ltr'>tiam</span> <span class='ocrx_word' id='word_1_472' title='bbox 1244 4173 1387 4234; x_wconf 88' lang='lat' dir='ltr'>superna</span> <span class='ocrx_word' id='word_1_473' title='bbox 1407 4159 1567 4236; x_wconf 87' lang='lat' dir='ltr'>mysteria</span> <span class='ocrx_word' id='word_1_474' title='bbox 1589 4159 1753 4222; x_wconf 85' lang='lat' dir='ltr'>revelare.</span> <span class='ocrx_word' id='word_1_475' title='bbox 1784 4157 1870 4222; x_wconf 90' lang='lat' dir='ltr'>Unde</span> <span class='ocrx_word' id='word_1_476' title='bbox 1893 4154 1919 4214; x_wconf 90' lang='lat' dir='ltr'>et</span> 
     </span>
     <span class='ocr_line' id='line_1_41' title="bbox 287 4248 1918 4332; baseline -0.007 -14"><span class='ocrx_word' id='word_1_477' title='bbox 287 4257 376 4318; x_wconf 86' lang='lat' dir='ltr'>data</span> <span class='ocrx_word' id='word_1_478' title='bbox 393 4255 504 4317; x_wconf 88' lang='lat' dir='ltr'>calore</span> <span class='ocrx_word' id='word_1_479' title='bbox 519 4257 602 4331; x_wconf 85' lang='lat' dir='ltr'>ejus,</span> <span class='ocrx_word' id='word_1_480' title='bbox 613 4251 646 4314; x_wconf 89' lang='lat' dir='ltr'>et</span> <span class='ocrx_word' id='word_1_481' title='bbox 654 4251 760 4313; x_wconf 85' lang='lat' dir='ltr'>velint</span> <span class='ocrx_word' id='word_1_482' title='bbox 769 4251 885 4323; x_wconf 89' lang='lat' dir='ltr'>nolint,</span> <span class='ocrx_word' id='word_1_483' title='bbox 898 4252 930 4313; x_wconf 90' lang='lat' dir='ltr'>et</span> <span class='ocrx_word' id='word_1_484' title='bbox 943 4252 979 4313; x_wconf 89' lang='lat' dir='ltr'>in</span> <span class='ocrx_word' id='word_1_485' title='bbox 986 4251 1082 4316; x_wconf 89' lang='lat' dir='ltr'>bonis</span> <span class='ocrx_word' id='word_1_486' title='bbox 1137 4255 1209 4332; x_wconf 92' lang='lat' dir='ltr'>ipse</span> <span class='ocrx_word' id='word_1_487' title='bbox 1223 4255 1385 4317; x_wconf 84' lang='lat' dir='ltr'>revelavit</span> <span class='ocrx_word' id='word_1_488' title='bbox 1399 4254 1505 4318; x_wconf 81' lang='lat' dir='ltr'>beatae</span> <span class='ocrx_word' id='word_1_489' title='bbox 1520 4257 1637 4318; x_wconf 86' lang='lat' dir='ltr'>Mariae</span> <span class='ocrx_word' id='word_1_490' title='bbox 1647 4257 1688 4318; x_wconf 91' lang='lat' dir='ltr'>de</span> <span class='ocrx_word' id='word_1_491' title='bbox 1700 4257 1842 4319; x_wconf 84' lang='lat' dir='ltr'>adventu</span> <span class='ocrx_word' id='word_1_492' title='bbox 1855 4248 1918 4314; x_wconf 84' lang='lat' dir='ltr'>Filii</span> 
     </span>
     <span class='ocr_line' id='line_1_42' title="bbox 286 4349 1919 4426; baseline -0.005 -9"><span class='ocrx_word' id='word_1_493' title='bbox 286 4359 320 4417; x_wconf 90' lang='lat' dir='ltr'>et</span> <span class='ocrx_word' id='word_1_494' title='bbox 334 4349 821 4416; x_wconf 87' lang='lat' dir='ltr'>inmaliseorumclaritlcatur</span> <span class='ocrx_word' id='word_1_495' title='bbox 834 4351 934 4410; x_wconf 90' lang='lat' dir='ltr'>Deus.</span> <span class='ocrx_word' id='word_1_496' title='bbox 952 4353 1081 4412; x_wconf 91' lang='lat' dir='ltr'>Secun-</span> <span class='ocrx_word' id='word_1_497' title='bbox 1136 4352 1208 4425; x_wconf 90' lang='lat' dir='ltr'>Dei,</span> <span class='ocrx_word' id='word_1_498' title='bbox 1229 4354 1263 4414; x_wconf 90' lang='lat' dir='ltr'>et</span> <span class='ocrx_word' id='word_1_499' title='bbox 1277 4351 1486 4426; x_wconf 80' lang='lat' dir='ltr'>confortavit,</span> <span class='ocrx_word' id='word_1_500' title='bbox 1507 4371 1583 4416; x_wconf 89' lang='lat' dir='ltr'>cum</span> <span class='ocrx_word' id='word_1_501' title='bbox 1607 4354 1708 4417; x_wconf 83' lang='lat' dir='ltr'>dixit:</span> <span class='ocrx_word' id='word_1_502' title='bbox 1733 4359 1788 4418; x_wconf 87' lang='lat' dir='ltr'>Ne</span> <span class='ocrx_word' id='word_1_503' title='bbox 1813 4355 1919 4416; x_wconf 73' lang='lat' dir='ltr'>tianeus</span> 
     </span>
     <span class='ocr_line' id='line_1_43' title="bbox 286 4447 1919 4530; baseline -0.006 -16"><span class='ocrx_word' id='word_1_504' title='bbox 286 4453 364 4514; x_wconf 92' lang='lat' dir='ltr'>dum</span> <span class='ocrx_word' id='word_1_505' title='bbox 381 4452 513 4523; x_wconf 87' lang='lat' dir='ltr'>coelum,</span> <span class='ocrx_word' id='word_1_506' title='bbox 528 4447 692 4510; x_wconf 89' lang='lat' dir='ltr'>secundus</span> <span class='ocrx_word' id='word_1_507' title='bbox 709 4449 815 4510; x_wconf 85' lang='lat' dir='ltr'>status</span> <span class='ocrx_word' id='word_1_508' title='bbox 836 4449 886 4510; x_wconf 88' lang='lat' dir='ltr'>est</span> <span class='ocrx_word' id='word_1_509' title='bbox 901 4448 1081 4526; x_wconf 85' lang='lat' dir='ltr'>religioso·</span> <span class='ocrx_word' id='word_1_510' title='bbox 1135 4452 1264 4510; x_wconf 85' lang='lat' dir='ltr'>Marte.</span> <span class='ocrx_word' id='word_1_511' title='bbox 1292 4451 1394 4511; x_wconf 84' lang='lat' dir='ltr'>Beata</span> <span class='ocrx_word' id='word_1_512' title='bbox 1419 4451 1522 4528; x_wconf 87' lang='lat' dir='ltr'>Virgo</span> <span class='ocrx_word' id='word_1_513' title='bbox 1548 4451 1742 4530; x_wconf 82' lang='lat' dir='ltr'>respondit:</span> <span class='ocrx_word' id='word_1_514' title='bbox 1768 4448 1919 4519; x_wconf 64' lang='lat' dir='ltr'>omisero</span> 
     </span>
     <span class='ocr_line' id='line_1_44' title="bbox 285 4544 1919 4627; baseline -0.007 -13"><span class='ocrx_word' id='word_1_515' title='bbox 285 4566 371 4624; x_wconf 77' lang='lat' dir='ltr'>rou,</span> <span class='ocrx_word' id='word_1_516' title='bbox 387 4549 455 4627; x_wconf 90' lang='lat' dir='ltr'>qui,</span> <span class='ocrx_word' id='word_1_517' title='bbox 476 4548 630 4610; x_wconf 88' lang='lat' dir='ltr'>sicutaer</span> <span class='ocrx_word' id='word_1_518' title='bbox 644 4544 714 4607; x_wconf 88' lang='lat' dir='ltr'>sole</span> <span class='ocrx_word' id='word_1_519' title='bbox 728 4544 924 4619; x_wconf 85' lang='lat' dir='ltr'>infunditur,</span> <span class='ocrx_word' id='word_1_520' title='bbox 949 4547 997 4608; x_wconf 89' lang='lat' dir='ltr'>sic</span> <span class='ocrx_word' id='word_1_521' title='bbox 1013 4547 1082 4608; x_wconf 91' lang='lat' dir='ltr'>sole</span> <span class='ocrx_word' id='word_1_522' title='bbox 1135 4547 1195 4620; x_wconf 79' lang='lat' dir='ltr'>fiet</span> <span class='ocrx_word' id='word_1_523' title='bbox 1210 4547 1312 4620; x_wconf 75' lang='lat' dir='ltr'>istud,</span> <span class='ocrx_word' id='word_1_524' title='bbox 1336 4551 1500 4622; x_wconf 74' lang='lat' dir='ltr'>eteniam</span> <span class='ocrx_word' id='word_1_525' title='bbox 1523 4554 1639 4611; x_wconf 64' lang='lat' dir='ltr'>etenim</span> <span class='ocrx_word' id='word_1_526' title='bbox 1662 4564 1730 4612; x_wconf 82' lang='lat' dir='ltr'>non</span> <span class='ocrx_word' id='word_1_527' title='bbox 1751 4545 1919 4627; x_wconf 76' lang='lat' dir='ltr'>ecprtoscet</span> 
     </span>
     <span class='ocr_line' id='line_1_45' title="bbox 281 4643 1920 4727; baseline -0.007 -17"><span class='ocrx_word' id='word_1_528' title='bbox 281 4647 421 4727; x_wconf 86' lang='lat' dir='ltr'>y&#39;ustitiae</span> <span class='ocrx_word' id='word_1_529' title='bbox 442 4647 477 4707; x_wconf 88' lang='lat' dir='ltr'>in</span> <span class='ocrx_word' id='word_1_530' title='bbox 497 4644 652 4707; x_wconf 87' lang='lat' dir='ltr'>cordibus</span> <span class='ocrx_word' id='word_1_531' title='bbox 677 4659 792 4706; x_wconf 89' lang='lat' dir='ltr'>eorum</span> <span class='ocrx_word' id='word_1_532' title='bbox 814 4645 847 4706; x_wconf 91' lang='lat' dir='ltr'>et</span> <span class='ocrx_word' id='word_1_533' title='bbox 869 4644 1082 4706; x_wconf 88' lang='lat' dir='ltr'>conscientiis</span> <span class='ocrx_word' id='word_1_534' title='bbox 1135 4644 1243 4706; x_wconf 82' lang='lat' dir='ltr'>Etait</span> <span class='ocrx_word' id='word_1_535' title='bbox 1264 4649 1314 4706; x_wconf 85' lang='lat' dir='ltr'>et:</span> <span class='ocrx_word' id='word_1_536' title='bbox 1329 4647 1483 4720; x_wconf 82' lang='lat' dir='ltr'>Spiritus</span> <span class='ocrx_word' id='word_1_537' title='bbox 1502 4649 1650 4710; x_wconf 82' lang='lat' dir='ltr'>Sanctus</span> <span class='ocrx_word' id='word_1_538' title='bbox 1664 4643 1878 4723; x_wconf 77' lang='lat' dir='ltr'>superveniet</span> <span class='ocrx_word' id='word_1_539' title='bbox 1890 4643 1920 4700; x_wconf 80' lang='lat' dir='ltr'>tn</span> 
     </span>
     <span class='ocr_line' id='line_1_46' title="bbox 285 4737 1919 4824; baseline -0.006 -15"><span class='ocrx_word' id='word_1_540' title='bbox 285 4745 516 4809; x_wconf 83' lang='lat' dir='ltr'>intunduntur.</span> <span class='ocrx_word' id='word_1_541' title='bbox 548 4743 695 4806; x_wconf 85' lang='lat' dir='ltr'>Tertium</span> <span class='ocrx_word' id='word_1_542' title='bbox 731 4742 862 4816; x_wconf 90' lang='lat' dir='ltr'>coelum,</span> <span class='ocrx_word' id='word_1_543' title='bbox 884 4741 1002 4804; x_wconf 88' lang='lat' dir='ltr'>tertius</span> <span class='ocrx_word' id='word_1_544' title='bbox 1032 4743 1083 4804; x_wconf 90' lang='lat' dir='ltr'>est</span> <span class='ocrx_word' id='word_1_545' title='bbox 1137 4743 1180 4803; x_wconf 90' lang='lat' dir='ltr'>te.</span> <span class='ocrx_word' id='word_1_546' title='bbox 1204 4742 1266 4804; x_wconf 90' lang='lat' dir='ltr'>Sed</span> <span class='ocrx_word' id='word_1_547' title='bbox 1285 4744 1500 4821; x_wconf 86' lang='lat' dir='ltr'>quaerendum</span> <span class='ocrx_word' id='word_1_548' title='bbox 1525 4746 1587 4819; x_wconf 76' lang='lat' dir='ltr'>est,</span> <span class='ocrx_word' id='word_1_549' title='bbox 1613 4762 1716 4824; x_wconf 87' lang='lat' dir='ltr'>quare</span> <span class='ocrx_word' id='word_1_550' title='bbox 1739 4746 1858 4808; x_wconf 86' lang='lat' dir='ltr'>missus</span> <span class='ocrx_word' id='word_1_551' title='bbox 1879 4737 1919 4800; x_wconf 87' lang='lat' dir='ltr'>est</span> 
     </span>
     <span class='ocr_line' id='line_1_47' title="bbox 286 4837 1919 4920; baseline -0.008 -14"><span class='ocrx_word' id='word_1_552' title='bbox 286 4845 391 4908; x_wconf 85' lang='lat' dir='ltr'>status</span> <span class='ocrx_word' id='word_1_553' title='bbox 407 4843 638 4920; x_wconf 82' lang='lat' dir='ltr'>perlectorum,</span> <span class='ocrx_word' id='word_1_554' title='bbox 652 4841 719 4919; x_wconf 89' lang='lat' dir='ltr'>qui,</span> <span class='ocrx_word' id='word_1_555' title='bbox 734 4839 820 4902; x_wconf 89' lang='lat' dir='ltr'>sicut</span> <span class='ocrx_word' id='word_1_556' title='bbox 835 4838 940 4903; x_wconf 67' lang='lat' dir='ltr'>aether</span> <span class='ocrx_word' id='word_1_557' title='bbox 951 4855 994 4901; x_wconf 82' lang='lat' dir='ltr'>ex</span> <span class='ocrx_word' id='word_1_558' title='bbox 1007 4840 1081 4918; x_wconf 88' lang='lat' dir='ltr'>ipsa</span> <span class='ocrx_word' id='word_1_559' title='bbox 1136 4839 1270 4902; x_wconf 82' lang='lat' dir='ltr'>Gabriel</span> <span class='ocrx_word' id='word_1_560' title='bbox 1291 4841 1430 4918; x_wconf 89' lang='lat' dir='ltr'>angelus</span> <span class='ocrx_word' id='word_1_561' title='bbox 1453 4843 1494 4904; x_wconf 88' lang='lat' dir='ltr'>ed</span> <span class='ocrx_word' id='word_1_562' title='bbox 1515 4843 1698 4920; x_wconf 86' lang='lat' dir='ltr'>Virginem,</span> <span class='ocrx_word' id='word_1_563' title='bbox 1714 4847 1748 4907; x_wconf 90' lang='lat' dir='ltr'>et</span> <span class='ocrx_word' id='word_1_564' title='bbox 1761 4859 1826 4906; x_wconf 90' lang='lat' dir='ltr'>non</span> <span class='ocrx_word' id='word_1_565' title='bbox 1846 4837 1919 4901; x_wconf 86' lang='lat' dir='ltr'>alius</span> 
     </span>
     <span class='ocr_line' id='line_1_48' title="bbox 285 4933 1979 5017; baseline -0.006 -12"><span class='ocrx_word' id='word_1_566' title='bbox 285 4942 366 5006; x_wconf 83' lang='lat' dir='ltr'>solis</span> <span class='ocrx_word' id='word_1_567' title='bbox 381 4941 476 5004; x_wconf 88' lang='lat' dir='ltr'>ardet</span> <span class='ocrx_word' id='word_1_568' title='bbox 498 4939 687 5017; x_wconf 81' lang='lat' dir='ltr'>praesentia,</span> <span class='ocrx_word' id='word_1_569' title='bbox 711 4938 759 5000; x_wconf 89' lang='lat' dir='ltr'>sic</span> <span class='ocrx_word' id='word_1_570' title='bbox 778 4939 810 4999; x_wconf 93' lang='lat' dir='ltr'>et</span> <span class='ocrx_word' id='word_1_571' title='bbox 823 4938 889 5016; x_wconf 90' lang='lat' dir='ltr'>ipsi</span> <span class='ocrx_word' id='word_1_572' title='bbox 912 4938 1030 5002; x_wconf 89' lang='lat' dir='ltr'>ardent</span> <span class='ocrx_word' id='word_1_573' title='bbox 1050 4941 1083 5000; x_wconf 91' lang='lat' dir='ltr'>et</span> <span class='ocrx_word' id='word_1_574' title='bbox 1136 4939 1298 5014; x_wconf 87' lang='lat' dir='ltr'>angelusl</span> <span class='ocrx_word' id='word_1_575' title='bbox 1313 4940 1566 5016; x_wconf 88' lang='lat' dir='ltr'>Respondemus</span> <span class='ocrx_word' id='word_1_576' title='bbox 1581 4963 1589 5001; x_wconf 96' lang='lat'><strong>:</strong></span> <span class='ocrx_word' id='word_1_577' title='bbox 1606 4943 1681 5004; x_wconf 91' lang='lat' dir='ltr'>Non</span> <span class='ocrx_word' id='word_1_578' title='bbox 1696 4942 1786 5004; x_wconf 90' lang='lat' dir='ltr'>enim</span> <span class='ocrx_word' id='word_1_579' title='bbox 1800 4933 1919 5002; x_wconf 89' lang='lat' dir='ltr'>decebat</span> <span class='ocrx_word' id='word_1_580' title='bbox 1978 4957 1979 5008; x_wconf 69' lang='lat' dir='ltr'>y</span> 
     </span>
     <span class='ocr_line' id='line_1_49' title="bbox 284 5033 1918 5116; baseline -0.005 -13"><span class='ocrx_word' id='word_1_581' title='bbox 284 5039 553 5103; x_wconf 86' lang='lat' dir='ltr'>lucentacalore</span> <span class='ocrx_word' id='word_1_582' title='bbox 568 5038 602 5100; x_wconf 91' lang='lat' dir='ltr'>et</span> <span class='ocrx_word' id='word_1_583' title='bbox 615 5037 689 5098; x_wconf 91' lang='lat' dir='ltr'>luce</span> <span class='ocrx_word' id='word_1_584' title='bbox 703 5035 944 5114; x_wconf 78' lang='lat' dir='ltr'>solisJustitiae,</span> <span class='ocrx_word' id='word_1_585' title='bbox 970 5035 1083 5098; x_wconf 78' lang='lat' dir='ltr'>acla-</span> <span class='ocrx_word' id='word_1_586' title='bbox 1137 5039 1174 5099; x_wconf 89' lang='lat' dir='ltr'>ut</span> <span class='ocrx_word' id='word_1_587' title='bbox 1200 5036 1387 5098; x_wconf 88' lang='lat' dir='ltr'>mitteretur</span> <span class='ocrx_word' id='word_1_588' title='bbox 1411 5037 1565 5112; x_wconf 86' lang='lat' dir='ltr'>Michael,</span> <span class='ocrx_word' id='word_1_589' title='bbox 1595 5039 1674 5116; x_wconf 85' lang='lat' dir='ltr'>quia</span> <span class='ocrx_word' id='word_1_590' title='bbox 1700 5038 1844 5102; x_wconf 84' lang='lat' dir='ltr'>cilicium</span> <span class='ocrx_word' id='word_1_591' title='bbox 1862 5033 1918 5095; x_wconf 84' lang='lat' dir='ltr'>bli-</span> 
     </span>
     <span class='ocr_line' id='line_1_50' title="bbox 284 5131 1979 5222; baseline -0.002 -22"><span class='ocrx_word' id='word_1_592' title='bbox 284 5139 417 5201; x_wconf 88' lang='lat' dir='ltr'>rissima</span> <span class='ocrx_word' id='word_1_593' title='bbox 432 5139 466 5199; x_wconf 92' lang='lat' dir='ltr'>et</span> <span class='ocrx_word' id='word_1_594' title='bbox 478 5133 727 5198; x_wconf 88' lang='lat' dir='ltr'>evidentissima</span> <span class='ocrx_word' id='word_1_595' title='bbox 738 5135 810 5211; x_wconf 89' lang='lat' dir='ltr'>ejus</span> <span class='ocrx_word' id='word_1_596' title='bbox 824 5133 1013 5212; x_wconf 81' lang='lat' dir='ltr'>praesentia.</span> <span class='ocrx_word' id='word_1_597' title='bbox 1136 5133 1262 5196; x_wconf 90' lang='lat' dir='ltr'>cbaelis</span> <span class='ocrx_word' id='word_1_598' title='bbox 1275 5134 1326 5197; x_wconf 91' lang='lat' dir='ltr'>est</span> <span class='ocrx_word' id='word_1_599' title='bbox 1340 5134 1519 5197; x_wconf 82' lang='lat' dir='ltr'>subvenire</span> <span class='ocrx_word' id='word_1_600' title='bbox 1535 5135 1570 5198; x_wconf 90' lang='lat' dir='ltr'>in</span> <span class='ocrx_word' id='word_1_601' title='bbox 1583 5137 1776 5200; x_wconf 89' lang='lat' dir='ltr'>certamine.</span> <span class='ocrx_word' id='word_1_602' title='bbox 1791 5139 1857 5200; x_wconf 76' lang='lat' dir='ltr'>Nec</span> <span class='ocrx_word' id='word_1_603' title='bbox 1870 5133 1919 5193; x_wconf 84' lang='lat' dir='ltr'>de-</span> <span class='ocrx_word' id='word_1_604' title='bbox 1978 5131 1979 5222; x_wconf 57' lang='lat' dir='ltr'>l</span> 
     </span>
    </p>

    <p class='ocr_par' dir='ltr' id='par_1_4' title="bbox 283 5230 1979 5703">
     <span class='ocr_line' id='line_1_51' title="bbox 324 5230 1979 5314; baseline -0.005 -17"><span class='ocrx_word' id='word_1_605' title='bbox 324 5235 450 5298; x_wconf 80' lang='lat' dir='ltr'>Aliter:</span> <span class='ocrx_word' id='word_1_606' title='bbox 467 5232 550 5295; x_wconf 83' lang='lat' dir='ltr'>Coeli</span> <span class='ocrx_word' id='word_1_607' title='bbox 561 5231 621 5294; x_wconf 91' lang='lat' dir='ltr'>alii</span> <span class='ocrx_word' id='word_1_608' title='bbox 636 5231 714 5292; x_wconf 91' lang='lat' dir='ltr'>sunt</span> <span class='ocrx_word' id='word_1_609' title='bbox 725 5230 994 5307; x_wconf 88' lang='lat' dir='ltr'>corporales,alii</span> <span class='ocrx_word' id='word_1_610' title='bbox 1007 5232 1080 5310; x_wconf 91' lang='lat' dir='ltr'>spi·</span> <span class='ocrx_word' id='word_1_611' title='bbox 1136 5231 1231 5294; x_wconf 87' lang='lat' dir='ltr'>cebet</span> <span class='ocrx_word' id='word_1_612' title='bbox 1246 5232 1281 5295; x_wconf 90' lang='lat' dir='ltr'>ut</span> <span class='ocrx_word' id='word_1_613' title='bbox 1295 5233 1483 5297; x_wconf 90' lang='lat' dir='ltr'>mitteretur</span> <span class='ocrx_word' id='word_1_614' title='bbox 1501 5235 1662 5312; x_wconf 86' lang='lat' dir='ltr'>Raphael,</span> <span class='ocrx_word' id='word_1_615' title='bbox 1687 5237 1764 5314; x_wconf 83' lang='lat' dir='ltr'>quia</span> <span class='ocrx_word' id='word_1_616' title='bbox 1788 5232 1918 5298; x_wconf 85' lang='lat' dir='ltr'>otncnm</span> <span class='ocrx_word' id='word_1_617' title='bbox 1978 5237 1979 5304; x_wconf 73' lang='lat' dir='ltr'>l</span> 
     </span>
     <span class='ocr_line' id='line_1_52' title="bbox 283 5317 1979 5409; baseline -0.009 -9"><span class='ocrx_word' id='word_1_618' title='bbox 283 5334 434 5400; x_wconf 85' lang='lat' dir='ltr'>rituales.</span> <span class='ocrx_word' id='word_1_619' title='bbox 451 5330 647 5409; x_wconf 84' lang='lat' dir='ltr'>corporales</span> <span class='ocrx_word' id='word_1_620' title='bbox 668 5330 745 5391; x_wconf 90' lang='lat' dir='ltr'>sunt</span> <span class='ocrx_word' id='word_1_621' title='bbox 763 5331 849 5391; x_wconf 87' lang='lat' dir='ltr'>tres:</span> <span class='ocrx_word' id='word_1_622' title='bbox 870 5329 1013 5406; x_wconf 89' lang='lat' dir='ltr'>primum</span> <span class='ocrx_word' id='word_1_623' title='bbox 1032 5334 1083 5394; x_wconf 91' lang='lat' dir='ltr'>est</span> <span class='ocrx_word' id='word_1_624' title='bbox 1136 5329 1317 5406; x_wconf 84' lang='lat' dir='ltr'>Raphaelis</span> <span class='ocrx_word' id='word_1_625' title='bbox 1329 5331 1381 5394; x_wconf 89' lang='lat' dir='ltr'>est</span> <span class='ocrx_word' id='word_1_626' title='bbox 1394 5330 1571 5394; x_wconf 86' lang='lat' dir='ltr'>subvenire</span> <span class='ocrx_word' id='word_1_627' title='bbox 1579 5333 1615 5395; x_wconf 92' lang='lat' dir='ltr'>in</span> <span class='ocrx_word' id='word_1_628' title='bbox 1626 5335 1806 5396; x_wconf 86' lang='lat' dir='ltr'>curatione.</span> <span class='ocrx_word' id='word_1_629' title='bbox 1818 5325 1918 5394; x_wconf 90' lang='lat' dir='ltr'>Noluit</span> <span class='ocrx_word' id='word_1_630' title='bbox 1978 5317 1979 5404; x_wconf 61' lang='lat' dir='ltr'>l</span> 
     </span>
     <span class='ocr_line' id='line_1_53' title="bbox 284 5421 1917 5506; baseline -0.007 -10"><span class='ocrx_word' id='word_1_631' title='bbox 284 5447 430 5504; x_wconf 89' lang='lat' dir='ltr'>aereum,</span> <span class='ocrx_word' id='word_1_632' title='bbox 452 5428 632 5492; x_wconf 89' lang='lat' dir='ltr'>secundum</span> <span class='ocrx_word' id='word_1_633' title='bbox 654 5427 833 5500; x_wconf 90' lang='lat' dir='ltr'>sidereum,</span> <span class='ocrx_word' id='word_1_634' title='bbox 857 5426 990 5490; x_wconf 87' lang='lat' dir='ltr'>tertium</span> <span class='ocrx_word' id='word_1_635' title='bbox 1012 5445 1083 5491; x_wconf 87' lang='lat' dir='ltr'>em·</span> <span class='ocrx_word' id='word_1_636' title='bbox 1136 5427 1224 5489; x_wconf 91' lang='lat' dir='ltr'>enim</span> <span class='ocrx_word' id='word_1_637' title='bbox 1246 5430 1333 5489; x_wconf 90' lang='lat' dir='ltr'>Deus</span> <span class='ocrx_word' id='word_1_638' title='bbox 1353 5429 1506 5506; x_wconf 88' lang='lat' dir='ltr'>angelica</span> <span class='ocrx_word' id='word_1_639' title='bbox 1525 5430 1635 5494; x_wconf 81' lang='lat' dir='ltr'>estleia</span> <span class='ocrx_word' id='word_1_640' title='bbox 1660 5431 1855 5494; x_wconf 81' lang='lat' dir='ltr'>contundere</span> <span class='ocrx_word' id='word_1_641' title='bbox 1873 5421 1917 5486; x_wconf 79' lang='lat' dir='ltr'>vel</span> 
     </span>
     <span class='ocr_line' id='line_1_54' title="bbox 283 5517 1979 5611; baseline -0.005 -20"><span class='ocrx_word' id='word_1_642' title='bbox 283 5545 431 5611; x_wconf 88' lang='lat' dir='ltr'>pyreum.</span> <span class='ocrx_word' id='word_1_643' title='bbox 449 5531 591 5590; x_wconf 89' lang='lat' dir='ltr'>Aereum</span> <span class='ocrx_word' id='word_1_644' title='bbox 601 5527 652 5590; x_wconf 91' lang='lat' dir='ltr'>est</span> <span class='ocrx_word' id='word_1_645' title='bbox 661 5525 814 5602; x_wconf 90' lang='lat' dir='ltr'>superior</span> <span class='ocrx_word' id='word_1_646' title='bbox 827 5525 1009 5603; x_wconf 89' lang='lat' dir='ltr'>parsaeris,</span> <span class='ocrx_word' id='word_1_647' title='bbox 1025 5543 1083 5588; x_wconf 91' lang='lat' dir='ltr'>un·</span> <span class='ocrx_word' id='word_1_648' title='bbox 1136 5527 1275 5600; x_wconf 89' lang='lat' dir='ltr'>mutare,</span> <span class='ocrx_word' id='word_1_649' title='bbox 1288 5528 1320 5588; x_wconf 89' lang='lat' dir='ltr'>et</span> <span class='ocrx_word' id='word_1_650' title='bbox 1333 5526 1409 5589; x_wconf 90' lang='lat' dir='ltr'>ideo</span> <span class='ocrx_word' id='word_1_651' title='bbox 1423 5527 1514 5590; x_wconf 88' lang='lat' dir='ltr'>misit</span> <span class='ocrx_word' id='word_1_652' title='bbox 1521 5529 1709 5592; x_wconf 85' lang='lat' dir='ltr'>Gabrielem</span> <span class='ocrx_word' id='word_1_653' title='bbox 1718 5529 1773 5610; x_wconf 89' lang='lat' dir='ltr'>qui</span> <span class='ocrx_word' id='word_1_654' title='bbox 1783 5528 1832 5589; x_wconf 89' lang='lat' dir='ltr'>est</span> <span class='ocrx_word' id='word_1_655' title='bbox 1841 5523 1918 5603; x_wconf 90' lang='lat' dir='ltr'>prin·</span> <span class='ocrx_word' id='word_1_656' title='bbox 1978 5517 1979 5520; x_wconf 72' lang='grc'>’</span> 
     </span>
     <span class='ocr_line' id='line_1_55' title="bbox 284 5621 1979 5703; baseline -0.001 -13"><span class='ocrx_word' id='word_1_657' title='bbox 284 5623 656 5690; x_wconf 83' lang='lat' dir='ltr'>dedicuntnrauescoeli</span> <span class='ocrx_word' id='word_1_658' title='bbox 672 5623 728 5702; x_wconf 84' lang='lat' dir='ltr'>qui</span> <span class='ocrx_word' id='word_1_659' title='bbox 740 5625 936 5701; x_wconf 87' lang='lat' dir='ltr'>permanent</span> <span class='ocrx_word' id='word_1_660' title='bbox 950 5622 1080 5690; x_wconf 83' lang='lat' dir='ltr'>insere.</span> <span class='ocrx_word' id='word_1_661' title='bbox 1136 5641 1212 5703; x_wconf 90' lang='lat' dir='ltr'>ceps</span> <span class='ocrx_word' id='word_1_662' title='bbox 1225 5625 1259 5686; x_wconf 92' lang='lat' dir='ltr'>in</span> <span class='ocrx_word' id='word_1_663' title='bbox 1274 5625 1489 5689; x_wconf 85' lang='lat' dir='ltr'>revelatione.</span> <span class='ocrx_word' id='word_1_664' title='bbox 1978 5621 1979 5626; x_wconf 72' lang='grc'>’</span> 
     </span>
    </p>
   </div>
   <div class='ocr_carea' id='block_1_3' title="bbox 0 0 2003 6324">
    <p class='ocr_par' dir='ltr' id='par_1_5' title="bbox 0 0 2003 6324">
     <span class='ocr_line' id='line_1_56' title="bbox 0 0 2003 6324; baseline 0 0"><span class='ocrx_word' id='word_1_665' title='bbox 0 0 2003 6324; x_wconf 95' lang='lat' dir='ltr'> </span> 
     </span>
    </p>
   </div>
  </div>
 </body>
</html>
