4106 6328
268 309 307 369 nn
727 263 904 373 666666
932 311 975 371 111
1000 311 1152 374 ornan.
1168 343 1210 358 -
1230 313 1471 378 66666666.
1875 321 1910 384 aa

270 485 333 532 666
353 470 434 532 sunt
454 469 747 532 administratorii
770 471 927 544 spiriim,
950 473 988 532 16
1007 473 1071 534 mi·
1124 471 1355 538 benedictione
1381 473 1516 550 referta,
1548 477 1625 539 11666
1660 477 1909 543 maledictionem

271 570 456 632 nistortum
476 569 575 630 missi
590 567 738 642 propter
758 581 827 640 eos,
850 571 1072 644 6611666611·
1125 575 1287 638 convertit
1308 575 1343 636 in
1361 575 1638 649 benedictionem,
1657 575 1735 638 dum
1756 577 1838 654 quod
1859 580 1909 642 illa

271 669 378 729 totam
400 667 541 743 copiunt
560 667 682 729 scietis
703 664 818 745 (Hebr.
841 665 948 746 r,1i).
1125 671 1271 746 abstulit,
1281 673 1586 752 istaroddidit,quia
1596 673 1910 753 siontpertoeminam

313 765 404 838 Quod
428 765 537 826 autem
559 763 815 826 1161166666666
830 765 1072 842 1666616661)-
1124 783 1213 832 mors
1241 771 1379 834 intravit
1401 770 1436 834 iu
1459 769 1584 845 orbem,
1601 773 1649 834 116
1671 789 1730 851 pen
1750 775 1911 837 mulierem

271 875 345 936 dios
375 872 409 934 et
428 874 474 934 od
497 873 580 934 betto
602 870 806 944 doctissimi,
832 871 897 933 duo
920 871 1070 949 quaedam
1125 869 1194 931 vita
1209 868 1308 932 rediit
1321 869 1356 931 in
1369 871 1494 944 orbem,
1510 867 1631 934 etideo
1644 871 1730 950 quod
1745 869 1914 936 damnare*

273 969 415 1033 ostendit
430 969 466 1031 in
483 968 612 1046 angelis
629 967 808 1041 mirabilia,
825 967 992 1042 videlicet,
1006 985 1070 1048 po·
1124 967 1177 1029 rat
1198 969 1265 1030 Eva
1280 967 1423 1030 salvavit
1436 969 1555 1043 Maria,
1569 971 1607 1032 ut
1621 970 1709 1032 unde
1723 985 1810 1033 mons
1833 972 1913 1034 onie·

271 1069 410 1133 tentiam
439 1068 473 1130 ot
502 1065 722 1145 sapientiam
757 1066 949 1146 potentiam,
984 1067 1070 1147 quod
1124 1064 1838 1148 161661616116666663666111161161161666
1849 1085 1913 1147 poo-

272 1167 411 1246 possunt
426 1168 536 1227 iacere
548 1163 707 1242 quidquid
717 1162 847 1242 volunt3
860 1165 1069 1243 sapientiam,
1125 1163 1911 1242 661666116166166666611611166666661161166,

273 1281 334 1346 per
351 1279 450 1342 quam
472 1262 677 1339 cognoscunt
699 1261 858 1340 quidquid
877 1261 1002 1326 nolunt.
1024 1265 1071 1325 De
1125 1263 1182 1325 sod
1193 1261 1351 1326 Dominus
1361 1262 1424 1325 tuit
1433 1281 1508 1325 curn
1518 1262 1593 1325 ista.
1607 1263 1667 1326 illa
1678 1259 1740 1327 tuit
1749 1263 1914 1327 maledictu

272 1363 434 1441 potestate
449 1361 571 1423 dicitur
587 1381 594 1421 ε
611 1375 729 1422 omines
753 1361 908 1422 tentantes
927 1362 1069 1438 6161166,
1124 1363 1160 1425 16
1174 1361 1381 1434 mulieribus,
1394 1361 1452 1424 sed
1472 1363 1536 1424 ista
1557 1361 1622 1424 tuit
1637 1360 1810 1424 benedicta
1824 1375 1915 1442 super

273 1461 370 1532 idest,
385 1458 545 1521 habentes
561 1457 755 1534 potestatem
769 1455 833 1518 sibi
848 1473 867 1519 6
883 1461 950 1521 Deo
967 1458 1073 1520 oolla-
1125 1475 1239 1522 omnes
1254 1457 1423 1522 mulieres.
1444 1461 1587 1522 Fructus
1605 1460 1733 1522 6661616
1756 1460 1916 1522 1111661611
2010 1532 2011 1535 ¹

272 1559 351 1620 tam.
368 1559 414 1620 De
429 1555 592 1633 sapientia
611 1555 733 1617 dicitur
751 1576 758 1616 ε
775 1554 809 1616 61
826 1555 872 1616 61
887 1557 973 1619 betto
993 1557 1072 1617 doo-
1124 1557 1320 1620 maledictus
1337 1557 1431 1629 Cain,
1449 1557 1506 1620 sed
1527 1557 1653 1620 tructus
1672 1559 1798 1621 ventris
1814 1559 1915 1622 Beata

274 1667 410 1728 tissimi.
430 1662 526 1726 Tales
559 1659 752 1738 archangeli
783 1663 863 1725 sunt
893 1662 929 1724 in
961 1665 1071 1726 Beatae
1124 1653 1913 1736 Muniaemitbenedictusdesns.Eranamquepri·

272 1764 388 1825 Maniae
417 1760 574 1840 obsequia
608 1759 762 1836 delegati.
797 1757 891 1821 Unde
921 1759 1071 1822 videntes
1124 1751 1916 1834 666661οωί66660]66111666661166,Μ66166660
2022 1822 2023 1832 ,

271 1857 871 1934 1166661016666116)6186666166
898 1861 1071 1920 manentes
1125 1853 1307 1916 secundum
1335 1852 1514 1927 bominem,
1541 1851 1636 1926 idest,
1662 1851 1916 1917 Christumnu-
2022 1917 2023 1930 χ

271 1959 306 2019 in
323 1957 465 2020 excelsis
478 1959 615 2018 Beatam
639 1955 779 2018 Mariam
801 1957 835 2017 in
853 1957 946 2018 tanta
964 1955 1071 2033 gloria
1123 1950 1216 2014 trivit
1237 1951 1272 2012 in
1294 1950 1461 2030 paradiso,
1482 1951 1582 2025 idest,
1604 1951 1639 2012 in
1657 1951 1751 2013 utero
1773 1951 1826 2014 vel
1849 1951 1917 2012 sinu

270 2055 507 2118 ascendentem
526 2053 727 2116 admirantes
751 2053 933 2117 dixerunt:
953 2071 972 2115 c
992 2055 1071 2126 Quae
1125 2064 1197 2111 suo.
1223 2049 1343 2113 Merito
1366 2063 1446 2126 ergo
1468 2048 1560 2111 canit
1585 2049 1733 2111 66616616
1755 2069 1763 2111 :
1782 2068 1802 2110 c
1823 2050 1918 2125 Virgo
2022 2123 2023 2130 χ

271 2154 322 2215 661
335 2153 399 2214 1616
414 2167 487 2230 quae
503 2150 712 2230 progreditur
731 2152 826 2231 quasi
847 2165 969 2213 aurora
991 2166 1072 2213 con·
1125 2147 1184 2210 Del
1199 2147 1362 2217 Genitrix,
1379 2163 1476 2226 quem
1488 2147 1577 2210 totus
1591 2161 1658 2210 non
1673 2148 1762 2225 capit
1785 2147 1872 2210 orbis
1884 2147 1915 2208 in

271 2252 504 2328 surgenst...»
1124 2249 1181 2308 tua
1198 2261 1235 2308 so
1253 2243 1375 2308 clausit
1388 2245 1516 2308 viscera
1537 2243 1646 2308 sactus
1666 2245 1777 2307 homo.
1797 2247 1868 2307 »ut
1885 2245 1917 2306 in
2012 2272 2023 2345 p

310 2347 435 2410 beista
455 2348 555 2410 etiarn
570 2347 772 2411 admirantes
794 2346 972 2410 dixerunt:
989 2349 1072 2414 1666
1124 2345 1280 2407 Psalmo:
1304 2345 1417 2406 Homo
1438 2343 1552 2420 [66166
1576 2345 1628 2406 661
1648 2347 1685 2406 iu
1710 2359 1768 2417 66,
1795 2344 1829 2406 61
1846 2348 1915 2420 ipsc

270 2449 323 2510 ost
342 2447 411 2510 ista
432 2461 509 2521 ccccc
529 2446 683 2508 66666111
695 2461 764 2520 per
778 2446 965 2518 desertum,
981 2445 1071 2507 sicut
1122 2443 1282 2520 [6666611
1307 2442 1607 2506 comedissemus
1635 2440 1705 2522 (Ps.
1729 2443 1786 2514 86,
1810 2441 1856 2523 5).
1883 2441 1918 2503 at
2013 2484 2016 2495 .

269 2548 407 2621 0166616
431 2545 519 2617 fasani
542 2558 589 2605 66·
613 2544 827 2605 ormtaotibus
857 2547 1012 2618 niprrboe
1036 2543 1071 2605 et
1124 2539 1252 2601 David:
1274 2537 1409 2600 Veritas
1424 2537 1466 2599 dc
1482 2535 1582 2600 terra
1599 2537 1678 2598 orto
1692 2537 1755 2610 cst,
1772 2539 1808 2600 et
1825 2537 1917 2599 tarra

270 2643 393 2713 tituris,
418 2641 453 2701 et
474 2642 632 2701 universi
656 2644 809 2716 paciaco-ts
821 2641 1049 2717 pioowntoiii
1058 2641 1070 2700 1
1122 2637 1245 2699 nostro
1258 2636 1351 2698 dedit
1361 2635 1516 2712 seorsim
1527 2649 1630 2696 suum
1645 2633 1715 2714 (Ps.
1728 2636 1779 2710 84,
1795 2632 1916 2714 12,13).

271 2737 378 2817 (Cant.
402 2753 454 2808 111,
476 2735 522 2816 6).
543 2737 636 2799 Sicut
651 2737 785 2815 myrrha
800 2739 976 2800 conservat
990 2752 1068 2798 cor·
1123 2737 1224 2797 Terra
1246 2735 1297 2797 est
1316 2733 1418 2796 Beata
1430 2733 1533 2809 Virgo
1554 2731 1662 2794 Maria
1683 2748 1750 2795 non
1765 2733 1919 2812 qnantum

133 2902 136 2910 ,
270 2852 352 2914 pora
373 2853 394 2897 a
413 2833 598 2913 putredine,
612 2835 659 2896 116
676 2850 736 2912 per
746 2835 883 2896 Beatam
897 2833 1068 2910 Virginem
1123 2833 1164 2895 ad
1180 2829 1436 2912 corruptionem,
1450 2829 1508 2893 sed
1524 2833 1682 2910 quantum
1696 2831 1917 2910 adoniginom,
2016 2823 2017 2902 l

270 2933 411 2995 Mariam
440 2932 659 3009 designantur
683 2933 857 3009 integritas
892 2933 1002 2994 carnis
1037 2933 1070 2995 et
1123 2928 1302 3009 quodnam
1321 2927 1550 3001 6611616666,
1569 2925 1918 3006 11661,161.166),661
2022 2989 2023 2992 ,

270 3031 406 3092 66611166
425 3030 556 3091 mentis.
582 3033 647 3090 Per
670 3029 747 3092 thus
775 3027 897 3092 mentis
923 3029 1067 3092 devotio.
1122 3027 1186 3090 tuit
1199 3027 1361 3089 formatus
1375 3026 1417 3087 de
1430 3026 1532 3098 terra,
1550 3025 1638 3089 siout
1651 3043 1712 3088 nos
1726 3041 1854 3089 omnes.

269 3130 360 3188 Bene
376 3142 456 3204 ergo
481 3127 545 3188 ista
562 3126 627 3187 duo
647 3126 681 3188 in
702 3126 834 3203 virgula
854 3127 1068 3205 conjungun-
1161 3122 1351 3188 Notandum
1373 3124 1460 3203 quod
1480 3124 1604 3204 triplex
1623 3125 1673 3187 est
1691 3125 1794 3186 terra.
1820 3125 1918 3186 'l'erra
2022 3189 2023 3194 ,

270 3225 335 3296 166,
357 3223 442 3300 quod
467 3224 499 3286 et
522 3223 557 3283 in
580 3223 675 3299 virga
697 3223 776 3286 etin
797 3222 935 3300 Virgine
955 3224 1069 3285 nostra
1122 3239 1196 3302 quse
1215 3224 1267 3285 est
1286 3221 1347 3284 sub
1369 3221 1619 3296 bomine‚terra
1645 3237 1719 3300 quae
1740 3223 1794 3284 est
1814 3223 1919 3292 bonno,
2017 3287 2018 3292 ,

270 3320 406 3382 castitas
430 3321 464 3382 et
486 3317 605 3381 mantis
620 3319 916 3382 devotioindivisae
930 3333 1067 3382 manse·
1121 3322 1266 3385 6116666
1288 3337 1363 3400 quan
1386 3321 1438 3383 est
1458 3335 1559 3399 super
1579 3319 1758 3384 bominem.
1786 3321 1920 3384 Terram

268 3417 357 3480 runt.
1122 3435 1196 3499 quae
1210 3421 1261 3483 est
1277 3417 1338 3480 sub
1358 3417 1503 3492 bomine,
1520 3415 1619 3481 bomo
1642 3419 1767 3496 calcat3
1784 3420 1920 3490 ternam,
2019 3463 2020 3468 .

309 3519 349 3579 st
357 3515 474 3577 merito
487 3513 654 3575 subditur:
671 3517 828 3577 Universt
834 3517 989 3591 pmoeris
997 3517 1070 3590 pio·
1121 3531 1196 3596 quae
1217 3519 1268 3581 est
1290 3515 1400 3589 bonno,
1422 3513 1522 3578 homo
1543 3517 1671 3595 portat:
1692 3517 1831 3591 terram,
1852 3531 1922 3594 qua
2019 3591 2020 3594 Ἴ

269 3611 739 3691 66661661,666116666160
758 3610 821 3676 luit
841 3611 938 3673 donis
956 3609 1067 3690 Spiri-
1121 3616 1172 3678 est
1197 3630 1297 3694 super
1322 3611 1509 3688 bominem,
1537 3613 1637 3677 bomo
1667 3613 1848 3678 desiderat.
1877 3616 1921 3676 De

267 3715 320 3776 tus
347 3711 460 3774 Sancti
476 3710 600 3773 retorta
626 3709 711 3789 quod
734 3709 850 3772 audire
878 3709 999 3772 meruit
1026 3707 1067 3772 ab
1121 3715 1229 3792 prima
1248 3713 1340 3776 terra
1363 3711 1593 3790 scriptumest
1614 3713 1804 3775 inPsalmo
1828 3733 1836 3776 ε
1857 3717 1924 3776 Do·

266 3811 413 3886 angelo:
429 3813 512 3879 Aoc,
522 3809 640 3887 oratio
651 3813 764 3885 picino,
775 3810 940 3870 bossinus
955 3808 1067 3870 tecum
1120 3813 1208 3873 mini
1221 3811 1273 3874 est
1286 3811 1385 3873 terra
1398 3810 1433 3871 et
1444 3811 1620 3894 plenitudo
1632 3807 1793 3888 ajusffs.
1809 3813 1862 3885 23,
1878 3807 1920 3890 1).

269 3907 362 3987 (Luc.
379 3923 403 3979 1,
422 3905 488 3986 28).
1121 3911 1167 3972 De
1186 3907 1330 3970 secunda
1345 3905 1407 3971 Job
1422 3923 1496 3969 cum
1512 3907 1715 3970 describeret
1731 3910 1922 3988 passionem

307 4008 348 4068 111
359 4005 443 4066 beno
457 4003 542 4066 dixit
552 4001 700 4078 Angelus
717 4004 835 4080 pratia
850 4009 963 4078 piano,
980 4003 1066 4082 quod
1121 4007 1285 4083 unigeniti
1299 4005 1359 4067 bei
1373 4005 1443 4067 ait:
1461 4006 1571 4068 113666
1585 4007 1731 4070 1610661
1746 4009 1783 4069 in
1796 4021 1922 4070 manans

267 4102 361 4167 nulla
377 4101 532 4163 creatura
551 4099 613 4162 tuit
631 4100 729 4177 plena
743 4099 851 4176 gratia
866 4099 952 4162 sicut
965 4101 1066 4162 Beata
1119 4107 1218 4180 impii
1230 4101 1317 4185 (iob.
1333 4117 1386 4177 nx,
1408 4102 1478 4178 24),
1495 4103 1591 4178 idest,
1610 4119 1688 4166 caro
1703 4103 1829 4168 Christi
1845 4105 1919 4166 data

266 4199 386 4269 Maria,
416 4213 489 4277 quae
517 4197 607 4260 omni
635 4196 744 4273 gratia
773 4195 940 4274 spirituali
966 4213 1067 4276 super
1120 4203 1170 4264 est
1185 4202 1221 4263 in
1233 4201 1394 4279 potestate
1413 4201 1648 4279 persecutoris.
1664 4204 1711 4264 De
1725 4203 1829 4265 tertia
1843 4203 1923 4265 tiliis
2022 4229 2023 4242 ¹

266 4313 381 4361 omnes
398 4295 555 4357 mulieres
578 4293 641 4356 tuit
662 4294 761 4372 plena
784 4295 817 4356 et
839 4291 1012 4357 benedicta
1034 4296 1067 4359 61
1120 4299 1223 4362 166661
1247 4319 1255 4361 a
1279 4315 1298 4360 c
1320 4299 1357 4360 Sl
1380 4298 1526 4361 feceritis
1549 4315 1623 4379 quae
1642 4299 1801 4379 praecipio
1826 4299 1920 4364 uobis
2022 4307 2023 4340 t

264 4395 340 4459 ideo
353 4393 443 4467 dicit,
458 4393 632 4455 benedicto
645 4392 683 4454 iu
694 4395 732 4454 16
743 4395 955 4467 mutieribus,
968 4393 1063 4467 idest,
1117 4396 1316 4460 bonaterrse
1328 4395 1518 4459 comedetis.
1540 4413 1560 4458 s

265 4508 366 4572 super
380 4507 494 4553 omnes
509 4490 677 4552 mulieres.
701 4491 742 4552 Et
764 4505 831 4551 non
846 4489 954 4552 solnm
975 4491 1065 4553 omni
1159 4495 1272 4557 Prima
1286 4493 1378 4556 tarra
1397 4495 1447 4556 est
1465 4491 1667 4557 elementum
1688 4493 1841 4572 visibile;
1867 4511 1922 4557 se-

265 4592 373 4670 gratia
402 4587 464 4652 luit
492 4589 653 4650 adornata
679 4588 714 4648 in
740 4588 860 4660 mente,
888 4603 1004 4650 rerum
1033 4590 1067 4652 61
1119 4593 1238 4666 cunda,
1251 4607 1370 4671 corpus
1385 4591 1541 4670 mortale3
1559 4593 1806 4666 tertia‚coelum
1818 4593 1921 4673 spiri-

265 4705 340 4752 eum
366 4703 386 4750 a
413 4704 479 4766 quo
508 4689 540 4750 et
572 4685 608 4747 in
643 4699 708 4763 quo
737 4685 788 4747 661
818 4685 926 4746 omnis
956 4687 1065 4762 gratia
1119 4691 1219 4753 tuale.
1234 4691 1346 4751 Prima
1359 4690 1450 4752 terra
1459 4690 1511 4752 est
1522 4691 1744 4768 mortuorum3
1760 4693 1918 4765 secunda,

264 4787 407 4864 gestavit
421 4786 455 4849 in
469 4787 596 4850 ventre.
609 4787 695 4861 Ergo
705 4784 788 4845 beno
799 4781 885 4846 dixit
894 4783 1041 4861 Angelus
1056 4805 1063 4846 :
1119 4785 1324 4860 mortalium3
1339 4783 1448 4858 tertia,
1463 4783 1658 4848 viventium.
1673 4789 1752 4850 ilaec
1763 4791 1813 4850 661
1828 4791 1920 4851 terra
2022 4799 2023 4890 p

264 4890 337 4949 Aac
350 4887 467 4962 pratia
478 4890 591 4959 piano,
602 4882 688 4960 quod
700 4881 792 4945 tanta
807 4881 870 4944 luit
885 4881 919 4942 in
934 4897 974 4943 66
984 4897 1065 4958 gra-
1118 4884 1178 4946 illa
1201 4883 1241 4945 de
1263 4897 1329 4962 qua
1353 4881 1519 4944 secundus
1543 4883 1648 4948 Adam
1674 4883 1836 4949 formatus
1858 4887 1918 4960 est,
2022 4893 2023 4898 ’

263 4985 320 5046 tiae
334 4979 513 5061 plenitudo,
521 4981 558 5043 ut
567 4979 651 5041 nihil
666 4980 702 5040 in
716 4995 753 5042 66
766 4977 943 5058 profecerit
956 4979 1067 5041 inimi·
1119 4981 1205 5044 idest
1224 4981 1388 5051 Christus,
1411 4981 1544 5060 quando
1568 4959 1742 5046 inclinauit
1762 4986 1866 5048 ooelos
1888 4985 1921 5047 61

265 5099 324 5144 666
350 5077 587 5152 1661661666]
614 5075 784 5139 blanditiis
814 5075 995 5151 suadendo,
1012 5078 1065 5140 vel
1119 5079 1298 5152 descendit,
1321 5077 1419 5153 idest,
1440 5081 1572 5160 quando
1592 5077 1762 5144 descendit
1783 5081 1820 5144 in
1842 5097 1919 5144 ma·
2022 5077 2023 5090 ¹

264 5179 365 5242 minis
379 5177 545 5240 16660616.
1118 5178 1214 5250 trem,
1229 5177 1286 5238 sed
1301 5177 1462 5240 remansit
1475 5193 1551 5242 cum
1564 5181 1679 5256 Patre;
1692 5182 1838 5260 suscepit
1849 5179 1918 5242 bu·

305 5280 385 5340 Item
408 5275 509 5337 Beata
534 5272 640 5335 Maria
663 5271 726 5334 tuit
746 5272 844 5350 plena
859 5271 978 5349 gnatia,
996 5273 1066 5336 Eva
1119 5275 1322 5350 manitatem,
1343 5275 1401 5337 sed
1420 5276 1561 5340 retinuit
1579 5277 1747 5341 deitatem.
1774 5281 1855 5341 ilaec
1870 5280 1921 5341 est
2022 5265 2023 5344 l

264 5391 371 5437 vacua
404 5375 436 5434 ct
468 5372 564 5450 plena
597 5370 745 5448 peccato.
779 5371 826 5430 De
861 5369 1066 5447 plenitudine
1118 5373 1919 5452 166661666661116616661166616666111666-
2022 5381 2023 5466 ᾗ

265 5472 381 5534 Mariae
396 5485 511 5533 omnes
527 5469 726 5546 accepimus.
743 5469 790 5528 be
806 5467 972 5529 vacuitate
988 5469 1064 5529 Evae
1113 5483 1182 5544 per
1207 5470 1241 5530 et
1266 5469 1373 5530 nubes
1399 5470 1525 5542 piuant
1547 5471 1700 5545 innatum,
1735 5473 1919 5547 aperiatur

265 5585 380 5632 omncs
395 5568 583 5646 accepimus
597 5563 874 5638 maledictionem,
891 5565 947 5626 sed
963 5567 1065 5627 Beata
1119 5567 1217 5628 tarro
1231 5568 1264 5628 ci
1278 5565 1450 5643 nominat
1467 5567 1686 5631 salvatorem
1700 5568 1759 5649 (Is.
1775 5583 1853 5642 xus,
1869 5567 1916 5650 8).

261 5669 372 5732 Mania
392 5669 561 5744 tamqnam
586 5664 702 5736 domus
724 5664 784 5726 Dei
802 5663 891 5726 omni
906 5663 1012 5739 gratia
1033 5663 1066 5726 et
1107 5665 1264 5730 ,1166661
1282 5677 1361 5726 arca
1382 5663 1441 5726 illa
1461 5665 1544 5739 Noe,
1567 5681 1628 5744 per
1641 5681 1740 5746 qnam
1753 5668 1919 5732 salvatum
