4106 6328
127 397 146 456 9
443 395 580 486 14-1N
602 395 856 459 NATIVITATE
870 393 1020 454 BEATAE
1043 392 1194 454 MARIAE
1216 391 1404 452 VIRGINIS
1640 413 1645 422 ’
1739 395 1775 456 10

128 560 266 622 abrabae
285 575 385 637 quam
406 561 525 636 David,
540 558 607 623 'cur
621 561 730 639 potius
751 561 790 622 de
810 559 922 621 radice
977 557 1078 618 fuerit
1092 557 1268 619 illustriori
1291 557 1450 634 martyrio
1464 557 1633 630 coronata,
1651 558 1773 634 quanto

127 661 328 736 Jessequam
342 659 507 722 deradice
523 659 665 722 Abrabae
681 659 830 721 Gliristas
842 673 923 736 prae·
977 657 1109 732 dignior
1122 658 1172 718 est
1186 657 1298 717 anima
1313 671 1413 716 carne
1429 657 1585 716 bumana.

128 757 246 818 dicitur
262 759 474 819 nasciturus?
1018 755 1098 816 ltom
1121 754 1293 816 sciendum
1316 755 1474 831 estquod
1498 771 1613 815 omnes
1633 771 1776 830 genora-

165 855 327 917 Redditur
341 856 415 916 baec
430 856 554 932 triplex
570 857 657 918 ratio
672 879 679 916 :
694 857 812 933 primo,
829 872 923 934 prop·
977 854 1085 915 tiones
1101 853 1290 929 significant
1303 852 1469 929 protectus
1484 854 1682 925 animarum,
1701 855 1776 930 qui-

127 953 601 1030 nraeciaenaamdignnatjs;
620 955 774 1024 secunde,
790 955 923 1030 propter
977 951 1038 1012 bus
1060 952 1100 1012 de
1119 952 1241 1013 virtute
1270 952 1304 1011 in
1332 952 1488 1014 uirtutem
1515 953 1705 1014 ascenditur
1734 953 1775 1014 ad

127 1052 375 1128 expressionem
395 1052 638 1128 similitudinis:
662 1053 770 1123 tertio,
790 1053 924 1129 propter
978 1054 1091 1111 Deum.
1136 1050 1217 1111 Item
1244 1072 1250 1108 :
1279 1054 1380 1110 Liber
1421 1052 1659 1126 generationis
1693 1055 1777 1114 Jesu

128 1151 316 1210 firmitatem
333 1151 576 1227 promissionis,
594 1151 686 1212 Licet
705 1151 793 1210 enim
813 1150 922 1211 Abra·
979 1150 1107 1211 Citristt
1121 1151 1183 1221 filii
1199 1152 1321 1220 Dauid,
1342 1149 1408 1220 fiii-i
1427 1153 1611 1210 sibialiam.
1628 1149 1682 1212 lsti
1699 1151 1776 1211 sunt

128 1247 202 1308 ham
223 1264 353 1324 magnae
375 1248 479 1310 suerit
496 1249 678 1324 dignitatis
701 1249 812 1325 utpote
833 1265 923 1325 praa-
979 1249 1051 1309 duae
1064 1249 1239 1320 columnae,
1257 1265 1339 1324 quas
1355 1264 1453 1308 serus
1474 1248 1631 1324 pacitious
1648 1249 1681 1308 in
1697 1266 1776 1310 res-

127 1345 603 1424 cipuuspatriarcba,majoris
619 1349 730 1410 tamen
742 1347 922 1422 luitdigni-
978 1346 1082 1407 tibulo
1097 1347 1211 1422 templi
1233 1347 1342 1423 posuit
1362 1347 1439 1408 ante
1452 1347 1584 1418 ostium,
1602 1363 1684 1424 quas
1705 1363 1777 1408 am-

126 1443 203 1504 tatis
222 1444 451 1516 David,reluti
471 1445 773 1506 excellentissimus
795 1459 921 1520 regum,
978 1443 1203 1505 bitsuniculus
1219 1445 1391 1506 duodecim
1412 1444 1607 1518 cubitorum,
1630 1445 1674 1530 de
1689 1463 1774 1524 quo-

127 1542 158 1603 et
175 1543 322 1602 eximias
341 1543 590 1619 prophetarum.
613 1545 687 1620 Ipse
712 1543 843 1620 quidem
864 1542 925 1603 luit
978 1558 1051 1602 rum
1061 1543 1170 1605 medio
1181 1543 1332 1604 Christus
1346 1543 1466 1604 ostiam
1478 1543 1688 1605 credentibus
1702 1561 1777 1622 ape-

127 1640 255 1716 primus
275 1656 338 1700 rex
360 1641 485 1702 electus
515 1643 547 1702 et
565 1642 780 1703 confirmatus
802 1657 822 1702 a
844 1644 921 1702 Deo.
979 1641 1074 1714 ritur,
1103 1641 1159 1718 qui
1183 1641 1223 1702 de
1252 1657 1287 1702 se
1312 1642 1392 1703 dicit
1413 1663 1419 1702 :
1441 1645 1514 1718 Epo
1537 1658 1616 1704 surn
1637 1645 1774 1705 ostilam.

126 1739 210 1798 Nam
232 1738 312 1799 Saul
331 1738 457 1801 electus
472 1756 539 1800 non
558 1739 677 1812 iuerat,
700 1740 757 1801 sed
774 1740 922 1813 exortus,
979 1744 1116 1800 Perrne
1128 1743 1160 1800 st
1175 1743 1251 1813 qarts
1262 1741 1449 1812 introierit,
1464 1743 1665 1810 salvabitur,
1679 1744 1714 1804 ei
1728 1747 1777 1803 in·

126 1837 179 1912 qui
199 1837 393 1898 confirmari
415 1853 481 1898 non
505 1839 636 1910 meruit,
660 1839 716 1899 sed
736 1839 845 1915 potius
869 1853 925 1897 re-
978 1839 1167 1914 preatietur,
1176 1839 1208 1898 et
1220 1839 1428 1914 egredietur,
1439 1839 1471 1899 ei
1481 1855 1611 1913 pescate
1621 1841 1776 1902 inueniet

125 1933 271 2010 probari.
306 1935 400 1997 Unde
424 1938 574 2013 quamvis
603 1937 639 1997 in
665 1938 752 1998 serie
779 1953 924 2014 genera·
981 1934 1140 2015 (loanx,
1155 1935 1200 2015 a).
1217 1939 1323 1998 Unam
1344 1936 1542 2010 colamnam,
1560 1938 1785 2010 idestliarid,

125 2033 226 2094 tionis
239 2033 514 2096 Christiabarid
530 2051 635 2112 usque
650 2035 690 2096 ad
704 2036 926 2110 transmigra·
980 2032 1083 2094 ambit
1129 2032 1297 2094 funiculus
1346 2033 1519 2094 duodecim
1573 2033 1774 2102 cubitorum,

124 2131 250 2192 tionem
273 2131 451 2210 Babylonis
480 2149 593 2194 omnes
619 2149 715 2209 reges
740 2134 922 2205 extiterint,
979 2130 1074 2202 idest,
1092 2131 1196 2192 coetus
1212 2131 1385 2191 duodecim
1415 2133 1667 2208 Prophetarum.
1691 2133 1778 2193 Alte·

124 2230 924 2310 blattbaeusiamenantonomasticesolumbavid
980 2244 1052 2289 ram
1075 2245 1154 2290 rere
1182 2229 1384 2300 columnam,
1412 2230 1568 2292 videlieet
1597 2231 1775 2304 Abrabam,

123 2329 408 2406 regamappellat.
431 2331 491 2392 Hic
513 2313 593 2406 ergo
614 2331 776 2407 processit
795 2330 921 2402 deillo,
980 2327 1082 2388 ambit
1125 2327 1293 2388 funiculus
1349 2327 1523 2388 duodecim
1573 2329 1779 2401 cubitorum,

125 2427 507 2504 prophetavidelicetde
520 2429 691 2506 propbeta,
706 2429 922 2504 reuderege,
980 2425 1074 2499 idest,
1098 2427 1199 2486 caetus
1223 2426 1393 2486 duocecim
1419 2427 1701 2487 Patriarcbarum.
1723 2427 1778 2487 Si-

125 2528 245 2587 unctus
277 2524 316 2586 de
343 2529 458 2598 uncte,
485 2527 562 2604 quia
592 2527 861 2604 frequentissime
889 2527 924 2587 in
980 2524 1035 2584 cut
1056 2525 1143 2584 enim
1173 2523 1214 2583 ab
1238 2523 1405 2584 Abrabam
1431 2524 1602 2586 duodecim
1627 2525 1778 2587 Patriar-

76 2699 79 2708 ι
124 2623 308 2701 scripturis
328 2640 389 2702 per
407 2625 511 2686 David
535 2625 736 2700 intelligitur
760 2625 922 2687 Christus.
980 2623 1052 2683 cbae
1077 2622 1214 2699 nepotes
1247 2622 1353 2699 ipsius
1383 2623 1565 2684 carnaliter
1598 2624 1779 2686 descende-

123 2723 167 2783 De
181 2723 245 2782 illo
256 2723 420 2800 siquidem
432 2723 553 2799 legitur
570 2747 577 2783 :
595 2727 718 2785 Inueni
728 2727 840 2784 Dauid
848 2740 927 2787 ser·
980 2721 1068 2792 runt,
1084 2721 1132 2782 sic
1145 2721 1245 2781 etiam
1259 2737 1278 2782 a
1296 2721 1399 2782 David
1415 2721 1588 2782 duodecim
1602 2723 1776 2799 Prophetae

123 2837 206 2882 eram
236 2837 364 2893 meum,
390 2827 461 2884 oleo
485 2823 604 2886 sarreia
627 2839 703 2884 aneo
732 2827 821 2883 unet
847 2839 926 2884 etun
980 2819 1165 2880 imitatores
1178 2818 1282 2900 ipsius
1298 2819 1517 2896 spiritualiter
1531 2822 1774 2897 processerunt.

124 2916 192 2996 (Ps.
213 2920 267 2991 88,
284 2917 349 2998 21).
362 2920 401 2981 Et
416 2919 451 2980 in
464 2921 596 2982 Psalmo
615 2943 622 2980 :
644 2921 750 2982 Uneit
765 2921 808 2994 te,
818 2925 923 2994 Deus,
980 2916 1147 2978 Abrabam
1161 2917 1217 2994 qui
1230 2918 1280 2980 est
1298 2918 1425 2994 primus
1444 2919 1479 2979 in
1492 2919 1775 2995 generationibus,

123 3020 219 3078 Deus
250 3018 332 3078 treats
357 3023 428 3080 oleo
455 3015 585 3082 letitie
608 3035 685 3094 pra²
711 3020 926 3081 consortibus
980 3015 1148 3091 significat
1158 3015 1255 3076 tidem
1270 3018 1460 3094 quaeprima
1476 3017 1571 3078 estin
1585 3017 1775 3086 virtutibus,

124 3115 190 3175 tuis
226 3112 302 3192 (Ps.
331 3119 386 3188 44,
416 3113 466 3195 8).
497 3117 676 3193 Propterea
705 3117 741 3177 iu
768 3116 926 3192 genealo-
981 3114 1162 3176 sicutdicit
1179 3115 1474 3191 Apostolus:Sine
1491 3119 1778 3190 fideirnposstbtte

123 3212 175 3288 gia
191 3212 320 3274 Christi
331 3214 435 3276 David
447 3215 659 3291 praemittitur
671 3216 703 3276 et
721 3216 926 3292 praeponitar
981 3213 1032 3275 est
1043 3219 1181 3288 plaeere
1192 3218 1263 3274 Deo
1277 3209 1391 3290 (liebr.
1409 3231 1455 3286 xr,
1472 3215 1505 3294 o)
1520 3217 1552 3277 et
1564 3216 1654 3276 nulla
1671 3216 1778 3278 virtus

123 3309 281 3372 Abrahae.
311 3315 423 3384 Liber,
443 3313 563 3389 inquit,
587 3314 824 3389 concretionis
842 3317 925 3376 lesu
980 3313 1030 3374 est
1053 3311 1082 3372 si
1101 3328 1167 3373 non
1189 3311 1298 3388 placet
1317 3314 1404 3388 Deo;
1431 3313 1512 3374 tides
1536 3313 1643 3391 prima
1671 3315 1777 3376 estin

124 3410 256 3472 Christ-t
269 3411 333 3481 titii
346 3414 458 3472 Dauid
472 3413 535 3483 alit
550 3415 709 3475 Abrabae.
980 3408 1106 3476 electis,
1121 3409 1156 3470 ut
1173 3409 1293 3470 caetera
1315 3408 1401 3469 bona
1422 3409 1489 3470 sint
1509 3411 1655 3486 accepta.
1683 3411 1777 3472 Unde

160 3507 268 3569 Jacob
291 3507 529 3584 interpretatur
555 3511 800 3588 supplantator,
827 3511 859 3573 et
878 3511 926 3573 si·
980 3506 1060 3568 dicit
1072 3505 1249 3583 Apostolus
1267 3529 1274 3566 :
1295 3510 1443 3569 Credere
1465 3509 1599 3582 oporiet
1615 3513 1780 3572 acceden-

123 3605 264 3680 gniiicat
278 3607 414 3667 Beatam
429 3607 581 3681 Mariam,
606 3625 679 3685 quae
696 3611 746 3673 est
765 3611 927 3687 supplan·
981 3605 1050 3666 teni
1062 3609 1107 3666 ad
1119 3609 1231 3667 Deurn
1245 3609 1327 3679 pilia
1341 3607 1403 3679 est,
1425 3607 1457 3667 et
1475 3609 1727 3680 inquirentibus
1740 3623 1778 3669 se

126 3703 240 3774 tutrix,
263 3704 350 3782 quod
375 3705 602 3782 supplantavit
625 3707 804 3770 diabolum.
832 3709 925 3770 Unde
980 3705 1228 3765 remunerator
1270 3705 1316 3764 sit
1343 3702 1467 3784 (ibid).
1498 3707 1569 3764 Duo
1597 3704 1681 3766 dixit
1704 3721 1780 3766 esse

124 3801 354 3879 scriptumest
372 3802 407 3864 in
430 3803 574 3866 Genesi:
597 3808 680 3881 Ipsa
697 3807 851 3869 conteret
863 3822 924 3868 ca·
980 3801 1155 3874 credenda,
1179 3802 1343 3873 videlicet,
1362 3803 1447 3888 quod
1463 3805 1549 3862 Deus
1567 3803 1626 3874 est,
1644 3802 1676 3864 et
1691 3801 1777 3880 qaod

122 3902 182 3975 put
198 3903 313 3970 tiaram,
328 3903 362 3962 et
379 3903 417 3963 tu
431 3905 651 3965 tmtataaarts
673 3910 837 3966 capitaneo
851 3910 927 3978 ejas
980 3899 1172 3960 remunerat
1186 3899 1391 3976 inquirentes
1411 3917 1458 3974 se,
1481 3899 1577 3974 idest,
1594 3903 1677 3962 bene
1693 3917 1776 3979 ope-

126 3995 221 4074 (Gen.
236 4014 289 4070 111,
307 3997 370 4078 15).
394 4001 496 4061 Beata
519 4001 622 4077 Virgo
642 4002 750 4064 Maria
769 4003 926 4065 contrivit
980 3998 1105 4060 rantes.

124 4097 225 4174 caput
239 4096 416 4174 serpentis,
434 4097 528 4170 idest,
544 4100 790 4176 suggestionem
808 4099 926 4162 daemo-
1020 4100 1115 4158 Isaac
1143 4096 1385 4174 interpretatur
1419 4098 1507 4158 risus
1544 4099 1576 4161 et
1612 4097 1779 4175 signiiloat

123 4195 185 4266 nis,
201 4195 292 4272 quod
314 4210 376 4256 neo
398 4196 569 4272 peccatum
592 4198 699 4274 potuit
720 4199 751 4259 ei
774 4197 925 4260 diabolus
981 4212 1073 4273 spem
1086 4211 1159 4273 quae
1175 4195 1253 4256 lacit
1267 4197 1366 4257 matri
1378 4196 1523 4259 inDeam
1534 4198 1681 4274 speranti
1694 4213 1779 4274 gau-

124 4294 280 4365 suadere,
298 4296 439 4371 necejus
454 4295 603 4356 animum
618 4295 660 4357 ad
671 4295 925 4359 delectationem
982 4295 1071 4355 dium
1106 4295 1146 4355 de
1181 4293 1400 4356 retributione
1430 4297 1580 4372 perenni.
1620 4295 1713 4358 Unde
1747 4296 1785 4358 et.

124 4389 279 4454 illicitam
297 4391 470 4454 inclinare.
495 4393 557 4454 Sed
566 4394 864 4457 tameninsidiatus
877 4396 928 4458 est
982 4393 1085 4454 David
1099 4391 1229 4454 dicebat
1241 4391 1325 4454 bene
1341 4394 1574 4471 sperantibus:
1595 4395 1779 4456 Loetarnini

125 4490 288 4551 calcaneo
302 4492 386 4566 ejus,
409 4491 539 4568 quando
555 4493 591 4552 in
607 4495 713 4555 morte
728 4493 851 4555 Christi
866 4494 928 4557 do·
982 4495 1019 4553 in
1038 4495 1185 4553 Domino
1200 4492 1234 4552 et
1252 4493 1405 4554 annitere
1419 4494 1510 4565 justi
1523 4491 1627 4573 (Psal.
1644 4495 1694 4568 31,
1712 4492 1784 4573 li).¹

125 4586 196 4648 lore
211 4587 382 4665 passionis
397 4589 519 4652 afflicta
536 4591 596 4651 est.
615 4591 708 4652 Unde
722 4591 757 4651 in
773 4595 927 4668 Evange-
982 4590 1021 4651 Et
1032 4588 1209 4667 Apostolus
1225 4611 1232 4648 :
1250 4591 1401 4651 Gariaete
1421 4595 1457 4652 in
1480 4596 1627 4655 Doneino
1640 4607 1780 4667 seraper

125 4684 169 4746 lio
185 4708 194 4747 ε
209 4691 323 4750 Tuan:
336 4689 847 4762 ipsiusanimampertrensibit
859 4695 930 4766 pia·
984 4686 1086 4768 (Psal.
1116 4704 1160 4762 1v,
1181 4685 1224 4758 4).
1254 4691 1326 4765 lpse
1348 4689 1449 4751 Jacob
1470 4691 1526 4767 qui
1542 4690 1787 4766 interpretatur

126 4787 204 4846 dius
219 4783 316 4864 (Luc.
340 4801 376 4857 11,
401 4784 466 4862 35).
484 4787 619 4848 Gladius
640 4787 696 4864 qui
714 4789 929 4865 pertransivit
984 4787 1215 4865 supplantator
1226 4785 1394 4862 siguificat
1409 4787 1605 4850 charitatem
1616 4805 1688 4866 quaa
1705 4805 1782 4866 sup-

126 4881 275 4943 animam
301 4885 412 4944 Beatae
434 4884 561 4957 Marias,
588 4885 755 4962 significat
774 4880 927 4949 'dolorem
983 4885 1121 4963 plantat,
1147 4884 1244 4954 idest,
1271 4884 1376 4948 uincit
1395 4885 1562 4947 diabolum
1583 4887 1616 4950 et
1633 4903 1780 4950 amorem

128 4995 223 5056 quem
237 4979 358 5042 babuit
375 4981 415 5042 de
430 4982 491 5043 filii
502 4983 554 5044 sui
567 4984 734 5060 passione.
752 4986 826 5046 Non
839 4985 928 5047 enim
984 4983 1106 5045 carnis.
1122 4985 1216 5046 Unde
1233 4983 1411 5047 Salomon:
1432 4987 1549 5047 Fortis
1570 4986 1622 5048 est
1636 4987 1674 5047 ut
1686 5002 1783 5049 rnors

127 5077 201 5140 sine
213 5077 331 5140 dolore
353 5079 469 5142 videre
490 5081 598 5158 potuit
612 5081 717 5142 tilium
731 5083 928 5160 pendentem
983 5085 1128 5157 ditectio,
1157 5089 1247 5146 (trare
1285 5085 1374 5146 sicut
1411 5087 1570 5159 infernus
1609 5086 1783 5147 aenzuimio

126 5174 161 5236 in
172 5192 285 5246 cruce,
296 5177 402 5254 spinis
414 5181 619 5253 coronatum,
632 5178 736 5242 clavis
749 5182 926 5256 confixum,
986 5180 1092 5261 (Gaui.
1103 5199 1177 5252 rm,
1187 5182 1232 5263 6).
1245 5182 1384 5244 Dilectio
1397 5181 1518 5246 dicitur
1529 5181 1623 5246 sortis
1634 5185 1779 5254 almare,

128 5273 214 5337 sicut
224 5275 306 5337 dicit
316 5276 499 5353 Propheta:
511 5279 822 5341 reneruntmaaus
832 5295 930 5343 aneas
985 5281 1081 5356 quod,
1100 5280 1136 5342 ut
1151 5281 1198 5343 ait
1212 5281 1331 5343 beatus
1348 5281 1529 5356 Gregorius
1540 5303 1547 5342 ε
1559 5297 1577 5342 «
1588 5281 1679 5344 Sicut
1694 5296 1783 5342 mors

128 5373 160 5432 et
181 5377 286 5447 pedes
301 5389 398 5435 meos
419 5375 456 5445 et¹
480 5377 793 5440 dinumeraverunt
812 5383 930 5441 oninia
986 5396 1104 5456 corpus
1125 5379 1297 5454 interimit,
1319 5380 1366 5440 sic
1388 5380 1534 5442 ebaritas
1558 5380 1726 5442 bominem
1742 5380 1783 5442 ab

129 5483 305 5534 ossarnea
331 5469 470 5549 (Ps21,
497 5471 560 5552 17).
588 5476 625 5534 ln
645 5490 684 5534 eo
707 5476 817 5560 eptem
843 5477 928 5553 quod
986 5478 1134 5554 appetitu
1161 5478 1403 5554 ,temporalium
1445 5493 1557 5538 reram
1596 5479 1725 5540 occidit.
1766 5497 1784 5539 ε

129 5566 274 5629 dicitur:
292 5573 400 5630 Tarum
415 5573 689 5644 ipsiusantnianr
701 5575 930 5646 pertransibit
985 5576 1180 5648 AEmulatiO,
1207 5576 1302 5648 idest,
1323 5575 1482 5648 ebaritas,
1512 5577 1563 5637 est
1594 5577 1677 5638 dura
1699 5578 1786 5639 sicut

130 5667 479 5740 cantuaniensem:
500 5669 585 5746 quod
602 5672 704 5732 Beata
729 5671 848 5745 Maria,
865 5689 930 5734 non
987 5673 1150 5747 infernus,
1175 5676 1261 5752 quod
1282 5675 1369 5735 sicut
1389 5673 1539 5736 infernus
1568 5691 1664 5751 quem
1683 5675 1786 5735 semel

131 5761 290 5838 incarne,
309 5766 365 5828 sed
389 5767 423 5827 in
450 5767 567 5844 spiritu
590 5785 688 5845 passo
704 5770 764 5844 est,
790 5771 822 5832 et
837 5772 930 5834 tanto
987 5773 1132 5836 tenuerit
1157 5789 1337 5851 rnunquam
1353 5771 1526 5848 relinquit,
1549 5771 1596 5832 sio
1622 5773 1653 5833 et
1673 5771 1785 5832 cbari-
