<?xml version="1.0" encoding="UTF-8"?>
<!DOCTYPE html PUBLIC "-//W3C//DTD XHTML 1.0 Transitional//EN"
    "http://www.w3.org/TR/xhtml1/DTD/xhtml1-transitional.dtd">
<html xmlns="http://www.w3.org/1999/xhtml" xml:lang="en" lang="en">
 <head>
  <title>
</title>
<meta http-equiv="Content-Type" content="text/html;charset=utf-8" />
  <meta name='ocr-system' content='tesseract 3.04.00' />
  <meta name='ocr-capabilities' content='ocr_page ocr_carea ocr_par ocr_line ocrx_word'/>
</head>
<body>
  <div class='ocr_page' id='page_1' title='image "./mediiaevibiblio01unkngoog_0582.png"; bbox 0 0 4072 6314; ppageno 0'>
   <div class='ocr_carea' id='block_1_1' title="bbox 127 351 190 412">
    <p class='ocr_par' dir='ltr' id='par_1_1' title="bbox 127 351 190 412">
     <span class='ocr_line' id='line_1_1' title="bbox 127 351 190 412; baseline 0 0"><span class='ocrx_word' id='word_1_1' title='bbox 127 351 190 412; x_wconf 72' lang='lat'>689</span> 
     </span>
    </p>
   </div>
   <div class='ocr_carea' id='block_1_2' title="bbox 125 507 925 1563">
    <p class='ocr_par' dir='ltr' id='par_1_2' title="bbox 125 507 925 1363">
     <span class='ocr_line' id='line_1_2' title="bbox 127 507 925 582; baseline -0.005 -10"><span class='ocrx_word' id='word_1_2' title='bbox 127 509 297 582; x_wconf 70' lang='lat' dir='ltr'>namerils,</span> <span class='ocrx_word' id='word_1_3' title='bbox 314 508 425 571; x_wconf 85' lang='lat' dir='ltr'>valeat</span> <span class='ocrx_word' id='word_1_4' title='bbox 439 507 632 570; x_wconf 83' lang='lat' dir='ltr'>reaccendi:</span> <span class='ocrx_word' id='word_1_5' title='bbox 644 507 925 570; x_wconf 86' lang='lat' dir='ltr'>discretionives-</span> 
     </span>
     <span class='ocr_line' id='line_1_3' title="bbox 126 605 922 685; baseline -0.004 -16"><span class='ocrx_word' id='word_1_6' title='bbox 126 612 188 670; x_wconf 89' lang='lat' dir='ltr'>trae</span> <span class='ocrx_word' id='word_1_7' title='bbox 204 624 263 685; x_wconf 91' lang='lat' dir='ltr'>per</span> <span class='ocrx_word' id='word_1_8' title='bbox 276 606 466 684; x_wconf 76' lang='lat' dir='ltr'>apostolica</span> <span class='ocrx_word' id='word_1_9' title='bbox 479 605 602 682; x_wconf 87' lang='lat' dir='ltr'>scripta</span> <span class='ocrx_word' id='word_1_10' title='bbox 618 605 823 678; x_wconf 83' lang='lat' dir='ltr'><strong>mandamus,</strong></span> <span class='ocrx_word' id='word_1_11' title='bbox 841 606 874 667; x_wconf 90' lang='lat' dir='ltr'>et</span> <span class='ocrx_word' id='word_1_12' title='bbox 887 606 922 666; x_wconf 95' lang='lat' dir='ltr'>in</span> 
     </span>
     <span class='ocr_line' id='line_1_4' title="bbox 125 703 923 781; baseline -0.004 -14"><span class='ocrx_word' id='word_1_13' title='bbox 125 707 251 767; x_wconf 85' lang='lat' dir='ltr'>virtute</span> <span class='ocrx_word' id='word_1_14' title='bbox 285 703 484 766; x_wconf 75' lang='lat' dir='ltr'>obedientiae</span> <span class='ocrx_word' id='word_1_15' title='bbox 512 703 734 781; x_wconf 90' lang='lat' dir='ltr'>praecipimus,</span> <span class='ocrx_word' id='word_1_16' title='bbox 761 704 923 780; x_wconf 80' lang='lat' dir='ltr'>qitatenus</span> 
     </span>
     <span class='ocr_line' id='line_1_5' title="bbox 127 800 922 878; baseline -0.003 -15"><span class='ocrx_word' id='word_1_17' title='bbox 127 819 189 878; x_wconf 91' lang='lat' dir='ltr'>per</span> <span class='ocrx_word' id='word_1_18' title='bbox 212 817 272 863; x_wconf 88' lang='lat' dir='ltr'>vos</span> <span class='ocrx_word' id='word_1_19' title='bbox 291 801 392 878; x_wconf 89' lang='lat' dir='ltr'>ipsos,</span> <span class='ocrx_word' id='word_1_20' title='bbox 409 801 467 862; x_wconf 89' lang='lat' dir='ltr'>aut</span> <span class='ocrx_word' id='word_1_21' title='bbox 490 815 550 877; x_wconf 88' lang='lat' dir='ltr'>per</span> <span class='ocrx_word' id='word_1_22' title='bbox 566 800 756 877; x_wconf 80' lang='lat' dir='ltr'>religiosae,</span> <span class='ocrx_word' id='word_1_23' title='bbox 774 801 922 862; x_wconf 89' lang='lat' dir='ltr'>circum-</span> 
     </span>
     <span class='ocr_line' id='line_1_6' title="bbox 127 898 924 976; baseline -0.003 -15"><span class='ocrx_word' id='word_1_24' title='bbox 127 903 326 976; x_wconf 85' lang='lat' dir='ltr'>spectasqne</span> <span class='ocrx_word' id='word_1_25' title='bbox 347 913 526 976; x_wconf 90' lang='lat' dir='ltr'>personas,</span> <span class='ocrx_word' id='word_1_26' title='bbox 549 913 649 976; x_wconf 90' lang='lat' dir='ltr'>supra</span> <span class='ocrx_word' id='word_1_27' title='bbox 670 898 768 960; x_wconf 90' lang='lat' dir='ltr'>dictis</span> <span class='ocrx_word' id='word_1_28' title='bbox 788 914 924 959; x_wconf 89' lang='lat' dir='ltr'>monas-</span> 
     </span>
     <span class='ocr_line' id='line_1_7' title="bbox 126 995 920 1072; baseline -0.005 -12"><span class='ocrx_word' id='word_1_29' title='bbox 126 999 224 1060; x_wconf 88' lang='lat' dir='ltr'>teriis</span> <span class='ocrx_word' id='word_1_30' title='bbox 252 996 456 1059; x_wconf 78' lang='lat' dir='ltr'>visitationis</span> <span class='ocrx_word' id='word_1_31' title='bbox 490 995 674 1058; x_wconf 81' lang='lat' dir='ltr'>antidotum</span> <span class='ocrx_word' id='word_1_32' title='bbox 701 996 920 1072; x_wconf 83' lang='lat' dir='ltr'>impendatis3</span> 
     </span>
     <span class='ocr_line' id='line_1_8' title="bbox 126 1093 922 1170; baseline -0.001 -14"><span class='ocrx_word' id='word_1_33' title='bbox 126 1094 350 1157; x_wconf 80' lang='lat' dir='ltr'>reformantes</span> <span class='ocrx_word' id='word_1_34' title='bbox 381 1095 413 1156; x_wconf 87' lang='lat' dir='ltr'>et</span> <span class='ocrx_word' id='word_1_35' title='bbox 443 1093 649 1170; x_wconf 82' lang='lat' dir='ltr'>corrigentes</span> <span class='ocrx_word' id='word_1_36' title='bbox 679 1093 715 1153; x_wconf 93' lang='lat' dir='ltr'>in</span> <span class='ocrx_word' id='word_1_37' title='bbox 747 1093 796 1154; x_wconf 89' lang='lat' dir='ltr'>eis</span> <span class='ocrx_word' id='word_1_38' title='bbox 825 1094 922 1170; x_wconf 80' lang='lat' dir='ltr'>Juxta</span> 
     </span>
     <span class='ocr_line' id='line_1_9' title="bbox 126 1189 921 1270; baseline -0.005 -16"><span class='ocrx_word' id='word_1_39' title='bbox 126 1191 277 1270; x_wconf 86' lang='lat' dir='ltr'>praedicti</span> <span class='ocrx_word' id='word_1_40' title='bbox 292 1189 433 1252; x_wconf 89' lang='lat' dir='ltr'>coenobii</span> <span class='ocrx_word' id='word_1_41' title='bbox 449 1191 582 1261; x_wconf 91' lang='lat' dir='ltr'>statuta,</span> <span class='ocrx_word' id='word_1_42' title='bbox 600 1206 673 1267; x_wconf 79' lang='lat' dir='ltr'>quaa</span> <span class='ocrx_word' id='word_1_43' title='bbox 693 1190 921 1261; x_wconf 86' lang='lat' dir='ltr'>correctionis,</span> 
     </span>
     <span class='ocr_line' id='line_1_10' title="bbox 126 1287 922 1363; baseline -0.003 -12"><span class='ocrx_word' id='word_1_44' title='bbox 126 1291 163 1353; x_wconf 87' lang='lat' dir='ltr'>et</span> <span class='ocrx_word' id='word_1_45' title='bbox 186 1287 434 1350; x_wconf 84' lang='lat' dir='ltr'>reformationis</span> <span class='ocrx_word' id='word_1_46' title='bbox 458 1287 568 1350; x_wconf 82' lang='lat' dir='ltr'>officio</span> <span class='ocrx_word' id='word_1_47' title='bbox 591 1287 745 1350; x_wconf 87' lang='lat' dir='ltr'>videritis</span> <span class='ocrx_word' id='word_1_48' title='bbox 759 1287 922 1363; x_wconf 80' lang='lat' dir='ltr'>indigere.</span> 
     </span>
    </p>

    <p class='ocr_par' dir='ltr' id='par_1_3' title="bbox 126 1384 921 1563">
     <span class='ocr_line' id='line_1_11' title="bbox 168 1384 921 1464; baseline 0 -16"><span class='ocrx_word' id='word_1_49' title='bbox 168 1387 286 1448; x_wconf 89' lang='lat' dir='ltr'>Datum</span> <span class='ocrx_word' id='word_1_50' title='bbox 308 1385 478 1455; x_wconf 86' lang='lat' dir='ltr'>Laterani,</span> <span class='ocrx_word' id='word_1_51' title='bbox 493 1385 591 1447; x_wconf 89' lang='lat' dir='ltr'>tertio</span> <span class='ocrx_word' id='word_1_52' title='bbox 611 1384 772 1447; x_wconf 82' lang='lat' dir='ltr'>kalendas</span> <span class='ocrx_word' id='word_1_53' title='bbox 794 1385 921 1464; x_wconf 88' lang='lat' dir='ltr'>aprilis,</span> 
     </span>
     <span class='ocr_line' id='line_1_12' title="bbox 126 1483 613 1563; baseline -0.006 -17"><span class='ocrx_word' id='word_1_54' title='bbox 126 1484 341 1563; x_wconf 86' lang='lat' dir='ltr'>pontificatus</span> <span class='ocrx_word' id='word_1_55' title='bbox 355 1483 460 1545; x_wconf 90' lang='lat' dir='ltr'>nostri</span> <span class='ocrx_word' id='word_1_56' title='bbox 471 1497 559 1545; x_wconf 89' lang='lat' dir='ltr'>anno</span> <span class='ocrx_word' id='word_1_57' title='bbox 573 1483 613 1544; x_wconf 93' lang='lat' dir='ltr'>ll.</span> 
     </span>
    </p>
   </div>
   <div class='ocr_carea' id='block_1_3' title="bbox 414 1713 644 1803">
    <p class='ocr_par' dir='ltr' id='par_1_4' title="bbox 414 1713 644 1803">
     <span class='ocr_line' id='line_1_13' title="bbox 414 1713 644 1803; baseline -0.004 0"><span class='ocrx_word' id='word_1_58' title='bbox 414 1713 644 1803; x_wconf 86' lang='lat' dir='ltr'>CLXXXIII</span> 
     </span>
    </p>
   </div>
   <div class='ocr_carea' id='block_1_4' title="bbox 125 1865 925 2028">
    <p class='ocr_par' dir='ltr' id='par_1_5' title="bbox 125 1865 925 2028">
     <span class='ocr_line' id='line_1_14' title="bbox 125 1865 925 1931; baseline -0.005 0"><span class='ocrx_word' id='word_1_59' title='bbox 125 1871 180 1931; x_wconf 81' lang='lat' dir='ltr'>Ad</span> <span class='ocrx_word' id='word_1_60' title='bbox 191 1867 346 1929; x_wconf 85' lang='lat' dir='ltr'>abbatem</span> <span class='ocrx_word' id='word_1_61' title='bbox 360 1867 394 1928; x_wconf 82' lang='lat' dir='ltr'>ct</span> <span class='ocrx_word' id='word_1_62' title='bbox 407 1867 612 1929; x_wconf 75' lang='lat' dir='ltr'>maceniam</span> <span class='ocrx_word' id='word_1_63' title='bbox 628 1865 740 1928; x_wconf 79' lang='lat' dir='ltr'>sancti</span> <span class='ocrx_word' id='word_1_64' title='bbox 757 1867 925 1929; x_wconf 79' lang='lat' dir='ltr'>Vincaaatit</span> 
     </span>
     <span class='ocr_line' id='line_1_15' title="bbox 270 1965 781 2028; baseline -0.008 -1"><span class='ocrx_word' id='word_1_65' title='bbox 270 1965 622 2028; x_wconf 72' lang='lat' dir='ltr'>praemonstratensis</span> <span class='ocrx_word' id='word_1_66' title='bbox 637 1967 781 2026; x_wconf 79' lang='lat' dir='ltr'>ordinis.</span> 
     </span>
    </p>
   </div>
   <div class='ocr_carea' id='block_1_5' title="bbox 184 2094 875 2287">
    <p class='ocr_par' dir='ltr' id='par_1_6' title="bbox 184 2094 875 2287">
     <span class='ocr_line' id='line_1_16' title="bbox 417 2094 622 2168; baseline -0.029 -12"><span class='ocrx_word' id='word_1_67' title='bbox 417 2095 527 2168; x_wconf 64' lang='lat' dir='ltr'>Xapril.</span> <span class='ocrx_word' id='word_1_68' title='bbox 543 2094 622 2153; x_wconf 77' lang='grc'><strong>1118.</strong></span> 
     </span>
     <span class='ocr_line' id='line_1_17' title="bbox 184 2217 875 2287; baseline -0.004 -16"><span class='ocrx_word' id='word_1_69' title='bbox 184 2221 278 2287; x_wconf 82' lang='lat' dir='ltr'>[Hugo,</span> <span class='ocrx_word' id='word_1_70' title='bbox 290 2219 403 2272; x_wconf 81' lang='lat' dir='ltr'>Annales</span> <span class='ocrx_word' id='word_1_71' title='bbox 412 2219 509 2270; x_wconf 83' lang='lat' dir='ltr'>ordinis</span> <span class='ocrx_word' id='word_1_72' title='bbox 519 2218 669 2269; x_wconf 79' lang='lat' dir='ltr'>Praemcnst.</span> <span class='ocrx_word' id='word_1_73' title='bbox 680 2219 710 2277; x_wconf 91' lang='lat' dir='ltr'>ll,</span> <span class='ocrx_word' id='word_1_74' title='bbox 722 2217 795 2283; x_wconf 89' lang='lat' dir='ltr'>prob.</span> <span class='ocrx_word' id='word_1_75' title='bbox 806 2218 875 2284; x_wconf 66' lang='lat' dir='ltr'>dib]</span> 
     </span>
    </p>
   </div>
   <div class='ocr_carea' id='block_1_6' title="bbox 141 2344 913 2494">
    <p class='ocr_par' dir='ltr' id='par_1_7' title="bbox 141 2344 913 2494">
     <span class='ocr_line' id='line_1_18' title="bbox 141 2344 913 2406; baseline -0.006 -1"><span class='ocrx_word' id='word_1_76' title='bbox 141 2346 298 2406; x_wconf 84' lang='lat' dir='ltr'>Confirmat</span> <span class='ocrx_word' id='word_1_77' title='bbox 311 2345 542 2404; x_wconf 83' lang='lat' dir='ltr'>substitutionem</span> <span class='ocrx_word' id='word_1_78' title='bbox 556 2344 871 2402; x_wconf 80' lang='lat' dir='ltr'>Praemonstratensium</span> <span class='ocrx_word' id='word_1_79' title='bbox 884 2344 913 2400; x_wconf 91' lang='lat' dir='ltr'>in</span> 
     </span>
     <span class='ocr_line' id='line_1_19' title="bbox 234 2432 816 2494; baseline -0.003 -2"><span class='ocrx_word' id='word_1_80' title='bbox 234 2435 330 2494; x_wconf 91' lang='lat' dir='ltr'>locum</span> <span class='ocrx_word' id='word_1_81' title='bbox 343 2432 550 2492; x_wconf 87' lang='lat' dir='ltr'>monachorum</span> <span class='ocrx_word' id='word_1_82' title='bbox 563 2433 656 2490; x_wconf 88' lang='lat' dir='ltr'>sancti</span> <span class='ocrx_word' id='word_1_83' title='bbox 664 2433 816 2492; x_wconf 83' lang='lat' dir='ltr'>vincentii.</span> 
     </span>
    </p>
   </div>
   <div class='ocr_carea' id='block_1_7' title="bbox 126 2552 933 5444">
    <p class='ocr_par' dir='ltr' id='par_1_8' title="bbox 126 2552 925 2922">
     <span class='ocr_line' id='line_1_20' title="bbox 167 2552 925 2629; baseline -0.005 -15"><span class='ocrx_word' id='word_1_84' title='bbox 167 2553 338 2615; x_wconf 84' lang='lat' dir='ltr'>Honorius</span> <span class='ocrx_word' id='word_1_85' title='bbox 375 2552 571 2629; x_wconf 91' lang='lat' dir='ltr'>episcopus,</span> <span class='ocrx_word' id='word_1_86' title='bbox 602 2566 718 2612; x_wconf 90' lang='lat' dir='ltr'>servus</span> <span class='ocrx_word' id='word_1_87' title='bbox 752 2563 925 2612; x_wconf 89' lang='lat' dir='ltr'>servorum</span> 
     </span>
     <span class='ocr_line' id='line_1_21' title="bbox 128 2647 924 2722; baseline -0.005 -10"><span class='ocrx_word' id='word_1_88' title='bbox 128 2651 201 2722; x_wconf 90' lang='lat' dir='ltr'>Dei,</span> <span class='ocrx_word' id='word_1_89' title='bbox 211 2650 342 2712; x_wconf 89' lang='lat' dir='ltr'>dilectis</span> <span class='ocrx_word' id='word_1_90' title='bbox 358 2649 436 2710; x_wconf 86' lang='lat' dir='ltr'>filiis</span> <span class='ocrx_word' id='word_1_91' title='bbox 454 2647 564 2709; x_wconf 90' lang='lat' dir='ltr'>abbati</span> <span class='ocrx_word' id='word_1_92' title='bbox 577 2648 610 2710; x_wconf 88' lang='lat' dir='ltr'>et</span> <span class='ocrx_word' id='word_1_93' title='bbox 625 2647 802 2709; x_wconf 90' lang='lat' dir='ltr'>conventui</span> <span class='ocrx_word' id='word_1_94' title='bbox 818 2648 924 2709; x_wconf 89' lang='lat' dir='ltr'>sancti</span> 
     </span>
     <span class='ocr_line' id='line_1_22' title="bbox 129 2745 925 2818; baseline -0.003 -10"><span class='ocrx_word' id='word_1_95' title='bbox 129 2747 300 2810; x_wconf 88' lang='lat' dir='ltr'>Vincentii</span> <span class='ocrx_word' id='word_1_96' title='bbox 319 2746 646 2808; x_wconf 71' lang='lat' dir='ltr'>Prasmonstratensis</span> <span class='ocrx_word' id='word_1_97' title='bbox 670 2745 809 2818; x_wconf 75' lang='lat' dir='ltr'>ordiniS,</span> <span class='ocrx_word' id='word_1_98' title='bbox 833 2745 925 2806; x_wconf 90' lang='lat' dir='ltr'>salu-</span> 
     </span>
     <span class='ocr_line' id='line_1_23' title="bbox 126 2843 763 2922; baseline -0.006 -15"><span class='ocrx_word' id='word_1_99' title='bbox 126 2851 195 2907; x_wconf 88' lang='lat' dir='ltr'>tem</span> <span class='ocrx_word' id='word_1_100' title='bbox 211 2847 245 2907; x_wconf 90' lang='lat' dir='ltr'>et</span> <span class='ocrx_word' id='word_1_101' title='bbox 259 2845 473 2922; x_wconf 88' lang='lat' dir='ltr'>apostolicam</span> <span class='ocrx_word' id='word_1_102' title='bbox 488 2843 763 2904; x_wconf 88' lang='lat' dir='ltr'>benedictionem.</span> 
     </span>
    </p>

    <p class='ocr_par' dir='ltr' id='par_1_9' title="bbox 127 2937 930 5254">
     <span class='ocr_line' id='line_1_24' title="bbox 170 2937 925 3018; baseline -0.004 -16"><span class='ocrx_word' id='word_1_103' title='bbox 170 2943 251 3002; x_wconf 84' lang='lat' dir='ltr'>Cum</span> <span class='ocrx_word' id='word_1_104' title='bbox 276 2957 295 3001; x_wconf 91' lang='lat' dir='ltr'>a</span> <span class='ocrx_word' id='word_1_105' title='bbox 318 2941 412 3002; x_wconf 91' lang='lat' dir='ltr'>nobis</span> <span class='ocrx_word' id='word_1_106' title='bbox 434 2940 557 3018; x_wconf 90' lang='lat' dir='ltr'>petitur</span> <span class='ocrx_word' id='word_1_107' title='bbox 580 2938 666 3016; x_wconf 86' lang='lat' dir='ltr'>quod</span> <span class='ocrx_word' id='word_1_108' title='bbox 685 2939 811 3015; x_wconf 90' lang='lat' dir='ltr'>justum</span> <span class='ocrx_word' id='word_1_109' title='bbox 827 2937 878 3000; x_wconf 89' lang='lat' dir='ltr'>est</span> <span class='ocrx_word' id='word_1_110' title='bbox 892 2938 925 2999; x_wconf 91' lang='lat' dir='ltr'>et</span> 
     </span>
     <span class='ocr_line' id='line_1_25' title="bbox 132 3035 924 3114; baseline -0.005 -14"><span class='ocrx_word' id='word_1_111' title='bbox 132 3040 321 3110; x_wconf 85' lang='lat' dir='ltr'>honestum,</span> <span class='ocrx_word' id='word_1_112' title='bbox 337 3039 405 3100; x_wconf 67' lang='lat' dir='ltr'>mm</span> <span class='ocrx_word' id='word_1_113' title='bbox 423 3038 519 3113; x_wconf 87' lang='lat' dir='ltr'>vigor</span> <span class='ocrx_word' id='word_1_114' title='bbox 540 3036 706 3114; x_wconf 71' lang='lat' dir='ltr'>equitatis</span> <span class='ocrx_word' id='word_1_115' title='bbox 726 3051 824 3114; x_wconf 88' lang='lat' dir='ltr'>quam</span> <span class='ocrx_word' id='word_1_116' title='bbox 842 3035 924 3113; x_wconf 84' lang='lat' dir='ltr'>ordo</span> 
     </span>
     <span class='ocr_line' id='line_1_26' title="bbox 129 3132 922 3212; baseline -0.006 -14"><span class='ocrx_word' id='word_1_117' title='bbox 129 3137 237 3212; x_wconf 82' lang='lat' dir='ltr'>erigit</span> <span class='ocrx_word' id='word_1_118' title='bbox 249 3135 401 3208; x_wconf 89' lang='lat' dir='ltr'>rationis,</span> <span class='ocrx_word' id='word_1_119' title='bbox 418 3137 455 3197; x_wconf 89' lang='lat' dir='ltr'>ut</span> <span class='ocrx_word' id='word_1_120' title='bbox 468 3135 500 3196; x_wconf 93' lang='lat' dir='ltr'>id</span> <span class='ocrx_word' id='word_1_121' title='bbox 515 3150 575 3211; x_wconf 89' lang='lat' dir='ltr'>per</span> <span class='ocrx_word' id='word_1_122' title='bbox 595 3133 853 3196; x_wconf 89' lang='lat' dir='ltr'>sollicitudinem</span> <span class='ocrx_word' id='word_1_123' title='bbox 868 3132 922 3194; x_wconf 91' lang='lat' dir='ltr'>of-</span> 
     </span>
     <span class='ocr_line' id='line_1_27' title="bbox 128 3231 922 3308; baseline -0.003 -14"><span class='ocrx_word' id='word_1_124' title='bbox 128 3235 198 3295; x_wconf 89' lang='lat' dir='ltr'>ficii</span> <span class='ocrx_word' id='word_1_125' title='bbox 214 3233 319 3295; x_wconf 89' lang='lat' dir='ltr'>nostri</span> <span class='ocrx_word' id='word_1_126' title='bbox 332 3233 374 3294; x_wconf 93' lang='lat' dir='ltr'>ad</span> <span class='ocrx_word' id='word_1_127' title='bbox 385 3232 529 3294; x_wconf 88' lang='lat' dir='ltr'>debitum</span> <span class='ocrx_word' id='word_1_128' title='bbox 545 3231 744 3308; x_wconf 89' lang='lat' dir='ltr'>perducatur</span> <span class='ocrx_word' id='word_1_129' title='bbox 758 3231 922 3293; x_wconf 82' lang='lat' dir='ltr'>effectum.</span> 
     </span>
     <span class='ocr_line' id='line_1_28' title="bbox 129 3329 926 3407; baseline -0.001 -15"><span class='ocrx_word' id='word_1_130' title='bbox 129 3333 218 3392; x_wconf 89' lang='lat' dir='ltr'>Sane</span> <span class='ocrx_word' id='word_1_131' title='bbox 233 3347 307 3392; x_wconf 90' lang='lat' dir='ltr'>cum</span> <span class='ocrx_word' id='word_1_132' title='bbox 329 3329 425 3392; x_wconf 90' lang='lat' dir='ltr'>bonae</span> <span class='ocrx_word' id='word_1_133' title='bbox 444 3329 612 3392; x_wconf 89' lang='lat' dir='ltr'>memoriae</span> <span class='ocrx_word' id='word_1_134' title='bbox 635 3329 811 3407; x_wconf 81' lang='lat' dir='ltr'>syroslaus</span> <span class='ocrx_word' id='word_1_135' title='bbox 825 3332 926 3391; x_wconf 89' lang='lat' dir='ltr'>Wra-</span> 
     </span>
     <span class='ocr_line' id='line_1_29' title="bbox 127 3427 924 3504; baseline -0.003 -14"><span class='ocrx_word' id='word_1_136' title='bbox 127 3428 333 3490; x_wconf 89' lang='lat' dir='ltr'>tislaviensis</span> <span class='ocrx_word' id='word_1_137' title='bbox 347 3427 568 3504; x_wconf 65' lang='lat' dir='ltr'>episcopans</span> <span class='ocrx_word' id='word_1_138' title='bbox 593 3427 795 3488; x_wconf 90' lang='lat' dir='ltr'>monasterio</span> <span class='ocrx_word' id='word_1_139' title='bbox 814 3428 924 3489; x_wconf 88' lang='lat' dir='ltr'>vestro</span> 
     </span>
     <span class='ocr_line' id='line_1_30' title="bbox 129 3525 923 3602; baseline -0.001 -16"><span class='ocrx_word' id='word_1_140' title='bbox 129 3526 238 3602; x_wconf 88' lang='lat' dir='ltr'>nigris</span> <span class='ocrx_word' id='word_1_141' title='bbox 253 3525 436 3597; x_wconf 89' lang='lat' dir='ltr'>monachis,</span> <span class='ocrx_word' id='word_1_142' title='bbox 463 3525 521 3601; x_wconf 86' lang='lat' dir='ltr'>qui</span> <span class='ocrx_word' id='word_1_143' title='bbox 543 3539 619 3586; x_wconf 90' lang='lat' dir='ltr'>esse</span> <span class='ocrx_word' id='word_1_144' title='bbox 635 3527 877 3588; x_wconf 89' lang='lat' dir='ltr'>consueverant</span> <span class='ocrx_word' id='word_1_145' title='bbox 890 3525 923 3585; x_wconf 93' lang='lat' dir='ltr'>in</span> 
     </span>
     <span class='ocr_line' id='line_1_31' title="bbox 128 3624 925 3701; baseline -0.001 -16"><span class='ocrx_word' id='word_1_146' title='bbox 128 3625 256 3695; x_wconf 89' lang='lat' dir='ltr'>eodem,</span> <span class='ocrx_word' id='word_1_147' title='bbox 271 3625 407 3701; x_wconf 92' lang='lat' dir='ltr'>propter</span> <span class='ocrx_word' id='word_1_148' title='bbox 433 3638 585 3684; x_wconf 91' lang='lat' dir='ltr'>enormes</span> <span class='ocrx_word' id='word_1_149' title='bbox 609 3637 767 3684; x_wconf 85' lang='lat' dir='ltr'>excessus</span> <span class='ocrx_word' id='word_1_150' title='bbox 790 3638 878 3694; x_wconf 86' lang='lat' dir='ltr'>suos,</span> <span class='ocrx_word' id='word_1_151' title='bbox 893 3624 925 3684; x_wconf 90' lang='lat' dir='ltr'>et</span> 
     </span>
     <span class='ocr_line' id='line_1_32' title="bbox 128 3719 924 3798; baseline -0.003 -16"><span class='ocrx_word' id='word_1_152' title='bbox 128 3722 292 3782; x_wconf 88' lang='lat' dir='ltr'>bonorum</span> <span class='ocrx_word' id='word_1_153' title='bbox 318 3719 467 3798; x_wconf 79' lang='lat' dir='ltr'>eJusdem</span> <span class='ocrx_word' id='word_1_154' title='bbox 493 3719 688 3782; x_wconf 89' lang='lat' dir='ltr'>monasterii</span> <span class='ocrx_word' id='word_1_155' title='bbox 707 3719 924 3795; x_wconf 86' lang='lat' dir='ltr'>dilapidatio-</span> 
     </span>
     <span class='ocr_line' id='line_1_33' title="bbox 129 3816 924 3896; baseline -0.003 -16"><span class='ocrx_word' id='word_1_156' title='bbox 129 3835 218 3891; x_wconf 91' lang='lat' dir='ltr'>nem,</span> <span class='ocrx_word' id='word_1_157' title='bbox 242 3819 369 3896; x_wconf 87' lang='lat' dir='ltr'>ejectis,</span> <span class='ocrx_word' id='word_1_158' title='bbox 392 3818 556 3890; x_wconf 88' lang='lat' dir='ltr'>statuerit,</span> <span class='ocrx_word' id='word_1_159' title='bbox 572 3817 658 3882; x_wconf 90' lang='lat' dir='ltr'>utin</span> <span class='ocrx_word' id='word_1_160' title='bbox 675 3816 802 3887; x_wconf 91' lang='lat' dir='ltr'>eodem,</span> <span class='ocrx_word' id='word_1_161' title='bbox 822 3818 924 3879; x_wconf 89' lang='lat' dir='ltr'>vestri</span> 
     </span>
     <span class='ocr_line' id='line_1_34' title="bbox 128 3913 926 3991; baseline -0.003 -14"><span class='ocrx_word' id='word_1_162' title='bbox 128 3919 253 3978; x_wconf 87' lang='lat' dir='ltr'>statuta</span> <span class='ocrx_word' id='word_1_163' title='bbox 265 3915 392 3978; x_wconf 88' lang='lat' dir='ltr'>ordinis</span> <span class='ocrx_word' id='word_1_164' title='bbox 405 3915 630 3986; x_wconf 82' lang='lat' dir='ltr'>servarentur,</span> <span class='ocrx_word' id='word_1_165' title='bbox 642 3913 728 3991; x_wconf 88' lang='lat' dir='ltr'>quod</span> <span class='ocrx_word' id='word_1_166' title='bbox 743 3913 839 3975; x_wconf 90' lang='lat' dir='ltr'>bonae</span> <span class='ocrx_word' id='word_1_167' title='bbox 854 3931 926 3975; x_wconf 90' lang='lat' dir='ltr'>me·</span> 
     </span>
     <span class='ocr_line' id='line_1_35' title="bbox 128 4011 925 4090; baseline -0.004 -14"><span class='ocrx_word' id='word_1_168' title='bbox 128 4015 246 4076; x_wconf 89' lang='lat' dir='ltr'>moriae</span> <span class='ocrx_word' id='word_1_169' title='bbox 258 4017 376 4075; x_wconf 90' lang='lat' dir='ltr'>Petrus</span> <span class='ocrx_word' id='word_1_170' title='bbox 391 4013 479 4075; x_wconf 92' lang='lat' dir='ltr'>tituli</span> <span class='ocrx_word' id='word_1_171' title='bbox 494 4013 601 4075; x_wconf 91' lang='lat' dir='ltr'>sancti</span> <span class='ocrx_word' id='word_1_172' title='bbox 609 4011 759 4074; x_wconf 89' lang='lat' dir='ltr'>Marcelli</span> <span class='ocrx_word' id='word_1_173' title='bbox 772 4012 925 4090; x_wconf 88' lang='lat' dir='ltr'>praesby-</span> 
     </span>
     <span class='ocr_line' id='line_1_36' title="bbox 128 4108 926 4184; baseline -0.003 -11"><span class='ocrx_word' id='word_1_174' title='bbox 128 4115 193 4184; x_wconf 85' lang='lat' dir='ltr'>ter,</span> <span class='ocrx_word' id='word_1_175' title='bbox 206 4112 285 4174; x_wconf 90' lang='lat' dir='ltr'>tunc</span> <span class='ocrx_word' id='word_1_176' title='bbox 300 4111 431 4174; x_wconf 87' lang='lat' dir='ltr'>Sanctae</span> <span class='ocrx_word' id='word_1_177' title='bbox 441 4111 597 4172; x_wconf 88' lang='lat' dir='ltr'>Mariaain</span> <span class='ocrx_word' id='word_1_178' title='bbox 610 4110 672 4171; x_wconf 83' lang='lat' dir='ltr'>Via</span> <span class='ocrx_word' id='word_1_179' title='bbox 685 4108 753 4171; x_wconf 86' lang='lat' dir='ltr'>lata</span> <span class='ocrx_word' id='word_1_180' title='bbox 766 4109 926 4172; x_wconf 91' lang='lat' dir='ltr'>diaconus</span> 
     </span>
     <span class='ocr_line' id='line_1_37' title="bbox 129 4207 927 4285; baseline -0.003 -14"><span class='ocrx_word' id='word_1_181' title='bbox 129 4209 313 4272; x_wconf 88' lang='lat' dir='ltr'>cardinalis</span> <span class='ocrx_word' id='word_1_182' title='bbox 328 4209 458 4285; x_wconf 87' lang='lat' dir='ltr'>legatus</span> <span class='ocrx_word' id='word_1_183' title='bbox 474 4207 569 4270; x_wconf 89' lang='lat' dir='ltr'>Sedis</span> <span class='ocrx_word' id='word_1_184' title='bbox 588 4207 790 4284; x_wconf 79' lang='lat' dir='ltr'>apostolicae</span> <span class='ocrx_word' id='word_1_185' title='bbox 803 4222 927 4284; x_wconf 87' lang='lat' dir='ltr'>appro-</span> 
     </span>
     <span class='ocr_line' id='line_1_38' title="bbox 130 4304 926 4384; baseline -0.004 -14"><span class='ocrx_word' id='word_1_186' title='bbox 130 4307 231 4370; x_wconf 89' lang='lat' dir='ltr'>bavit.</span> <span class='ocrx_word' id='word_1_187' title='bbox 261 4308 331 4368; x_wconf 90' lang='lat' dir='ltr'>Nos</span> <span class='ocrx_word' id='word_1_188' title='bbox 354 4307 474 4368; x_wconf 86' lang='lat' dir='ltr'>vestris</span> <span class='ocrx_word' id='word_1_189' title='bbox 508 4304 803 4384; x_wconf 86' lang='lat' dir='ltr'>postulationibus,</span> <span class='ocrx_word' id='word_1_190' title='bbox 830 4307 926 4382; x_wconf 84' lang='lat' dir='ltr'>grato</span> 
     </span>
     <span class='ocr_line' id='line_1_39' title="bbox 132 4402 927 4480; baseline -0.004 -13"><span class='ocrx_word' id='word_1_191' title='bbox 132 4405 370 4467; x_wconf 83' lang='lat' dir='ltr'>concurrentes</span> <span class='ocrx_word' id='word_1_192' title='bbox 398 4419 559 4475; x_wconf 89' lang='lat' dir='ltr'>assensu,</span> <span class='ocrx_word' id='word_1_193' title='bbox 595 4402 683 4480; x_wconf 88' lang='lat' dir='ltr'>quod</span> <span class='ocrx_word' id='word_1_194' title='bbox 715 4419 736 4464; x_wconf 90' lang='lat' dir='ltr'>a</span> <span class='ocrx_word' id='word_1_195' title='bbox 768 4403 927 4480; x_wconf 86' lang='lat' dir='ltr'>praedicto</span> 
     </span>
     <span class='ocr_line' id='line_1_40' title="bbox 131 4499 928 4579; baseline -0.003 -16"><span class='ocrx_word' id='word_1_196' title='bbox 131 4503 287 4579; x_wconf 91' lang='lat' dir='ltr'>episcopo</span> <span class='ocrx_word' id='word_1_197' title='bbox 314 4499 450 4578; x_wconf 90' lang='lat' dir='ltr'>provide</span> <span class='ocrx_word' id='word_1_198' title='bbox 474 4499 596 4562; x_wconf 89' lang='lat' dir='ltr'>factum</span> <span class='ocrx_word' id='word_1_199' title='bbox 614 4501 674 4572; x_wconf 89' lang='lat' dir='ltr'>est,</span> <span class='ocrx_word' id='word_1_200' title='bbox 696 4501 733 4561; x_wconf 89' lang='lat' dir='ltr'>in</span> <span class='ocrx_word' id='word_1_201' title='bbox 747 4499 811 4561; x_wconf 90' lang='lat' dir='ltr'>bac</span> <span class='ocrx_word' id='word_1_202' title='bbox 833 4503 928 4576; x_wconf 89' lang='lat' dir='ltr'>parte</span> 
     </span>
     <span class='ocr_line' id='line_1_41' title="bbox 132 4597 930 4676; baseline -0.004 -14"><span class='ocrx_word' id='word_1_203' title='bbox 132 4601 165 4662; x_wconf 90' lang='lat' dir='ltr'>et</span> <span class='ocrx_word' id='word_1_204' title='bbox 179 4599 221 4660; x_wconf 92' lang='lat' dir='ltr'>ab</span> <span class='ocrx_word' id='word_1_205' title='bbox 236 4599 352 4661; x_wconf 91' lang='lat' dir='ltr'>ecdem</span> <span class='ocrx_word' id='word_1_206' title='bbox 366 4598 488 4675; x_wconf 86' lang='lat' dir='ltr'>legate,</span> <span class='ocrx_word' id='word_1_207' title='bbox 504 4598 591 4660; x_wconf 89' lang='lat' dir='ltr'>sicut</span> <span class='ocrx_word' id='word_1_208' title='bbox 600 4597 723 4658; x_wconf 89' lang='lat' dir='ltr'>dictum</span> <span class='ocrx_word' id='word_1_209' title='bbox 735 4599 796 4669; x_wconf 91' lang='lat' dir='ltr'>est,</span> <span class='ocrx_word' id='word_1_210' title='bbox 806 4609 930 4676; x_wconf 84' lang='lat' dir='ltr'>appro-</span> 
     </span>
     <span class='ocr_line' id='line_1_42' title="bbox 132 4694 929 4773; baseline -0.001 -16"><span class='ocrx_word' id='word_1_211' title='bbox 132 4697 257 4767; x_wconf 89' lang='lat' dir='ltr'>batum,</span> <span class='ocrx_word' id='word_1_212' title='bbox 275 4695 508 4773; x_wconf 84' lang='lat' dir='ltr'>praedictcrum</span> <span class='ocrx_word' id='word_1_213' title='bbox 522 4694 760 4757; x_wconf 86' lang='lat' dir='ltr'>monachorum</span> <span class='ocrx_word' id='word_1_214' title='bbox 776 4694 929 4756; x_wconf 89' lang='lat' dir='ltr'>molesta·</span> 
     </span>
     <span class='ocr_line' id='line_1_43' title="bbox 132 4791 929 4864; baseline -0.003 -8"><span class='ocrx_word' id='word_1_215' title='bbox 132 4795 225 4857; x_wconf 87' lang='lat' dir='ltr'>tione</span> <span class='ocrx_word' id='word_1_216' title='bbox 255 4793 404 4855; x_wconf 89' lang='lat' dir='ltr'>indebita</span> <span class='ocrx_word' id='word_1_217' title='bbox 432 4808 499 4854; x_wconf 91' lang='lat' dir='ltr'>non</span> <span class='ocrx_word' id='word_1_218' title='bbox 535 4791 709 4864; x_wconf 87' lang='lat' dir='ltr'>obstante,</span> <span class='ocrx_word' id='word_1_219' title='bbox 731 4793 929 4854; x_wconf 86' lang='lat' dir='ltr'>auctoritate</span> 
     </span>
     <span class='ocr_line' id='line_1_44' title="bbox 133 4890 929 4968; baseline -0.005 -14"><span class='ocrx_word' id='word_1_220' title='bbox 133 4892 324 4968; x_wconf 82' lang='lat' dir='ltr'>apostolica</span> <span class='ocrx_word' id='word_1_221' title='bbox 368 4890 626 4962; x_wconf 88' lang='lat' dir='ltr'>confirmamus,</span> <span class='ocrx_word' id='word_1_222' title='bbox 674 4891 707 4952; x_wconf 92' lang='lat' dir='ltr'>et</span> <span class='ocrx_word' id='word_1_223' title='bbox 754 4890 929 4966; x_wconf 88' lang='lat' dir='ltr'>praesentis</span> 
     </span>
     <span class='ocr_line' id='line_1_45' title="bbox 134 4987 929 5067; baseline -0.003 -17"><span class='ocrx_word' id='word_1_224' title='bbox 134 4989 250 5065; x_wconf 88' lang='lat' dir='ltr'>scripti</span> <span class='ocrx_word' id='word_1_225' title='bbox 266 4987 451 5067; x_wconf 90' lang='lat' dir='ltr'>patrocinio</span> <span class='ocrx_word' id='word_1_226' title='bbox 473 4987 726 5050; x_wconf 86' lang='lat' dir='ltr'>communimus.</span> <span class='ocrx_word' id='word_1_227' title='bbox 742 4987 834 5048; x_wconf 92' lang='lat' dir='ltr'>Nulli</span> <span class='ocrx_word' id='word_1_228' title='bbox 849 5002 929 5062; x_wconf 85' lang='lat' dir='ltr'>ergo</span> 
     </span>
     <span class='ocr_line' id='line_1_46' title="bbox 134 5084 929 5162; baseline -0.004 -14"><span class='ocrx_word' id='word_1_229' title='bbox 134 5087 269 5148; x_wconf 93' lang='lat' dir='ltr'>omnino</span> <span class='ocrx_word' id='word_1_230' title='bbox 283 5085 453 5146; x_wconf 89' lang='lat' dir='ltr'>hominum</span> <span class='ocrx_word' id='word_1_231' title='bbox 467 5084 567 5147; x_wconf 88' lang='lat' dir='ltr'>liceat</span> <span class='ocrx_word' id='word_1_232' title='bbox 578 5085 664 5146; x_wconf 89' lang='lat' dir='ltr'>banc</span> <span class='ocrx_word' id='word_1_233' title='bbox 679 5085 834 5162; x_wconf 89' lang='lat' dir='ltr'>paginam</span> <span class='ocrx_word' id='word_1_234' title='bbox 847 5099 929 5146; x_wconf 89' lang='lat' dir='ltr'>nos-</span> 
     </span>
     <span class='ocr_line' id='line_1_47' title="bbox 133 5183 566 5254; baseline -0.002 -9"><span class='ocrx_word' id='word_1_235' title='bbox 133 5186 195 5246; x_wconf 81' lang='lat' dir='ltr'>trae</span> <span class='ocrx_word' id='word_1_236' title='bbox 211 5183 485 5254; x_wconf 72' lang='lat' dir='ltr'>confirmationis</span> <span class='ocrx_word' id='word_1_237' title='bbox 503 5184 566 5244; x_wconf 87' lang='lat' dir='ltr'>eto.</span> 
     </span>
    </p>

    <p class='ocr_par' dir='ltr' id='par_1_10' title="bbox 137 5278 933 5444">
     <span class='ocr_line' id='line_1_48' title="bbox 175 5278 933 5358; baseline -0.004 -16"><span class='ocrx_word' id='word_1_238' title='bbox 175 5282 294 5342; x_wconf 88' lang='lat' dir='ltr'>Datum</span> <span class='ocrx_word' id='word_1_239' title='bbox 308 5280 475 5352; x_wconf 89' lang='lat' dir='ltr'>Laterani,</span> <span class='ocrx_word' id='word_1_240' title='bbox 493 5281 537 5342; x_wconf 90' lang='lat' dir='ltr'>IV</span> <span class='ocrx_word' id='word_1_241' title='bbox 555 5295 660 5341; x_wconf 89' lang='lat' dir='ltr'>nonas</span> <span class='ocrx_word' id='word_1_242' title='bbox 678 5279 806 5356; x_wconf 90' lang='lat' dir='ltr'>aprilis,</span> <span class='ocrx_word' id='word_1_243' title='bbox 820 5278 933 5358; x_wconf 89' lang='lat' dir='ltr'>ponti-</span> 
     </span>
     <span class='ocr_line' id='line_1_49' title="bbox 137 5377 648 5444; baseline -0.012 0"><span class='ocrx_word' id='word_1_244' title='bbox 137 5380 256 5444; x_wconf 86' lang='lat' dir='ltr'>ficatus</span> <span class='ocrx_word' id='word_1_245' title='bbox 270 5378 377 5441; x_wconf 90' lang='lat' dir='ltr'>nostri</span> <span class='ocrx_word' id='word_1_246' title='bbox 390 5393 478 5439; x_wconf 91' lang='lat' dir='ltr'>anno</span> <span class='ocrx_word' id='word_1_247' title='bbox 493 5377 648 5440; x_wconf 88' lang='lat' dir='ltr'>secundo.</span> 
     </span>
    </p>
   </div>
   <div class='ocr_carea' id='block_1_8' title="bbox 752 349 1148 412">
    <p class='ocr_par' dir='ltr' id='par_1_11' title="bbox 752 349 1148 412">
     <span class='ocr_line' id='line_1_50' title="bbox 752 349 1148 412; baseline -0.003 -2"><span class='ocrx_word' id='word_1_248' title='bbox 752 349 981 412; x_wconf 82' lang='lat' dir='ltr'>EPISTOLAE.</span> <span class='ocrx_word' id='word_1_249' title='bbox 1005 349 1083 410; x_wconf 90' lang='lat' dir='ltr'>LIB.</span> <span class='ocrx_word' id='word_1_250' title='bbox 1109 351 1148 410; x_wconf 89' lang='lat'>11.</span> 
     </span>
    </p>
   </div>
   <div class='ocr_carea' id='block_1_9' title="bbox 1268 359 1778 610">
    <p class='ocr_par' dir='ltr' id='par_1_12' title="bbox 1268 359 1778 610">
     <span class='ocr_line' id='line_1_51' title="bbox 1718 359 1778 419; baseline 0 0"><span class='ocrx_word' id='word_1_251' title='bbox 1718 359 1778 419; x_wconf 85' lang='lat' dir='ltr'>coo</span> 
     </span>
     <span class='ocr_line' id='line_1_52' title="bbox 1268 517 1494 610; baseline 0.031 -7"><span class='ocrx_word' id='word_1_252' title='bbox 1268 517 1494 610; x_wconf 81' lang='lat' dir='ltr'>CLXXXIV</span> 
     </span>
    </p>
   </div>
   <div class='ocr_carea' id='block_1_10' title="bbox 1017 662 1776 838">
    <p class='ocr_par' dir='ltr' id='par_1_13' title="bbox 1017 662 1776 838">
     <span class='ocr_line' id='line_1_53' title="bbox 1017 662 1776 735; baseline 0.011 -12"><span class='ocrx_word' id='word_1_253' title='bbox 1017 662 1070 723; x_wconf 82' lang='lat' dir='ltr'>Ad</span> <span class='ocrx_word' id='word_1_254' title='bbox 1084 663 1279 735; x_wconf 63' lang='lat' dir='ltr'>andoenum</span> <span class='ocrx_word' id='word_1_255' title='bbox 1293 664 1487 726; x_wconf 79' lang='lat' dir='ltr'>Nanncten.</span> <span class='ocrx_word' id='word_1_256' title='bbox 1505 665 1539 727; x_wconf 85' lang='lat' dir='ltr'>et</span> <span class='ocrx_word' id='word_1_257' title='bbox 1558 668 1725 728; x_wconf 74' lang='lat' dir='ltr'>decertum</span> <span class='ocrx_word' id='word_1_258' title='bbox 1742 671 1776 731; x_wconf 86' lang='lat' dir='ltr'>et</span> 
     </span>
     <span class='ocr_line' id='line_1_54' title="bbox 1092 761 1661 838; baseline 0.011 -20"><span class='ocrx_word' id='word_1_259' title='bbox 1092 761 1373 822; x_wconf 73' lang='lat' dir='ltr'>arclaidaocooum</span> <span class='ocrx_word' id='word_1_260' title='bbox 1388 765 1661 838; x_wconf 72' lang='lat' dir='ltr'>Aitdcpaoenscs.</span> 
     </span>
    </p>
   </div>
   <div class='ocr_carea' id='block_1_11' title="bbox 1009 882 1745 1066">
    <p class='ocr_par' dir='ltr' id='par_1_14' title="bbox 1009 882 1745 1066">
     <span class='ocr_line' id='line_1_55' title="bbox 1275 882 1478 955; baseline 0.005 -15"><span class='ocrx_word' id='word_1_261' title='bbox 1275 882 1292 940; x_wconf 71' lang='lat'><em>2</em></span> <span class='ocrx_word' id='word_1_262' title='bbox 1305 883 1386 955; x_wconf 81' lang='lat' dir='ltr'>april.</span> <span class='ocrx_word' id='word_1_263' title='bbox 1398 883 1478 941; x_wconf 77' lang='lat' dir='ltr'>lala.</span> 
     </span>
     <span class='ocr_line' id='line_1_56' title="bbox 1009 993 1745 1066; baseline 0.012 -23"><span class='ocrx_word' id='word_1_264' title='bbox 1009 993 1128 1058; x_wconf 81' lang='lat' dir='ltr'>[Regest.,</span> <span class='ocrx_word' id='word_1_265' title='bbox 1139 995 1183 1046; x_wconf 90' lang='lat' dir='ltr'>lib.</span> <span class='ocrx_word' id='word_1_266' title='bbox 1193 995 1224 1054; x_wconf 91' lang='lat'>11,</span> <span class='ocrx_word' id='word_1_267' title='bbox 1234 996 1308 1060; x_wconf 88' lang='lat' dir='ltr'>epist.</span> <span class='ocrx_word' id='word_1_268' title='bbox 1320 996 1390 1046; x_wconf 83' lang='lat' dir='ltr'>tooa.</span> <span class='ocrx_word' id='word_1_269' title='bbox 1404 999 1461 1048; x_wconf 88' lang='lat' dir='ltr'>llss.</span> <span class='ocrx_word' id='word_1_270' title='bbox 1474 1000 1512 1050; x_wconf 84' lang='lat' dir='ltr'>La</span> <span class='ocrx_word' id='word_1_271' title='bbox 1524 999 1599 1050; x_wconf 85' lang='lat' dir='ltr'>Porta</span> <span class='ocrx_word' id='word_1_272' title='bbox 1608 1000 1643 1050; x_wconf 91' lang='lat' dir='ltr'>dn</span> <span class='ocrx_word' id='word_1_273' title='bbox 1652 1000 1745 1066; x_wconf 80' lang='lat' dir='ltr'>lircil]</span> 
     </span>
    </p>
   </div>
   <div class='ocr_carea' id='block_1_12' title="bbox 978 1101 1776 1263">
    <p class='ocr_par' dir='ltr' id='par_1_15' title="bbox 978 1101 1776 1263">
     <span class='ocr_line' id='line_1_57' title="bbox 978 1101 1776 1180; baseline 0.006 -20"><span class='ocrx_word' id='word_1_274' title='bbox 978 1101 1093 1160; x_wconf 87' lang='lat' dir='ltr'>blandat</span> <span class='ocrx_word' id='word_1_275' title='bbox 1104 1109 1134 1160; x_wconf 90' lang='lat' dir='ltr'>ut</span> <span class='ocrx_word' id='word_1_276' title='bbox 1150 1110 1303 1174; x_wconf 87' lang='lat' dir='ltr'>procurent</span> <span class='ocrx_word' id='word_1_277' title='bbox 1317 1103 1346 1159; x_wconf 93' lang='lat' dir='ltr'>ln</span> <span class='ocrx_word' id='word_1_278' title='bbox 1362 1107 1535 1163; x_wconf 87' lang='lat' dir='ltr'>monasterio</span> <span class='ocrx_word' id='word_1_279' title='bbox 1548 1108 1712 1180; x_wconf 86' lang='lat' dir='ltr'>Burgolien.</span> <span class='ocrx_word' id='word_1_280' title='bbox 1732 1124 1776 1166; x_wconf 87' lang='lat' dir='ltr'>re-</span> 
     </span>
     <span class='ocr_line' id='line_1_58' title="bbox 1012 1191 1741 1263; baseline 0.003 -15"><span class='ocrx_word' id='word_1_281' title='bbox 1012 1191 1088 1263; x_wconf 75' lang='lat' dir='ltr'>gula</span> <span class='ocrx_word' id='word_1_282' title='bbox 1103 1192 1200 1250; x_wconf 88' lang='lat' dir='ltr'>Sancti</span> <span class='ocrx_word' id='word_1_283' title='bbox 1215 1192 1361 1250; x_wconf 83' lang='lat' dir='ltr'>Benedicti</span> <span class='ocrx_word' id='word_1_284' title='bbox 1375 1195 1502 1252; x_wconf 87' lang='lat' dir='ltr'>strictam</span> <span class='ocrx_word' id='word_1_285' title='bbox 1517 1194 1741 1254; x_wconf 49' lang='lat' dir='ltr'>observantiam.¹</span> 
     </span>
    </p>
   </div>
   <div class='ocr_carea' id='block_1_13' title="bbox 978 1309 1779 1667">
    <p class='ocr_par' dir='ltr' id='par_1_16' title="bbox 978 1309 1778 1580">
     <span class='ocr_line' id='line_1_59' title="bbox 1017 1309 1777 1391; baseline 0.011 -23"><span class='ocrx_word' id='word_1_286' title='bbox 1017 1309 1198 1381; x_wconf 85' lang='lat' dir='ltr'>Honorius,</span> <span class='ocrx_word' id='word_1_287' title='bbox 1212 1311 1286 1382; x_wconf 79' lang='lat' dir='ltr'>eto,</span> <span class='ocrx_word' id='word_1_288' title='bbox 1301 1311 1458 1373; x_wconf 84' lang='lat' dir='ltr'>venerab.</span> <span class='ocrx_word' id='word_1_289' title='bbox 1472 1311 1604 1373; x_wconf 87' lang='lat' dir='ltr'>fratri...</span> <span class='ocrx_word' id='word_1_290' title='bbox 1622 1315 1777 1391; x_wconf 89' lang='lat' dir='ltr'>episcopo</span> 
     </span>
     <span class='ocr_line' id='line_1_60' title="bbox 979 1406 1778 1474; baseline 0.008 -8"><span class='ocrx_word' id='word_1_291' title='bbox 979 1406 1165 1468; x_wconf 87' lang='lat' dir='ltr'>Nanneten.</span> <span class='ocrx_word' id='word_1_292' title='bbox 1187 1406 1323 1470; x_wconf 91' lang='lat' dir='ltr'>decano.</span> <span class='ocrx_word' id='word_1_293' title='bbox 1340 1409 1373 1470; x_wconf 89' lang='lat' dir='ltr'>et</span> <span class='ocrx_word' id='word_1_294' title='bbox 1392 1412 1429 1470; x_wconf 83' lang='lat' dir='ltr'>G.</span> <span class='ocrx_word' id='word_1_295' title='bbox 1448 1410 1684 1473; x_wconf 87' lang='lat' dir='ltr'>archidiacono</span> <span class='ocrx_word' id='word_1_296' title='bbox 1704 1416 1778 1474; x_wconf 84' lang='lat' dir='ltr'>An-</span> 
     </span>
     <span class='ocr_line' id='line_1_61' title="bbox 978 1503 1139 1580; baseline 0.006 -16"><span class='ocrx_word' id='word_1_297' title='bbox 978 1503 1139 1580; x_wconf 87' lang='lat' dir='ltr'>degaven.</span> 
     </span>
    </p>

    <p class='ocr_par' dir='ltr' id='par_1_17' title="bbox 1018 1601 1779 1667">
     <span class='ocr_line' id='line_1_62' title="bbox 1018 1601 1779 1667; baseline 0.005 -5"><span class='ocrx_word' id='word_1_298' title='bbox 1018 1601 1066 1662; x_wconf 83' lang='lat' dir='ltr'>Ad</span> <span class='ocrx_word' id='word_1_299' title='bbox 1082 1601 1286 1665; x_wconf 90' lang='lat' dir='ltr'>audientiam</span> <span class='ocrx_word' id='word_1_300' title='bbox 1298 1605 1446 1666; x_wconf 91' lang='lat' dir='ltr'>nostram</span> <span class='ocrx_word' id='word_1_301' title='bbox 1461 1604 1582 1666; x_wconf 88' lang='lat' dir='ltr'>dilecto</span> <span class='ocrx_word' id='word_1_302' title='bbox 1597 1604 1703 1667; x_wconf 82' lang='lat' dir='ltr'>illio...</span> <span class='ocrx_word' id='word_1_303' title='bbox 1718 1604 1779 1666; x_wconf 90' lang='lat' dir='ltr'>ab·</span> 
     </span>
    </p>
   </div>
   <div class='ocr_carea' id='block_1_14' title="bbox 892 1697 1779 1780">
    <p class='ocr_par' dir='ltr' id='par_1_18' title="bbox 892 1697 1779 1780">
     <span class='ocr_line' id='line_1_63' title="bbox 892 1697 1779 1780; baseline 0.007 -22"><span class='ocrx_word' id='word_1_304' title='bbox 892 1753 895 1758; x_wconf 90' lang='lat'>.</span> <span class='ocrx_word' id='word_1_305' title='bbox 978 1697 1053 1759; x_wconf 90' lang='lat' dir='ltr'>bate</span> <span class='ocrx_word' id='word_1_306' title='bbox 1066 1698 1255 1775; x_wconf 91' lang='lat' dir='ltr'>Burgolien.</span> <span class='ocrx_word' id='word_1_307' title='bbox 1267 1700 1460 1762; x_wconf 90' lang='lat' dir='ltr'>monasterii</span> <span class='ocrx_word' id='word_1_308' title='bbox 1477 1701 1643 1764; x_wconf 91' lang='lat' dir='ltr'>referente</span> <span class='ocrx_word' id='word_1_309' title='bbox 1658 1719 1779 1780; x_wconf 86' lang='lat' dir='ltr'>perve-</span> 
     </span>
    </p>
   </div>
   <div class='ocr_carea' id='block_1_15' title="bbox 978 1795 1785 4192">
    <p class='ocr_par' dir='ltr' id='par_1_19' title="bbox 978 1795 1785 4192">
     <span class='ocr_line' id='line_1_64' title="bbox 979 1795 1778 1876; baseline 0.006 -21"><span class='ocrx_word' id='word_1_310' title='bbox 979 1795 1038 1867; x_wconf 88' lang='lat' dir='ltr'>nit,</span> <span class='ocrx_word' id='word_1_311' title='bbox 1054 1796 1138 1872; x_wconf 87' lang='lat' dir='ltr'>qucd</span> <span class='ocrx_word' id='word_1_312' title='bbox 1156 1812 1230 1857; x_wconf 91' lang='lat' dir='ltr'>cum</span> <span class='ocrx_word' id='word_1_313' title='bbox 1242 1797 1277 1856; x_wconf 93' lang='lat' dir='ltr'>in</span> <span class='ocrx_word' id='word_1_314' title='bbox 1293 1797 1409 1858; x_wconf 92' lang='lat' dir='ltr'>eodem</span> <span class='ocrx_word' id='word_1_315' title='bbox 1422 1798 1652 1860; x_wconf 88' lang='lat' dir='ltr'>monasterioa</span> <span class='ocrx_word' id='word_1_316' title='bbox 1670 1799 1778 1876; x_wconf 90' lang='lat' dir='ltr'>prima</span> 
     </span>
     <span class='ocr_line' id='line_1_65' title="bbox 979 1891 1777 1958; baseline 0.011 -9"><span class='ocrx_word' id='word_1_317' title='bbox 979 1891 1031 1950; x_wconf 90' lang='lat' dir='ltr'>sui</span> <span class='ocrx_word' id='word_1_318' title='bbox 1046 1891 1240 1954; x_wconf 83' lang='lat' dir='ltr'>fundatione</span> <span class='ocrx_word' id='word_1_319' title='bbox 1266 1892 1347 1954; x_wconf 95' lang='lat' dir='ltr'>ordo</span> <span class='ocrx_word' id='word_1_320' title='bbox 1369 1895 1570 1956; x_wconf 90' lang='lat' dir='ltr'>monasticus</span> <span class='ocrx_word' id='word_1_321' title='bbox 1594 1894 1696 1958; x_wconf 89' lang='lat' dir='ltr'>fuerit</span> <span class='ocrx_word' id='word_1_322' title='bbox 1715 1897 1777 1958; x_wconf 88' lang='lat' dir='ltr'>snb</span> 
     </span>
     <span class='ocr_line' id='line_1_66' title="bbox 978 1987 1774 2067; baseline 0.009 -20"><span class='ocrx_word' id='word_1_323' title='bbox 978 1987 1067 2051; x_wconf 88' lang='lat' dir='ltr'>beati</span> <span class='ocrx_word' id='word_1_324' title='bbox 1091 1989 1261 2052; x_wconf 87' lang='lat' dir='ltr'>Benedicti</span> <span class='ocrx_word' id='word_1_325' title='bbox 1292 1990 1407 2067; x_wconf 90' lang='lat' dir='ltr'>regula</span> <span class='ocrx_word' id='word_1_326' title='bbox 1429 1991 1609 2064; x_wconf 88' lang='lat' dir='ltr'>institutus,</span> <span class='ocrx_word' id='word_1_327' title='bbox 1627 1992 1668 2054; x_wconf 95' lang='lat' dir='ltr'>de</span> <span class='ocrx_word' id='word_1_328' title='bbox 1688 2009 1774 2054; x_wconf 89' lang='lat' dir='ltr'>novo</span> 
     </span>
     <span class='ocr_line' id='line_1_67' title="bbox 979 2087 1775 2166; baseline 0.008 -20"><span class='ocrx_word' id='word_1_329' title='bbox 979 2087 1112 2165; x_wconf 89' lang='lat' dir='ltr'>quidam</span> <span class='ocrx_word' id='word_1_330' title='bbox 1125 2087 1160 2148; x_wconf 93' lang='lat' dir='ltr'>in</span> <span class='ocrx_word' id='word_1_331' title='bbox 1173 2088 1246 2164; x_wconf 89' lang='lat' dir='ltr'>ipso</span> <span class='ocrx_word' id='word_1_332' title='bbox 1258 2087 1322 2149; x_wconf 90' lang='lat' dir='ltr'>sibi</span> <span class='ocrx_word' id='word_1_333' title='bbox 1332 2091 1564 2166; x_wconf 89' lang='lat' dir='ltr'>repugnantia,</span> <span class='ocrx_word' id='word_1_334' title='bbox 1572 2090 1605 2151; x_wconf 93' lang='lat' dir='ltr'>et</span> <span class='ocrx_word' id='word_1_335' title='bbox 1612 2090 1775 2152; x_wconf 91' lang='lat' dir='ltr'>nonnulla</span> 
     </span>
     <span class='ocr_line' id='line_1_68' title="bbox 978 2185 1774 2264; baseline 0.004 -19"><span class='ocrx_word' id='word_1_336' title='bbox 978 2186 1093 2246; x_wconf 89' lang='lat' dir='ltr'>contra</span> <span class='ocrx_word' id='word_1_337' title='bbox 1122 2185 1272 2261; x_wconf 89' lang='lat' dir='ltr'>regulam</span> <span class='ocrx_word' id='word_1_338' title='bbox 1308 2187 1384 2248; x_wconf 89' lang='lat' dir='ltr'>sunt</span> <span class='ocrx_word' id='word_1_339' title='bbox 1412 2188 1534 2249; x_wconf 88' lang='lat' dir='ltr'>statuta</span> <span class='ocrx_word' id='word_1_340' title='bbox 1563 2188 1774 2264; x_wconf 87' lang='lat' dir='ltr'>praedictam,</span> 
     </span>
     <span class='ocr_line' id='line_1_69' title="bbox 978 2281 1778 2361; baseline 0.006 -19"><span class='ocrx_word' id='word_1_341' title='bbox 978 2281 1212 2361; x_wconf 85' lang='lat' dir='ltr'>propterquod</span> <span class='ocrx_word' id='word_1_342' title='bbox 1228 2283 1263 2344; x_wconf 95' lang='lat' dir='ltr'>in</span> <span class='ocrx_word' id='word_1_343' title='bbox 1278 2284 1393 2345; x_wconf 89' lang='lat' dir='ltr'>eodem</span> <span class='ocrx_word' id='word_1_344' title='bbox 1412 2284 1485 2345; x_wconf 92' lang='lat' dir='ltr'>loco</span> <span class='ocrx_word' id='word_1_345' title='bbox 1500 2285 1729 2346; x_wconf 89' lang='lat' dir='ltr'>aemulationes</span> <span class='ocrx_word' id='word_1_346' title='bbox 1745 2287 1778 2347; x_wconf 89' lang='lat' dir='ltr'>et</span> 
     </span>
     <span class='ocr_line' id='line_1_70' title="bbox 979 2378 1777 2456; baseline 0.005 -17"><span class='ocrx_word' id='word_1_347' title='bbox 979 2378 1136 2440; x_wconf 90' lang='lat' dir='ltr'>scandala</span> <span class='ocrx_word' id='word_1_348' title='bbox 1168 2378 1263 2456; x_wconf 86' lang='lat' dir='ltr'>quasi</span> <span class='ocrx_word' id='word_1_349' title='bbox 1288 2381 1415 2456; x_wconf 87' lang='lat' dir='ltr'>jngiter</span> <span class='ocrx_word' id='word_1_350' title='bbox 1440 2381 1652 2442; x_wconf 82' lang='lat' dir='ltr'>suscitantur.</span> <span class='ocrx_word' id='word_1_351' title='bbox 1684 2383 1777 2443; x_wconf 90' lang='lat' dir='ltr'>Unde</span> 
     </span>
     <span class='ocr_line' id='line_1_71' title="bbox 978 2473 1776 2554; baseline 0.005 -19"><span class='ocrx_word' id='word_1_352' title='bbox 978 2473 1074 2536; x_wconf 91' lang='lat' dir='ltr'>nohis</span> <span class='ocrx_word' id='word_1_353' title='bbox 1096 2475 1268 2537; x_wconf 90' lang='lat' dir='ltr'>humiliter</span> <span class='ocrx_word' id='word_1_354' title='bbox 1291 2476 1489 2553; x_wconf 88' lang='lat' dir='ltr'>supplicavit</span> <span class='ocrx_word' id='word_1_355' title='bbox 1511 2479 1547 2539; x_wconf 90' lang='lat' dir='ltr'>ut</span> <span class='ocrx_word' id='word_1_356' title='bbox 1561 2479 1632 2554; x_wconf 88' lang='lat' dir='ltr'>jam</span> <span class='ocrx_word' id='word_1_357' title='bbox 1653 2477 1776 2540; x_wconf 91' lang='lat' dir='ltr'>dictum</span> 
     </span>
     <span class='ocr_line' id='line_1_72' title="bbox 979 2573 1777 2638; baseline 0.005 -5"><span class='ocrx_word' id='word_1_358' title='bbox 979 2574 1217 2635; x_wconf 87' lang='lat' dir='ltr'>monasterium</span> <span class='ocrx_word' id='word_1_359' title='bbox 1228 2573 1270 2635; x_wconf 91' lang='lat' dir='ltr'>ad</span> <span class='ocrx_word' id='word_1_360' title='bbox 1281 2590 1487 2636; x_wconf 90' lang='lat' dir='ltr'>communem</span> <span class='ocrx_word' id='word_1_361' title='bbox 1501 2576 1623 2637; x_wconf 89' lang='lat' dir='ltr'>statum</span> <span class='ocrx_word' id='word_1_362' title='bbox 1634 2575 1777 2638; x_wconf 89' lang='lat' dir='ltr'>aliorum</span> 
     </span>
     <span class='ocr_line' id='line_1_73' title="bbox 979 2671 1776 2749; baseline 0.005 -18"><span class='ocrx_word' id='word_1_363' title='bbox 979 2671 1127 2748; x_wconf 88' lang='lat' dir='ltr'>ejusdem</span> <span class='ocrx_word' id='word_1_364' title='bbox 1142 2671 1270 2732; x_wconf 89' lang='lat' dir='ltr'>ordinis</span> <span class='ocrx_word' id='word_1_365' title='bbox 1294 2671 1453 2733; x_wconf 89' lang='lat' dir='ltr'>reducere</span> <span class='ocrx_word' id='word_1_366' title='bbox 1468 2671 1692 2749; x_wconf 90' lang='lat' dir='ltr'>dignaremur.</span> <span class='ocrx_word' id='word_1_367' title='bbox 1707 2675 1776 2735; x_wconf 91' lang='lat' dir='ltr'>Nos</span> 
     </span>
     <span class='ocr_line' id='line_1_74' title="bbox 979 2767 1776 2845; baseline 0.004 -18"><span class='ocrx_word' id='word_1_368' title='bbox 979 2767 1081 2842; x_wconf 90' lang='lat' dir='ltr'>igitur</span> <span class='ocrx_word' id='word_1_369' title='bbox 1106 2767 1209 2844; x_wconf 88' lang='lat' dir='ltr'>quieti</span> <span class='ocrx_word' id='word_1_370' title='bbox 1224 2768 1257 2830; x_wconf 88' lang='lat' dir='ltr'>et</span> <span class='ocrx_word' id='word_1_371' title='bbox 1270 2767 1505 2845; x_wconf 87' lang='lat' dir='ltr'>tranquillitati</span> <span class='ocrx_word' id='word_1_372' title='bbox 1525 2769 1776 2831; x_wconf 89' lang='lat' dir='ltr'>consistentium</span> 
     </span>
     <span class='ocr_line' id='line_1_75' title="bbox 979 2863 1775 2940; baseline 0.006 -17"><span class='ocrx_word' id='word_1_373' title='bbox 979 2863 1062 2924; x_wconf 91' lang='lat' dir='ltr'>inibi</span> <span class='ocrx_word' id='word_1_374' title='bbox 1073 2864 1249 2940; x_wconf 89' lang='lat' dir='ltr'>providere</span> <span class='ocrx_word' id='word_1_375' title='bbox 1262 2865 1422 2937; x_wconf 73' lang='lat' dir='ltr'>volentes</span> <span class='ocrx_word' id='word_1_376' title='bbox 1438 2865 1631 2928; x_wconf 90' lang='lat' dir='ltr'>discretioni</span> <span class='ocrx_word' id='word_1_377' title='bbox 1655 2869 1775 2929; x_wconf 89' lang='lat' dir='ltr'>vestrae</span> 
     </span>
     <span class='ocr_line' id='line_1_76' title="bbox 980 2961 1774 3041; baseline 0.005 -20"><span class='ocrx_word' id='word_1_378' title='bbox 980 2977 1040 3038; x_wconf 92' lang='lat' dir='ltr'>per</span> <span class='ocrx_word' id='word_1_379' title='bbox 1049 2961 1238 3038; x_wconf 73' lang='lat' dir='ltr'>apostolica</span> <span class='ocrx_word' id='word_1_380' title='bbox 1251 2963 1374 3039; x_wconf 91' lang='lat' dir='ltr'>scripta</span> <span class='ocrx_word' id='word_1_381' title='bbox 1383 2964 1589 3036; x_wconf 89' lang='lat' dir='ltr'>mandamus,</span> <span class='ocrx_word' id='word_1_382' title='bbox 1600 2965 1774 3041; x_wconf 85' lang='lat' dir='ltr'>quatenus,</span> 
     </span>
     <span class='ocr_line' id='line_1_77' title="bbox 980 3059 1779 3137; baseline 0.005 -19"><span class='ocrx_word' id='word_1_383' title='bbox 980 3059 1008 3118; x_wconf 91' lang='lat' dir='ltr'>si</span> <span class='ocrx_word' id='word_1_384' title='bbox 1022 3060 1072 3120; x_wconf 91' lang='lat' dir='ltr'>est</span> <span class='ocrx_word' id='word_1_385' title='bbox 1086 3059 1141 3132; x_wconf 88' lang='lat' dir='ltr'>ita,</span> <span class='ocrx_word' id='word_1_386' title='bbox 1164 3074 1278 3120; x_wconf 90' lang='lat' dir='ltr'>omnes</span> <span class='ocrx_word' id='word_1_387' title='bbox 1291 3060 1438 3137; x_wconf 88' lang='lat' dir='ltr'>ejusdem</span> <span class='ocrx_word' id='word_1_388' title='bbox 1454 3061 1647 3123; x_wconf 88' lang='lat' dir='ltr'>monasterii</span> <span class='ocrx_word' id='word_1_389' title='bbox 1661 3063 1693 3123; x_wconf 89' lang='lat' dir='ltr'>et</span> <span class='ocrx_word' id='word_1_390' title='bbox 1708 3061 1779 3122; x_wconf 92' lang='lat' dir='ltr'>sin-</span> 
     </span>
     <span class='ocr_line' id='line_1_78' title="bbox 979 3157 1779 3235; baseline 0.006 -19"><span class='ocrx_word' id='word_1_391' title='bbox 979 3157 1076 3232; x_wconf 90' lang='lat' dir='ltr'>gulos</span> <span class='ocrx_word' id='word_1_392' title='bbox 1100 3157 1141 3217; x_wconf 89' lang='lat' dir='ltr'>ad</span> <span class='ocrx_word' id='word_1_393' title='bbox 1173 3157 1339 3234; x_wconf 90' lang='lat' dir='ltr'>praedictae</span> <span class='ocrx_word' id='word_1_394' title='bbox 1374 3159 1499 3235; x_wconf 90' lang='lat' dir='ltr'>regulae</span> <span class='ocrx_word' id='word_1_395' title='bbox 1534 3157 1779 3221; x_wconf 89' lang='lat' dir='ltr'>observantiam</span> 
     </span>
     <span class='ocr_line' id='line_1_79' title="bbox 979 3254 1780 3333; baseline 0.002 -18"><span class='ocrx_word' id='word_1_396' title='bbox 979 3255 1052 3315; x_wconf 89' lang='lat' dir='ltr'>vice</span> <span class='ocrx_word' id='word_1_397' title='bbox 1067 3257 1180 3316; x_wconf 90' lang='lat' dir='ltr'>nostra</span> <span class='ocrx_word' id='word_1_398' title='bbox 1201 3254 1360 3317; x_wconf 88' lang='lat' dir='ltr'>inducere</span> <span class='ocrx_word' id='word_1_399' title='bbox 1379 3255 1574 3333; x_wconf 91' lang='lat' dir='ltr'>procuretis,</span> <span class='ocrx_word' id='word_1_400' title='bbox 1589 3256 1780 3318; x_wconf 90' lang='lat' dir='ltr'>contradic-</span> 
     </span>
     <span class='ocr_line' id='line_1_80' title="bbox 978 3351 1779 3433; baseline 0.002 -21"><span class='ocrx_word' id='word_1_401' title='bbox 978 3351 1086 3424; x_wconf 78' lang='lat' dir='ltr'>toreS,</span> <span class='ocrx_word' id='word_1_402' title='bbox 1108 3353 1208 3431; x_wconf 87' lang='lat' dir='ltr'>siqui</span> <span class='ocrx_word' id='word_1_403' title='bbox 1231 3354 1437 3430; x_wconf 89' lang='lat' dir='ltr'>postmodum</span> <span class='ocrx_word' id='word_1_404' title='bbox 1466 3354 1697 3431; x_wconf 86' lang='lat' dir='ltr'>apparuerint,</span> <span class='ocrx_word' id='word_1_405' title='bbox 1717 3369 1779 3433; x_wconf 92' lang='lat' dir='ltr'>per</span> 
     </span>
     <span class='ocr_line' id='line_1_81' title="bbox 979 3450 1780 3529; baseline 0.005 -21"><span class='ocrx_word' id='word_1_406' title='bbox 979 3463 1155 3510; x_wconf 89' lang='lat' dir='ltr'>censuram</span> <span class='ocrx_word' id='word_1_407' title='bbox 1164 3450 1426 3512; x_wconf 87' lang='lat' dir='ltr'>ecclesiasticam</span> <span class='ocrx_word' id='word_1_408' title='bbox 1441 3451 1666 3528; x_wconf 88' lang='lat' dir='ltr'>appellatione</span> <span class='ocrx_word' id='word_1_409' title='bbox 1688 3453 1780 3529; x_wconf 86' lang='lat' dir='ltr'>post-</span> 
     </span>
     <span class='ocr_line' id='line_1_82' title="bbox 979 3546 1782 3623; baseline -0.001 -15"><span class='ocrx_word' id='word_1_410' title='bbox 979 3546 1098 3621; x_wconf 87' lang='lat' dir='ltr'>posita,</span> <span class='ocrx_word' id='word_1_411' title='bbox 1114 3547 1367 3623; x_wconf 83' lang='lat' dir='ltr'>compescend03</span> <span class='ocrx_word' id='word_1_412' title='bbox 1389 3563 1454 3608; x_wconf 94' lang='lat' dir='ltr'>non</span> <span class='ocrx_word' id='word_1_413' title='bbox 1484 3547 1633 3609; x_wconf 90' lang='lat' dir='ltr'>obstante</span> <span class='ocrx_word' id='word_1_414' title='bbox 1653 3548 1782 3610; x_wconf 91' lang='lat' dir='ltr'>consti-</span> 
     </span>
     <span class='ocr_line' id='line_1_83' title="bbox 979 3642 1782 3719; baseline 0.001 -16"><span class='ocrx_word' id='word_1_415' title='bbox 979 3642 1107 3704; x_wconf 91' lang='lat' dir='ltr'>tutione</span> <span class='ocrx_word' id='word_1_416' title='bbox 1124 3659 1225 3719; x_wconf 90' lang='lat' dir='ltr'>super</span> <span class='ocrx_word' id='word_1_417' title='bbox 1247 3643 1347 3719; x_wconf 88' lang='lat' dir='ltr'>hujus</span> <span class='ocrx_word' id='word_1_418' title='bbox 1373 3643 1504 3705; x_wconf 88' lang='lat' dir='ltr'>statutis</span> <span class='ocrx_word' id='word_1_419' title='bbox 1526 3646 1641 3706; x_wconf 85' lang='lat' dir='ltr'>contra</span> <span class='ocrx_word' id='word_1_420' title='bbox 1662 3647 1697 3704; x_wconf 90' lang='lat' dir='ltr'>B.</span> <span class='ocrx_word' id='word_1_421' title='bbox 1717 3647 1782 3705; x_wconf 93' lang='grc' dir='ltr'>Βο-</span> 
     </span>
     <span class='ocr_line' id='line_1_84' title="bbox 979 3739 1780 3817; baseline 0.005 -17"><span class='ocrx_word' id='word_1_422' title='bbox 979 3739 1101 3801; x_wconf 90' lang='lat' dir='ltr'>nedicti</span> <span class='ocrx_word' id='word_1_423' title='bbox 1112 3739 1260 3815; x_wconf 92' lang='lat' dir='ltr'>regulam</span> <span class='ocrx_word' id='word_1_424' title='bbox 1269 3740 1482 3801; x_wconf 90' lang='lat' dir='ltr'>adinventisa</span> <span class='ocrx_word' id='word_1_425' title='bbox 1495 3740 1578 3802; x_wconf 90' lang='lat' dir='ltr'>Sede</span> <span class='ocrx_word' id='word_1_426' title='bbox 1590 3740 1780 3817; x_wconf 83' lang='lat' dir='ltr'>Apostolica</span> 
     </span>
     <span class='ocr_line' id='line_1_85' title="bbox 979 3835 1784 3914; baseline 0 -16"><span class='ocrx_word' id='word_1_427' title='bbox 979 3837 1165 3914; x_wconf 87' lang='lat' dir='ltr'>impetrata.</span> <span class='ocrx_word' id='word_1_428' title='bbox 1177 3837 1268 3909; x_wconf 89' lang='lat' dir='ltr'>Quod</span> <span class='ocrx_word' id='word_1_429' title='bbox 1284 3835 1311 3897; x_wconf 93' lang='lat' dir='ltr'>si</span> <span class='ocrx_word' id='word_1_430' title='bbox 1319 3852 1384 3898; x_wconf 90' lang='lat' dir='ltr'>non</span> <span class='ocrx_word' id='word_1_431' title='bbox 1400 3853 1525 3910; x_wconf 89' lang='lat' dir='ltr'>omnes,</span> <span class='ocrx_word' id='word_1_432' title='bbox 1538 3839 1613 3911; x_wconf 79' lang='lat' dir='ltr'>etc,</span> <span class='ocrx_word' id='word_1_433' title='bbox 1628 3838 1664 3899; x_wconf 94' lang='lat' dir='ltr'>tu</span> <span class='ocrx_word' id='word_1_434' title='bbox 1678 3837 1784 3899; x_wconf 90' lang='lat' dir='ltr'>frater</span> 
     </span>
     <span class='ocr_line' id='line_1_86' title="bbox 980 3934 1778 4011; baseline 0.001 -16"><span class='ocrx_word' id='word_1_435' title='bbox 980 3935 1221 4011; x_wconf 86' lang='lat' dir='ltr'>episcopocum</span> <span class='ocrx_word' id='word_1_436' title='bbox 1236 3949 1351 3995; x_wconf 92' lang='lat' dir='ltr'>eorum</span> <span class='ocrx_word' id='word_1_437' title='bbox 1367 3934 1483 4006; x_wconf 89' lang='lat' dir='ltr'>alteru,</span> <span class='ocrx_word' id='word_1_438' title='bbox 1499 3936 1560 3997; x_wconf 91' lang='lat' dir='ltr'>etc.</span> <span class='ocrx_word' id='word_1_439' title='bbox 1579 3936 1697 3997; x_wconf 87' lang='lat' dir='ltr'>Datum</span> <span class='ocrx_word' id='word_1_440' title='bbox 1710 3937 1778 3996; x_wconf 89' lang='lat' dir='ltr'>La-</span> 
     </span>
     <span class='ocr_line' id='line_1_87' title="bbox 979 4031 1785 4116; baseline 0.001 -24"><span class='ocrx_word' id='word_1_441' title='bbox 979 4031 1099 4104; x_wconf 90' lang='lat' dir='ltr'>terani,</span> <span class='ocrx_word' id='word_1_442' title='bbox 1124 4034 1242 4109; x_wconf 87' lang='lat' dir='ltr'>quarto</span> <span class='ocrx_word' id='word_1_443' title='bbox 1275 4046 1381 4093; x_wconf 88' lang='lat' dir='ltr'>nonas</span> <span class='ocrx_word' id='word_1_444' title='bbox 1409 4033 1539 4109; x_wconf 87' lang='lat' dir='ltr'>aprilis,</span> <span class='ocrx_word' id='word_1_445' title='bbox 1570 4032 1785 4116; x_wconf 73' lang='lat' dir='ltr'>ponuneatus</span> 
     </span>
     <span class='ocr_line' id='line_1_88' title="bbox 981 4130 1363 4192; baseline 0.005 -4"><span class='ocrx_word' id='word_1_446' title='bbox 981 4130 1088 4191; x_wconf 89' lang='lat' dir='ltr'>nostri</span> <span class='ocrx_word' id='word_1_447' title='bbox 1105 4145 1193 4192; x_wconf 91' lang='lat' dir='ltr'>anno</span> <span class='ocrx_word' id='word_1_448' title='bbox 1206 4130 1363 4192; x_wconf 89' lang='lat' dir='ltr'>secundo.</span> 
     </span>
    </p>
   </div>
   <div class='ocr_carea' id='block_1_16' title="bbox 1282 4306 1487 4394">
    <p class='ocr_par' dir='ltr' id='par_1_20' title="bbox 1282 4306 1487 4394">
     <span class='ocr_line' id='line_1_89' title="bbox 1282 4306 1487 4394; baseline 0.01 -2"><span class='ocrx_word' id='word_1_449' title='bbox 1282 4306 1487 4394; x_wconf 84' lang='lat' dir='ltr'>CLXXXV</span> 
     </span>
    </p>
   </div>
   <div class='ocr_carea' id='block_1_17' title="bbox 1005 4451 1757 4523">
    <p class='ocr_par' dir='ltr' id='par_1_21' title="bbox 1005 4451 1757 4523">
     <span class='ocr_line' id='line_1_90' title="bbox 1005 4451 1757 4523; baseline -0.003 -13"><span class='ocrx_word' id='word_1_450' title='bbox 1005 4451 1057 4510; x_wconf 83' lang='lat' dir='ltr'>Ad</span> <span class='ocrx_word' id='word_1_451' title='bbox 1068 4451 1256 4512; x_wconf 70' lang='lat' dir='ltr'>anselmus</span> <span class='ocrx_word' id='word_1_452' title='bbox 1270 4451 1537 4512; x_wconf 64' lang='lat' dir='ltr'>caecutientem</span> <span class='ocrx_word' id='word_1_453' title='bbox 1550 4452 1757 4523; x_wconf 57' lang='lat' dir='ltr'>apocopum.</span> 
     </span>
    </p>
   </div>
   <div class='ocr_carea' id='block_1_18' title="bbox 1018 4566 1752 4750">
    <p class='ocr_par' dir='ltr' id='par_1_22' title="bbox 1018 4566 1752 4750">
     <span class='ocr_line' id='line_1_91' title="bbox 1280 4566 1487 4642; baseline 0.005 -16"><span class='ocrx_word' id='word_1_454' title='bbox 1280 4570 1392 4642; x_wconf 82' lang='lat' dir='ltr'>lapril.</span> <span class='ocrx_word' id='word_1_455' title='bbox 1410 4566 1487 4629; x_wconf 76' lang='lat' dir='ltr'>lita.</span> 
     </span>
     <span class='ocr_line' id='line_1_92' title="bbox 1018 4669 1752 4750; baseline 0 -16"><span class='ocrx_word' id='word_1_456' title='bbox 1018 4669 1752 4750; x_wconf 77' lang='lat' dir='ltr'>[uegest.,llb.11,epist.lcol.llss.lnl&gt;ortadulbail.]</span> 
     </span>
    </p>
   </div>
   <div class='ocr_carea' id='block_1_19' title="bbox 985 4789 1783 5026">
    <p class='ocr_par' dir='ltr' id='par_1_23' title="bbox 985 4789 1783 5026">
     <span class='ocr_line' id='line_1_93' title="bbox 985 4789 1783 4850; baseline -0.001 0"><span class='ocrx_word' id='word_1_457' title='bbox 985 4790 1119 4850; x_wconf 85' lang='lat' dir='ltr'>Concedit</span> <span class='ocrx_word' id='word_1_458' title='bbox 1127 4790 1162 4848; x_wconf 89' lang='lat' dir='ltr'>ad</span> <span class='ocrx_word' id='word_1_459' title='bbox 1172 4791 1326 4848; x_wconf 81' lang='lat' dir='ltr'>triennium</span> <span class='ocrx_word' id='word_1_460' title='bbox 1334 4790 1479 4848; x_wconf 88' lang='lat' dir='ltr'>licentiam</span> <span class='ocrx_word' id='word_1_461' title='bbox 1492 4791 1633 4850; x_wconf 87' lang='lat' dir='ltr'>retinendi</span> <span class='ocrx_word' id='word_1_462' title='bbox 1642 4789 1783 4849; x_wconf 89' lang='lat' dir='ltr'>beneficia</span> 
     </span>
     <span class='ocr_line' id='line_1_94' title="bbox 1022 4879 1783 4954; baseline 0.001 -18"><span class='ocrx_word' id='word_1_463' title='bbox 1022 4893 1086 4950; x_wconf 77' lang='lat' dir='ltr'>qua</span> <span class='ocrx_word' id='word_1_464' title='bbox 1100 4886 1167 4936; x_wconf 89' lang='lat' dir='ltr'>anto</span> <span class='ocrx_word' id='word_1_465' title='bbox 1181 4879 1349 4936; x_wconf 89' lang='lat' dir='ltr'>electionem</span> <span class='ocrx_word' id='word_1_466' title='bbox 1361 4879 1397 4936; x_wconf 92' lang='lat' dir='ltr'>ad</span> <span class='ocrx_word' id='word_1_467' title='bbox 1418 4881 1549 4954; x_wconf 90' lang='lat' dir='ltr'>regimen</span> <span class='ocrx_word' id='word_1_468' title='bbox 1565 4881 1694 4938; x_wconf 77' lang='lat' dir='ltr'>ecclesis</span> <span class='ocrx_word' id='word_1_469' title='bbox 1708 4883 1783 4939; x_wconf 83' lang='lat' dir='ltr'>Lau·</span> 
     </span>
     <span class='ocr_line' id='line_1_95' title="bbox 1023 4967 1352 5026; baseline 0.003 -1"><span class='ocrx_word' id='word_1_470' title='bbox 1023 4968 1161 5026; x_wconf 87' lang='lat' dir='ltr'>dunensis</span> <span class='ocrx_word' id='word_1_471' title='bbox 1180 4967 1352 5026; x_wconf 88' lang='lat' dir='ltr'>obtinuerat.</span> 
     </span>
    </p>
   </div>
   <div class='ocr_carea' id='block_1_20' title="bbox 987 5085 1785 5260">
    <p class='ocr_par' dir='ltr' id='par_1_24' title="bbox 987 5085 1785 5260">
     <span class='ocr_line' id='line_1_96' title="bbox 1028 5085 1785 5158; baseline 0.004 -12"><span class='ocrx_word' id='word_1_472' title='bbox 1028 5086 1207 5158; x_wconf 88' lang='lat' dir='ltr'>Honorius,</span> <span class='ocrx_word' id='word_1_473' title='bbox 1225 5086 1301 5155; x_wconf 79' lang='lat' dir='ltr'>ste,</span> <span class='ocrx_word' id='word_1_474' title='bbox 1319 5085 1505 5148; x_wconf 88' lang='lat' dir='ltr'>venerabili</span> <span class='ocrx_word' id='word_1_475' title='bbox 1527 5085 1688 5150; x_wconf 87' lang='lat' dir='ltr'>fratri.....</span> <span class='ocrx_word' id='word_1_476' title='bbox 1711 5089 1785 5149; x_wconf 78' lang='lat' dir='ltr'>An-</span> 
     </span>
     <span class='ocr_line' id='line_1_97' title="bbox 987 5180 1482 5260; baseline 0.002 -20"><span class='ocrx_word' id='word_1_477' title='bbox 987 5180 1091 5241; x_wconf 89' lang='lat' dir='ltr'>selmo</span> <span class='ocrx_word' id='word_1_478' title='bbox 1106 5180 1299 5242; x_wconf 88' lang='lat' dir='ltr'>Laudunen.</span> <span class='ocrx_word' id='word_1_479' title='bbox 1314 5183 1482 5260; x_wconf 76' lang='lat' dir='ltr'>episcopo.</span> 
     </span>
    </p>
   </div>
   <div class='ocr_carea' id='block_1_21' title="bbox 987 5278 1784 5745">
    <p class='ocr_par' dir='ltr' id='par_1_25' title="bbox 987 5278 1784 5745">
     <span class='ocr_line' id='line_1_98' title="bbox 1028 5278 1784 5356; baseline 0 -17"><span class='ocrx_word' id='word_1_480' title='bbox 1028 5279 1229 5356; x_wconf 81' lang='lat' dir='ltr'>Supplicasti</span> <span class='ocrx_word' id='word_1_481' title='bbox 1243 5278 1338 5340; x_wconf 90' lang='lat' dir='ltr'>nobis</span> <span class='ocrx_word' id='word_1_482' title='bbox 1350 5280 1386 5340; x_wconf 91' lang='lat' dir='ltr'>ut</span> <span class='ocrx_word' id='word_1_483' title='bbox 1396 5296 1471 5340; x_wconf 91' lang='lat' dir='ltr'>cum</span> <span class='ocrx_word' id='word_1_484' title='bbox 1482 5279 1693 5356; x_wconf 90' lang='lat' dir='ltr'>episcopatus</span> <span class='ocrx_word' id='word_1_485' title='bbox 1707 5279 1784 5339; x_wconf 90' lang='lat' dir='ltr'>tuus</span> 
     </span>
     <span class='ocr_line' id='line_1_99' title="bbox 987 5375 1783 5452; baseline 0.001 -16"><span class='ocrx_word' id='word_1_486' title='bbox 987 5391 1106 5451; x_wconf 88' lang='lat' dir='ltr'>magno</span> <span class='ocrx_word' id='word_1_487' title='bbox 1121 5378 1290 5452; x_wconf 89' lang='lat' dir='ltr'>prematur</span> <span class='ocrx_word' id='word_1_488' title='bbox 1301 5392 1402 5438; x_wconf 90' lang='lat' dir='ltr'>onere</span> <span class='ocrx_word' id='word_1_489' title='bbox 1425 5375 1620 5446; x_wconf 89' lang='lat' dir='ltr'>debitorum,</span> <span class='ocrx_word' id='word_1_490' title='bbox 1638 5376 1783 5437; x_wconf 91' lang='lat' dir='ltr'>retinere</span> 
     </span>
     <span class='ocr_line' id='line_1_100' title="bbox 988 5471 1784 5551; baseline 0.004 -18"><span class='ocrx_word' id='word_1_491' title='bbox 988 5472 1150 5534; x_wconf 85' lang='lat' dir='ltr'>beneficia</span> <span class='ocrx_word' id='word_1_492' title='bbox 1172 5490 1246 5551; x_wconf 88' lang='lat' dir='ltr'>quaa</span> <span class='ocrx_word' id='word_1_493' title='bbox 1270 5472 1454 5543; x_wconf 88' lang='lat' dir='ltr'>obtinebas,</span> <span class='ocrx_word' id='word_1_494' title='bbox 1474 5473 1606 5549; x_wconf 84' lang='lat' dir='ltr'>quando</span> <span class='ocrx_word' id='word_1_495' title='bbox 1631 5471 1723 5535; x_wconf 90' lang='lat' dir='ltr'>fuisti</span> <span class='ocrx_word' id='word_1_496' title='bbox 1742 5475 1784 5536; x_wconf 91' lang='lat' dir='ltr'>ad</span> 
     </span>
     <span class='ocr_line' id='line_1_101' title="bbox 987 5570 1782 5647; baseline 0 -15"><span class='ocrx_word' id='word_1_497' title='bbox 987 5570 1135 5645; x_wconf 88' lang='lat' dir='ltr'>regimen</span> <span class='ocrx_word' id='word_1_498' title='bbox 1152 5570 1302 5632; x_wconf 88' lang='lat' dir='ltr'>ecclesiae</span> <span class='ocrx_word' id='word_1_499' title='bbox 1318 5570 1509 5630; x_wconf 86' lang='lat' dir='ltr'>Laudunen.</span> <span class='ocrx_word' id='word_1_500' title='bbox 1529 5571 1728 5647; x_wconf 89' lang='lat' dir='ltr'>assumptus,</span> <span class='ocrx_word' id='word_1_501' title='bbox 1742 5571 1782 5632; x_wconf 90' lang='lat' dir='ltr'>de</span> 
     </span>
     <span class='ocr_line' id='line_1_102' title="bbox 988 5667 1783 5745; baseline 0 -17"><span class='ocrx_word' id='word_1_502' title='bbox 988 5669 1102 5730; x_wconf 88' lang='lat' dir='ltr'>nostra</span> <span class='ocrx_word' id='word_1_503' title='bbox 1123 5667 1182 5730; x_wconf 92' lang='lat' dir='ltr'>tibi</span> <span class='ocrx_word' id='word_1_504' title='bbox 1205 5667 1422 5745; x_wconf 87' lang='lat' dir='ltr'>permissione</span> <span class='ocrx_word' id='word_1_505' title='bbox 1452 5667 1577 5729; x_wconf 89' lang='lat' dir='ltr'>liceret.</span> <span class='ocrx_word' id='word_1_506' title='bbox 1598 5669 1667 5728; x_wconf 92' lang='lat' dir='ltr'>Nos</span> <span class='ocrx_word' id='word_1_507' title='bbox 1681 5667 1783 5743; x_wconf 90' lang='lat' dir='ltr'>igitur</span> 
     </span>
    </p>
   </div>
   <div class='ocr_carea' id='block_1_22' title="bbox 0 0 2048 6308">
    <p class='ocr_par' dir='ltr' id='par_1_26' title="bbox 0 0 2048 6308">
     <span class='ocr_line' id='line_1_103' title="bbox 0 0 2048 6308; baseline 0 0"><span class='ocrx_word' id='word_1_508' title='bbox 0 0 2048 6308; x_wconf 95' lang='lat' dir='ltr'> </span> 
     </span>
    </p>
   </div>
  </div>
 </body>
</html>
