4014 6312
271 341 331 402 407
893 339 1071 402 HONORII
1089 333 1138 402 '111
1159 337 1306 404 orsiti.
1829 359 1872 418 lbi

273 502 309 564 in
325 500 373 564 eis
388 499 475 575 sunt,
492 501 544 564 vel
557 499 799 563 abbatissarum
813 501 966 576 discutio,
981 500 1071 564 elec·
1164 503 1233 578 Ego
1245 499 1446 565 Octavianus
1458 501 1515 564 SS.
1526 502 1644 580 Sergii,
1655 505 1799 571 etBacchi
1809 513 1871 578 diac.

273 601 332 668 tio,
358 601 390 662 et
413 601 620 663 consecratio
643 601 754 663 restro
779 615 911 680 semper
930 599 1069 662 arbitrio
1124 599 1214 662 card.
1232 616 1276 662 ss.

272 698 522 759 conserventur.
548 701 652 760 Porro
680 698 900 776 praesbyteros
928 697 1071 776 praedic-
1164 699 1233 775 ligo
1256 697 1436 775 Gregorius
1464 700 1497 760 S.
1513 697 1685 774 Theodori,
1711 703 1786 766 diac.
1809 711 1872 770 card.

272 797 391 857 torum
417 797 694 858 monasteriorum
723 798 821 874 prout
843 797 1070 858 ecclesiastica
1125 796 1251 858 subscr.

272 893 454 954 necessitas
476 895 636 971 exegerit,
659 895 782 974 absque
806 895 949 972 alicujus
962 896 1070 956 teme·
1165 896 1232 970 Ego
1259 893 1446 971 Raynerius
1483 897 1516 956 S.
1544 895 1659 958 Marisa
1681 896 1714 957 in
1740 900 1876 964 cosmedin

272 990 364 1052 raria
388 992 577 1054 conditione
600 993 642 1053 ad
665 994 758 1055 tuum
779 993 932 1055 volumus
956 993 1070 1054 venire
1125 989 1209 1054 diac.
1226 992 1317 1054 card.
1334 990 1423 1052 subs.

273 1088 449 1152 consilium
466 1112 474 1151 ε
491 1091 725 1152 confirmamus
740 1092 840 1152 etiarn
855 1091 948 1154 robis
963 1090 1072 1154 eccle-
1166 1091 1233 1166 Ego
1257 1092 1427 1153 Romanus
1448 1091 1481 1151 S.
1503 1091 1622 1168 Angeli
1649 1091 1794 1154 diaconus
1812 1096 1876 1156 card.

272 1187 357 1248 siam
374 1190 505 1251 Sanctae
518 1189 635 1250 Mariae
648 1189 688 1252 de
703 1189 882 1262 Bethleem,
905 1191 937 1252 et
956 1189 1072 1267 hospi·
1125 1186 1253 1249 subscr.

271 1283 341 1347 tale
363 1285 404 1347 de
426 1287 603 1363 (impellis,
621 1288 785 1365 hospitale
798 1289 838 1350 de
854 1290 973 1351 Sancta
988 1290 1070 1350 Jus-
1164 1287 1233 1362 Ego
1260 1285 1447 1363 Stephanus
1474 1287 1508 1348 S.
1532 1285 1694 1349 Hadriani
1718 1287 1793 1350 diac.
1814 1291 1879 1351 card.

271 1382 353 1455 tina,
372 1383 536 1461 hospitale
551 1384 591 1447 de
605 1386 827 1460 Thossicaria,
852 1387 1015 1464 hospitale
1030 1386 1071 1448 de
1126 1382 1255 1445 subscr.

273 1479 440 1554 daiberte,
461 1471 624 1560 hospitale
648 1484 808 1546 (luidonis
834 1483 931 1557 labri,
956 1484 1073 1564 hospi·
1166 1483 1234 1560 ligo
1248 1480 1492 1544 Alebrandinus
1505 1483 1539 1544 S.
1551 1481 1720 1545 Eustachii
1731 1483 1806 1545 diac.
1816 1485 1882 1545 card.

272 1577 340 1640 tale
362 1578 510 1656 (lidonis,
536 1581 699 1659 hospitale
720 1583 760 1644 de
776 1583 938 1646 Pentiauo
959 1583 994 1644 in
1015 1599 1073 1645 ar·
1125 1579 1253 1642 subscr.

275 1675 524 1756 chlepiscopatu
550 1680 807 1754 Mediolanensi,
832 1682 1071 1744 monasterium
1166 1677 1399 1756 EgoAEgidius
1411 1679 1469 1740 SS.
1482 1679 1608 1741 cosmae
1622 1677 1806 1742 etDamiani
1818 1677 1884 1740 card.

275 1776 388 1837 Sancti
403 1777 521 1839 Donati
542 1779 582 1838 ab
595 1780 806 1842 antecessore
829 1782 886 1842 tuo
899 1780 1071 1844 tundalum
1126 1776 1254 1838 subscr.

273 1872 309 1933 in
329 1872 404 1936 loco
416 1875 473 1952 qui
488 1876 646 1938 Scorobia
661 1877 792 1951 dicitur,
818 1895 893 1940 cunr
920 1879 1068 1957 capellis,
1166 1876 1234 1951 Ego
1249 1872 1407 1937 Nicotaus
1422 1872 1629 1936 Tusculanus
1645 1874 1807 1952 episcopus
1827 1873 1886 1934 sub-

273 1971 307 2032 et
320 1973 490 2048 parochiis
505 1975 587 2047 suls,
604 1976 842 2038 monasterium
859 1979 989 2040 Sanctae
1004 1980 1071 2039 lila-
1126 1989 1190 2034 scr.

273 2067 334 2132 riae
356 2070 396 2131 de
418 2072 568 2150 Cayrate,
596 2090 671 2135 curn
691 2075 849 2151 parochia
870 2092 941 2149 sua,
968 2077 1001 2139 et
1015 2093 1073 2139 ca·
1166 2072 1234 2147 Ego
1248 2069 1353 2131 (luido
1372 2069 1598 2132 Praenestinus
1611 2069 1779 2148 episcopus
1789 2067 1886 2128 subscr.
1959 2025 1961 2104 i

273 2167 415 2246 pellaris
425 2171 459 2231 et
474 2170 642 2246 parochiis
656 2172 736 2246 suis,
750 2172 783 2234 in
799 2174 964 2236 Laudensi
979 2175 1071 2252 epis·
1166 2170 1233 2244 ligo
1247 2167 1403 2245 Pelagius
1420 2165 1581 2230 Albanen.
1599 2169 1769 2246 episcopus
1789 2166 1886 2226 subscr.

273 2267 393 2343 copatu
408 2266 535 2345 plebem
556 2269 596 2330 de
618 2271 756 2332 Pustinc
778 2287 851 2333 cum
867 2273 1016 2350 capellis,
1039 2273 1072 2336 et
1165 2266 1284 2327 Datum
1314 2265 1471 2328 Laterani
1502 2281 1561 2342 pol*
1591 2281 1724 2327 manum
1747 2263 1886 2341 baldelii,
1963 2302 1964 2354 p

273 2364 442 2442 parochiis
461 2366 541 2438 suis,
569 2367 604 2428 in
629 2368 822 2446 episcopatu
843 2371 1069 2445 Cremonensi,
1127 2365 1160 2424 S.
1177 2366 1215 2426 R.
1234 2362 1508 2425 vicecancellarii
1525 2362 1578 2425 die
1582 2407 1643 2424 .....
1665 2362 1743 2424 Maii
1763 2361 1889 2422 indicti
1963 2357 1965 2440 'p

273 2461 400 2540 plebem
419 2463 459 2525 de
474 2467 662 2542 Pagaciano
678 2484 752 2529 cum
768 2469 927 2547 parochia
949 2487 1021 2543 sua,
1036 2471 1070 2532 in
1125 2463 1255 2522 lncani·
1278 2463 1371 2523 bom.
1394 2477 1484 2523 anno
1506 2461 1594 2534 1217,
1616 2459 1888 2538 POssiiflssaiUSltffl
1965 2486 1966 2532 l

274 2560 468 2640 episcopatu
491 2564 684 2626 Placentino
704 2565 832 2644 plebem
854 2567 894 2630 de
921 2571 1071 2632 Fontana
1126 2559 1691 2636 D⁰ffl·H011⁰riiP³liae111³¹1n01·
1966 2575 1967 2652 l

273 2674 348 2720 cum
373 2661 511 2737 capellis
525 2663 558 2723 et
579 2664 746 2740 parochiis
772 2665 854 2737 suis,
882 2665 1009 2744 plebem
1031 2666 1071 2729 de
1967 2667 1968 2728 l

273 2755 452 2832 Vinegazc,
480 2775 554 2820 cum
579 2760 716 2837 capellis
744 2763 778 2822 et
796 2763 964 2840 parochiis
988 2765 1070 2839 suis,
1415 2753 1640 2842 GCGXXJII

273 2853 361 2914 inter
373 2855 599 2933 episcopatum
614 2859 799 2933 islensem,
826 2862 859 2922 et
871 2864 1069 2939 Aquensem,

273 2953 307 3012 et
318 2951 505 3026 Albensem,
520 2954 647 3031 plebem
659 2956 700 3018 de
712 2960 816 3021 Ponte
831 2975 906 3021 cum
921 2959 1069 3037 capellis,

274 3049 308 3110 et
322 3051 490 3127 parochiis
506 3053 586 3126 suis,
601 3054 635 3115 in
648 3056 840 3134 episcopatu
853 3058 1070 3134 vercellensi,

274 3146 403 3224 plebem
431 3149 472 3212 de
496 3153 672 3230 Pernungo
701 3171 776 3216 curn
802 3157 960 3233 parochia
985 3174 1070 3220 suar
1421 3135 1454 3192 ¹¹
1470 3134 1539 3193 ⁰¹⁰¹*
1553 3135 1631 3194 ¹²¹⁷·
1972 3126 1973 3208 i

274 3261 392 3307 versus
404 3247 652 3325 Alexandriam,
669 3251 798 3328 plebem
813 3254 854 3316 de
867 3256 980 3317 Sancti
996 3257 1071 3334 Syri
1174 3249 1281 3317 [aegest.
1293 3249 1456 3315 lib.1,cpisr.
1469 3249 1524 3300 ⁴⁶⁸·
1537 3251 1594 3301 ¹¹³⁸·
1606 3246 1861 3310 brumciuntal]

274 3343 315 3404 de
331 3344 421 3406 Sulla
436 3361 510 3407 cum
525 3349 662 3425 capellis
677 3351 710 3412 et
724 3351 903 3428 parochiis,
919 3353 952 3414 et
964 3355 1071 3430 perti·
1127 3357 1243 3418 liundut
1266 3358 1307 3416 eis
1328 3363 1361 3416 ut
1381 3355 1508 3415 debiturn
1532 3365 1648 3415 centum
1671 3365 1700 3416 et
1719 3353 1896 3430 quinquaginta

275 3441 398 3504 nonnis
420 3444 501 3517 suis,
529 3443 657 3523 plebem
679 3446 719 3508 de
742 3449 885 3512 Plonora
914 3467 988 3512 cum
1015 3467 1074 3514 ca.
1162 3447 1296 3505 librarum
1309 3445 1385 3518 quod
1402 3445 1504 3519 Philip.
1520 3447 1692 3505 Noviomen.
1709 3444 1897 3504 archidiaconus

274 3538 371 3616 pellis
387 3541 419 3602 et
431 3543 609 3618 parochiis,
631 3545 664 3606 et
678 3545 886 3624 pertinentiis
901 3549 985 3622 suis,
1001 3549 1074 3627 ple-
1162 3534 1391 3594 ⁸1R⁰h0lil¹⁸d0
1403 3533 1545 3594 Vsslmtlll
1560 3536 1756 3594 canonicuss.
1772 3527 1897 3604 congeriei

274 3636 1073 3724 bendessassignanacumcapellis,etparochiis
1162 3623 1388 3693 C³¹⁰⁰¹³⁰0⁰⁸¹⁸›
1403 3615 1896 3725 lli⁰lllmbl9⁰l¹l820r0⁵2ll⁰fflffld⁰·

274 3737 308 3796 et
320 3736 528 3812 pertinentiis
542 3741 622 3812 suis,
638 3741 765 3818 plebem
776 3743 816 3805 de
831 3745 984 3808 Valentia
997 3763 1072 3808 cum
1162 3719 1267 3786 ΜΘ*
1279 3718 1545 3785 ⁰⁰⁰“⁸¹⁰‘⁰¹¹¹¹P⁸¹
1560 3727 1623 3770 ⁸¹⁰⁰
1635 3727 1717 3770 ’ΜΝ
1732 3711 1843 3770 ⁸⁰¹Vflm·

274 3835 412 3910 capellis
438 3837 471 3899 et
493 3839 672 3915 parochiis,
698 3841 731 3903 et
753 3843 963 3919 pertinentiis
989 3845 1070 3918 suis,
1166 3845 1349 3919 Honorius,
1380 3847 1460 3920 etc,
1490 3845 1739 3908 venerabilibus
1766 3839 1898 3906 iratribus

164 3989 173 4002 ,
275 3931 403 4008 plebem
427 3933 467 3995 de
481 3937 643 4000 AEtiliano
664 3955 739 4000 cum
754 3941 902 4018 capellis,
919 3943 952 4004 et
973 3959 1074 4020 paro-
1127 3943 1292 4022 episcopis
1301 3959 1361 4028 per
1375 3947 1572 4012 lismensem
1586 3943 1792 4022 provinciam
1803 3935 1903 4002 consti*

275 4029 361 4090 chiis
386 4033 420 4091 et
448 4034 656 4108 pertinentiis
690 4037 771 4107 suis,
801 4037 930 4114 piebem
959 4041 1073 4102 Sancti
1126 4041 1218 4104 tutis.

276 4126 459 4190 salvatoris
483 4145 557 4190 cum
581 4132 729 4209 capellis,
755 4136 924 4211 parochiis
941 4138 974 4198 et
993 4153 1073 4214 per·
1168 4141 1275 4212 Quum
1294 4137 1448 4200 teneatur
1464 4138 1674 4215 negotiorum
1696 4136 1839 4200 dominus
1853 4145 1900 4192 ne-

275 4223 425 4286 tinentiis
453 4227 538 4300 suis,
566 4228 600 4290 et
626 4229 755 4306 plebem
786 4231 827 4294 de
853 4235 969 4308 Petra,
998 4250 1073 4296 curn
1127 4237 1252 4315 gotium
1264 4235 1391 4298 utiliter
1402 4235 1746 4312 nominesuogestum
1758 4237 1789 4295 et
1798 4231 1900 4294 habero

276 4321 413 4398 capellis
452 4326 485 4386 et
523 4327 691 4402 parochiis
732 4329 813 4390 suis.
858 4331 1072 4395 Decernimus
1127 4336 1236 4396 ratum
1251 4336 1284 4397 et
1298 4334 1505 4395 necessarias
1524 4348 1691 4411 expensas
1710 4348 1769 4412 pro
1789 4324 1898 4404 ue80fi0

276 4435 368 4496 ergo,
385 4421 500 4484 &iem--
515 4425 630 4498 Amen,
645 4429 761 4489 Amen.
1128 4433 1199 4511 ipsc
1212 4431 1317 4494 iactas
1335 4429 1489 4512 [solvere]
1506 4431 1758 4493 uniuersitatem
1777 4428 1899 4490 rostram

316 4521 384 4595 Ego
409 4521 578 4584 Honorius
602 4525 780 4588 Catholicae
806 4525 962 4591 Ecclesiae
983 4529 1074 4608 epis·
1127 4529 1308 4606 rogandam
1317 4528 1472 4590 duximus
1484 4529 1518 4589 et
1532 4527 1733 4590 monendam
1746 4540 1803 4605 per
1813 4526 1900 4599 Apos-

275 4633 388 4696 copus.
1126 4627 1227 4690 tolica
1242 4626 1364 4703 scripta
1380 4624 1603 4703 praecipiendo
1616 4624 1824 4693 mandantes,
1835 4631 1902 4702 qua·

315 4719 382 4794 Ego
404 4718 523 4782 Petrus
545 4721 578 4782 S.
606 4722 822 4785 Pudentianae
848 4724 899 4787 tit.
925 4725 1073 4787 Pastoris
1127 4715 1902 4802 tenusdebitumcentumetqninquagintalibra·

274 4814 384 4891 presb.
401 4817 491 4877 card.
509 4833 552 4879 ss.
1128 4838 1201 4883 rum
1220 4820 1260 4882 de
1279 4819 1437 4892 Prusiae,
1452 4819 1539 4897 quod
1561 4819 1673 4881 dilecti
1689 4819 1750 4880 tilii
1765 4813 1900 4890 magistro

315 4913 383 4987 Ego
394 4912 558 4976 Robertus
575 4917 607 4976 S.
626 4917 784 4995 Stephani
799 4919 834 4980 in
847 4919 949 4983 Coelio
963 4921 1073 4982 moute
1128 4919 1394 4982 Ph.Noriomen.
1404 4906 1901 4980 archidiaconusetit.Vermella

276 5009 383 5086 presb.
396 5011 577 5072 cardinalis
592 5013 719 5076 subscr.
1127 5017 1310 5080 canonicus
1321 5016 1429 5078 sancti
1439 5015 1615 5092 Gaugerici
1625 5017 1830 5076 cameracen.
1840 5020 1902 5084 pro·

316 5108 384 5185 Ego
400 5108 586 5186 Stephanus
607 5113 759 5176 Basilicae
779 5116 839 5175 XII
854 5117 966 5192 Apost.
983 5133 1074 5194 pres·
1128 5118 1299 5179 curatores
1313 5113 1416 5175 vestri
1444 5113 1531 5191 apud
1559 5112 1677 5175 Sedem
1699 5106 1902 5190 Apostolican

274 5203 342 5284 bil·
360 5206 511 5268 sardes.
1128 5212 1308 5284 constituti,
1325 5227 1384 5289 pro
1402 5211 1622 5289 procurandis
1633 5209 1753 5272 vestris
1768 5200 1901 5281 negotiis.

315 5305 383 5381 Ego
398 5306 577 5383 Gregorius
590 5307 638 5369 tit.
665 5309 698 5369 S.
718 5309 903 5373 Anastasiae
925 5311 1071 5391 presbyt.
1128 5312 1214 5374 sicut
1228 5310 1393 5382 asserunt,
1410 5310 1660 5376 contraxerunt,
1677 5321 1776 5385 quum
1789 5301 1903 5382 pmpler

275 5403 365 5463 card.
383 5403 510 5464 subscr.
1127 5412 1199 5487 ipse
1211 5423 1337 5470 moram
1351 5423 1408 5468 eos
1421 5407 1606 5484 oportuerit
1619 5405 1728 5466 iacere
1742 5400 1904 5477 longiorem

316 5501 383 5576 Ego
395 5501 538 5563 Thomas
549 5501 600 5563 tit.
616 5504 649 5564 S.
663 5502 794 5564 Sabinae
808 5505 951 5584 presbyt.
1128 5507 1270 5570 termino
1286 5505 1419 5577 statuto,
1437 5505 1586 5574 solvatis,
1599 5521 1650 5576 ne,
1666 5502 1751 5580 quod
1767 5493 1855 5566 absit,
1870 5504 1904 5553 ex

315 5599 383 5676 Ego
410 5597 516 5660 (luido
537 5601 569 5660 S.
586 5601 716 5663 Nicasii
732 5600 765 5664 in
782 5619 916 5667 carcere
928 5604 1071 5666 Tullinn.
1129 5622 1168 5668 eo
1183 5618 1313 5683 poenam
1328 5601 1541 5679 obligationis
1560 5600 1742 5672 incurrant,
1758 5595 1839 5659 unde
1850 5585 1906 5650 visi

274 5693 360 5759 diac.
378 5695 559 5758 cardinalis
574 5698 702 5762 subscr.
1105 5715 1106 5718 ’
1129 5701 1382 5782 suntpraemium
1392 5701 1564 5774 memisse,
1575 5699 1763 5766 mandatum
1775 5689 1904 5760 nostrum

1125 2908 1178 2968 Ad
1201 2907 1376 2981 episcopos
1395 2920 1462 2979 per
1485 2909 1691 2968 Remcuscm
1709 2905 1894 2981 provinciam
1969 2852 1970 2904 ¹

1414 3004 1629 3066 constitutos.
