4014 6312
269 218 328 280 499
890 217 1065 279 HONORII
1086 219 1131 278 111
1152 219 1299 282 OPERA.
1850 227 1896 289 500

307 375 517 439 Venerabilis
532 375 634 438 frater
647 379 762 438 noster
773 378 968 438 oxomensis
983 377 1067 454 apis-
1120 377 1260 451 ceditur,
1277 393 1336 455 per
1351 377 1436 455 quod
1458 379 1508 441 sic
1522 380 1719 457 procuratur
1733 381 1832 444 divini
1848 401 1896 448 no·

268 491 371 553 copus
383 475 418 536 in
433 475 546 536 nostra
561 475 732 551 proposuit
746 475 923 551 prasentia
936 475 1065 538 consti·
1121 474 1220 536 minis
1242 476 1360 549 cultus,
1377 477 1410 539 at
1422 475 1587 554 profectus
1608 479 1771 556 quaeritur
1787 481 1897 544 anima-

268 575 369 646 tutus,
396 572 482 650 quod
504 589 605 651 quum
629 574 729 635 clarae
756 575 925 636 memoriae
948 579 986 638 A.
1005 589 1067 636 rex
1120 589 1205 645 rum,
1220 575 1255 636 ut
1264 590 1307 634 ax
1316 573 1380 636 hoc
1393 574 1477 635 nulli
1489 575 1718 652 praejudicium
1729 582 1894 654 generetur.

141 711 144 716 -
269 672 420 734 Castellae
433 671 507 742 sibi,
526 672 558 732 et
572 671 723 733 ecclesia
735 687 804 732 suas
820 671 934 734 villam
950 688 1068 750 quam·
1121 671 1359 749 Hincestquod
1370 671 1489 733 vestris
1500 673 1564 750 piis
1575 673 1728 750 precibus
1738 674 1894 752 benignum

268 771 344 831 dam
357 785 430 848 quae
452 769 574 830 dicitur
597 771 832 842 oromatum
857 769 1066 846 pertinentiis
1119 770 1347 847 impertientes
1375 786 1568 843 assensum,
1600 772 1796 834 auctoritate
1817 774 1893 835 vobis

269 868 349 938 suis,
364 867 399 927 in
416 866 531 928 ultima
545 867 713 929 voluntate
729 867 882 943 legasset,
899 867 976 945 quia
992 883 1069 929 exa·
1121 867 1334 944 praesentium
1349 867 1573 944 indulgemus,
1590 871 1626 930 ut
1642 886 1743 946 quum
1758 872 1894 946 generale

269 967 400 1026 autores
425 964 614 1028 testamenti
638 966 728 1042 regis
752 967 899 1042 ejusdam
928 967 1066 1043 signatae
1121 966 1219 1027 terrae
1248 963 1348 1027 fuerit
1373 965 1602 1039 interdictum,
1630 967 1731 1029 liceat
1758 968 1893 1029 ltatribm

269 1063 332 1124 sibi
348 1062 547 1124 differebant
559 1063 722 1133 eamdem,
738 1063 810 1140 ipse
825 1066 940 1126 contra
953 1081 1010 1127 eos
1026 1064 1066 1125 ad
1122 1063 1314 1124 monasterii
1326 1063 1428 1125 vestri
1439 1064 1476 1125 in
1489 1063 1691 1140 prioratibus
1706 1063 1840 1125 subditis
1857 1066 1896 1124 ei-

270 1161 414 1238 priorem
429 1161 595 1234 Tutelani,
614 1163 646 1224 at
665 1163 855 1239 conjudices
876 1179 953 1224 suos
972 1162 1066 1224 litte·
1122 1160 1195 1221 dem
1220 1161 1422 1222 monasterio
1437 1160 1704 1233 consistentibus,
1722 1161 1840 1222 clausis
1853 1165 1895 1238 ja-

268 1275 325 1321 ras
340 1259 540 1336 apostolicas
562 1259 763 1337 impetravit,
784 1260 817 1324 at
839 1262 996 1338 quoniam
1017 1259 1067 1322 illi
1122 1257 1894 1336 nuis,nonpulsatiscampanis,excommunicatis

270 1358 362 1420 citati
397 1357 618 1434 peremptorie
644 1357 685 1418 ab
717 1358 842 1420 eisdem
875 1373 1068 1436 comparere
1123 1355 1357 1420 atnominatim
1371 1355 1557 1417 interdictis
1568 1356 1726 1427 exclusis,
1739 1372 1895 1433 suppressa

270 1470 382 1518 coram
398 1455 501 1532 priori
522 1455 633 1517 Sancti
652 1457 827 1528 Dominici,
849 1457 882 1518 at
896 1455 1069 1533 corrjudice
1121 1451 1894 1530 vocedivinaelficiacelabrara.Nulliargo,etc.;

272 1569 332 1614 suo
348 1550 569 1629 subdelegatis
585 1553 626 1614 ab
640 1553 722 1630 ipsis
738 1553 953 1630 pertinaciter
967 1569 1067 1614 recu·
1122 1550 1244 1611 nostrae
1260 1549 1496 1624 ‘concessionis
1509 1553 1571 1614 etc.
1586 1552 1620 1612 Si
1633 1552 1708 1629 quis
1720 1553 1836 1622 autam,
1847 1552 1894 1611 alc.

271 1649 389 1712 sabant
408 1673 415 1711 :
440 1651 541 1712 iidem
569 1650 773 1727 subdelegati
793 1651 833 1712 de
861 1651 1023 1722 consilio,
1036 1650 1068 1712 et
1122 1648 1242 1709 Datum
1258 1647 1374 1722 Alatri,
1392 1649 1506 1730 quinto
1523 1648 1597 1712 idus
1610 1649 1813 1728 septembris,
1827 1663 1895 1709 auno

270 1747 425 1809 mandato
440 1748 674 1824 praedictorum
688 1749 924 1826 delegatorum,
942 1764 1017 1810 eum
1032 1747 1068 1808 iu
1123 1744 1278 1807 secundo

222 1875 230 1894 ι
270 1845 515 1922 possessionem
534 1846 623 1906 villae
643 1845 810 1923 praedictae
831 1861 932 1907 causa
957 1847 1069 1906 custo-

270 1942 333 2004 diae
349 1942 560 2004 induxerunt.
577 1943 640 2004 Sed
662 1945 798 2021 propter
811 1942 992 2021 potentiam
1006 1931 1067 2004 cu'-
1436 1903 1605 1994 XXVIII

266 2039 400 2118 jusdam
411 2041 543 2112 nobilis,
557 2041 612 2118 qui
624 2057 696 2102 eam
711 2041 869 2114 detentat,
885 2057 951 2102 non
962 2039 1069 2118 potuit
1207 2075 1264 2135 Ad.
1272 2075 1427 2135 abbatem
1448 2075 1654 2138 monasterii
1667 2077 1830 2136 Bm.

269 2138 426 2198 retinere·
444 2139 487 2200 Ut
500 2136 604 2214 igitur
621 2138 752 2215 justitia
767 2137 879 2200 vincat
893 2137 1065 2210 malitiam,

270 2231 464 2296 discretioni
493 2234 614 2296 vestrae
645 2250 704 2312 par
729 2233 919 2310 apostolica
945 2233 1067 2310 scripta
1416 2205 1525 2279 9⁸0ll·
1544 2207 1623 2278 1²1⁷·

269 2331 477 2402 mandamus,
502 2331 675 2409 quatenus,
700 2331 728 2392 si
756 2332 806 2393 est
824 2332 883 2400 ita,
904 2331 970 2392 uisi
990 2346 1068 2408 pars
1153 2329 1273 2394 saepest,
1286 2329 1330 2380 lib.
1344 2329 1527 2396 11,apist.osl.
1540 2331 1647 2382 lassis
1660 2329 1778 2380 roncas
1790 2329 1872 2390 ram]

270 2428 374 2489 alteia
390 2427 477 2489 insta
494 2444 618 2489 annum
633 2428 783 2500 venien&
808 2428 894 2507 (1¹10d
909 2429 987 2490 tunc
1003 2444 1066 2506 Pa·
1121 2447 1297 2506 Facultatam
1311 2446 1441 2506 concedit
1454 2461 1522 2505 suos
1533 2445 1692 2506 monachos
1707 2443 1896 2504 absoluendiab

269 2525 355 2588 rabit
374 2525 528 2590 idoneam
556 2528 713 2603 praestata
734 2528 898 2600 cautione,
920 2543 963 2588 ex
988 2528 1067 2588 tunc
1218 2535 1560 2594 excommunicationes.
1576 2535 1642 2594 sedi
1658 2543 1810 2592 reservata.

269 2622 378 2698 ipsum
397 2639 476 2684 uara
498 2639 722 2700 possessorem
742 2625 922 2685 secundum
944 2623 1067 2686 statuta
1161 2663 1340 2735 Honorius,
1366 2665 1441 2736 em„
1472 2661 1592 2724 dilecto
1613 2661 1682 2724 ppo
1707 2661 1813 2723 abbati
1835 2675 1896 2720 mo-

270 2721 438 2794 ganaralis
452 2721 591 2781 Concilii
602 2721 801 2797 jndicantes,
815 2738 890 2782 eum
910 2721 945 2782 in
960 2721 1066 2798 ipsam
1121 2759 1260 2822 misterii
1270 2760 1386 2822 Dolon·

270 2832 344 2878 cum
369 2817 578 2894 pertinentiis
594 2819 662 2880 suis
682 2817 902 2896 corporaliter
923 2817 1065 2880 induca-
1161 2860 1266 2930 Quum
1278 2858 1450 2935 confingat
1462 2857 1629 2920 interdum
1644 2856 1681 2920 ut
1695 2855 1838 2918 monachi
1853 2855 1892 2915 tui

268 2912 324 2985 us,
348 2913 380 2976 at
398 2914 581 2976 defendatis
598 2915 787 2989 inductum,
807 2915 1065 2978 contradictores
1121 2917 1305 3019 incidentes
1327 2956 1362 3017 in
1388 2971 1549 3020 canonem
1573 2955 1746 3018 sententia,
1767 2951 1893 3032 promul.

270 3028 330 3088 per
353 3029 527 3074 censuram
550 3013 815 3075 Ecclesiastlcam
843 3013 1066 3092 appellatione
1121 3055 1206 3130 ΕΜ
1240 3069 1300 3130 pro
1335 3052 1553 3115 absolutionis
1583 3052 1744 3114 beneflcio
1781 3067 1800 3112 a
1827 3049 1893 3111 sede

270 3109 455 3186 postposita
482 3111 731 3188 compescendo.
754 3112 867 3172 Testes
893 3127 984 3183 uero,
1009 3111 1066 3189 qui
1120 3151 1310 3228 Apostoli&
1325 3150 1504 3215 obtinendo
1519 3151 1555 3214 m
1575 3166 1712 3212 suarum
1736 3149 1893 3224 evagentur

269 3205 404 3268 luerunt
416 3207 577 3269 nominati
590 3209 618 3269 si
633 3225 669 3269 se
681 3207 789 3286 gralia
803 3209 873 3280 Dei,
886 3208 938 3269 vel
947 3209 1071 3269 timore
1120 3249 1306 3326 periculum
1326 3249 1526 3320 animarum,
1550 3250 1584 3310 ἃ
1602 3247 1737 3308 onerosi
1761 3246 1822 3307 3qu
1837 3259 1893 3304 mo.

216 3335 220 3338 ·
269 3301 506 3377 subtraxerint,
530 3321 783 3382 percensuram
805 3305 966 3378 eamdam,
988 3321 1065 3366 ces·
1121 3347 1267 3408 uastam
1294 3345 1418 3408 eisdem
1442 3347 1591 3424 sumptus
1619 3346 1683 3406 viae
1721 3359 1816 3422 quum
1840 3356 1891 3401 ΜΠ

269 3402 363 3463 sante
377 3400 613 3478 appellatione,
628 3401 753 3478 cogatis
768 3401 889 3464 veritat
1686 3389 1694 3417 '

890 3421 900 3462 ¹
916 3403 1067 3464 ‘emmo'
1121 3443 1266 3506 habeant
1280 3444 1426 3522 propria,
1448 3444 1662 3515 ministranti,
1679 3459 1740 3504 nos
1756 3443 1890 3503 eteorum

269 3498 565 3609 niumuperlribere,
578 3516 644 3576 non
660 3499 809 3561 obstante
829 3499 1066 3611 constitutione
1121 3541 1232 3614 saluti,
1254 3542 1288 3603 et
1309 3540 1446 3603 utilitati
1469 3540 1620 3619 ejusdem
1641 3537 1827 3601 monasterii
1845 3551 1890 3612 pa-

268 3596 408 3657 Concrln
419 3597 597 3673 generans,
610 3613 674 3675 qua
690 3598 826 3660 cauetur
835 3614 877 3658 ne
890 3614 964 3675 qu1s
978 3597 1065 3659 ultra
1120 3639 1216 3701 terna
1230 3637 1379 3700 volentos
1395 3637 1617 3701 sollicitudine
1629 3637 1811 3714 providere,
1824 3648 1890 3712 prp-

268 3691 350 3754 duas
366 3693 482 3756 diaetas
497 3696 591 3756 extra
608 3711 701 3756 suam
717 3694 886 3757 dioecesim
901 3711 961 3772 per
974 3695 1066 3758 litte·
1120 3737 1265 3798 Sentium
1278 3736 1339 3798 tibi
1351 3735 1548 3798 auctoritate
1564 3735 1784 3803 concedimus,
1801 3733 1832 3794 ut
1843 3730 1887 3798 εἰς,

268 3792 602 3869 ras*³⁵1'05t01i05lsad
618 3793 783 3870 judi⁰i¹¹m
798 3791 886 3854 trahi
900 3792 1015 3870 Μή
1033 3792 1066 3854 et
1120 3835 1294 3914 postquam
1309 3833 1416 3912 passis
1426 3830 1890 3910 immiamsatlslaceriutcou-

268 3888 297 3948 si
310 3905 377 3949 non
392 3906 506 3951 omnes
522 3889 574 3950 his
588 3889 808 3968 exsequendis
826 3890 999 3968 potueritis
1011 3889 1066 3950 in·
1120 3930 1270 4010 potenter
1294 3931 1392 4007 jum
1410 3929 1551 3992 formam
1565 3929 1722 3992 Ecclesiae
1741 3923 1886 4004 impendas

268 3987 406 4058 “sesses
428 3987 464 4047 ω
489 3986 771 4064 fratefepisc‘we’
792 4003 867 4048 ⁰¹¹m
883 4004 998 4050 ‘mm
1014 3988 1066 4049 αι’
1120 3977 1340 4090 absolutic’mis
1366 4026 1563 4088 beneficium
1590 4026 1664 4088 vica
1694 4027 1814 4095 nostra,
1839 4018 1888 4080 nisi

267 4083 352 4152 ῗθῙὌ»
368 4099 440 4159 ΨΙεθ
457 4083 882 4195 inchoaminiexsequaris.
1025 4139 1064 4199 .'
1120 4126 1233 4187 forsan
1265 4125 1454 4203 aliquorum
1491 4139 1651 4186 excessus
1685 4122 1767 4184 adeo
1799 4117 1887 4196 graiis

309 4183 426 4241 Datum
443 4181 614 4242 Ferennffl
630 4183 746 4244 ⁰⁰t³V⁰
761 4181 835 4243 “¹¹¹⁵
856 4183 1062 4260 septembms’
1120 4221 1294 4294 existeret,
1319 4221 1352 4284 at
1379 4222 1534 4294 enormia,
1561 4220 1648 4298 quod
1670 4219 1784 4281 merito
1802 4213 1888 4278 esseut

268 4277 480 4354 pontificatus
495 4279 601 4341 nostri
616 4293 703 4340 amm
719 4279 876 4343 secundm
1120 4321 1159 4383 ad
1178 4319 1297 4382 Sadem
1308 4318 1531 4396 apostolicam
1545 4317 1744 4388 destinandi,
1761 4315 1857 4392 utpote
1866 4308 1887 4368 sl

1119 4419 1207 4482 esset
1220 4417 1261 4478 ad
1278 4416 1502 4478 membrorum
1521 4414 1762 4477 mutilationem
1775 4423 1887 4490 procas·

591 4513 739 4600 XXVII
1104 4533 1204 4588 -sum,
1226 4530 1424 4577 saumarius
1446 4514 1569 4592 injecta
1593 4513 1629 4574 in
1653 4514 1833 4589 episcopum
1848 4501 1887 4564 rel

1120 4612 1283 4684 abbatam,
1297 4611 1454 4689 praesenti
1469 4611 1591 4688 pagina
1607 4624 1808 4687 nequaquam
1821 4605 1887 4664 ultra

325 4688 377 4746 Ad
391 4685 545 4746 abbatem
560 4685 595 4746 et
610 4685 816 4746 conventum
830 4685 1002 4747 mem·
1119 4711 1300 4774 triennium
1316 4711 1472 4774 valitura.
1489 4708 1707 4770 concedimus
1722 4708 1814 4769 etiam
1828 4703 1855 4762 ut
1865 4697 1886 4756 si

559 4807 576 4864 9
596 4813 669 4880 sept.
691 4803 769 4864 ltll.
1120 4825 1235 4870 eorum
1249 4809 1353 4886 aliqui
1370 4807 1648 4869 excommunicati
1662 4806 1796 4868 forsitan
1814 4799 1884 4860 cele-

301 4932 411 4995 [pm
425 4930 472 4982 lib.
488 4931 517 4989 q,
531 4929 604 4994 epist.
620 4931 675 4981 ⁶30,
687 4933 744 4982 pp,
756 4931 1028 4996 reportaturum]
1120 4907 1259 4980 brarint,
1277 4922 1351 4967 cum
1365 4906 1448 4984 ipsis
1464 4907 1577 4968 nostra
1593 4905 1697 4967 lulius
1718 4895 1883 4965 auctoritaie
1961 4901 1962 4974 ζ

301 5059 358 5116 Eos
374 5054 473 5113 eximit
488 5054 522 5113 ab
533 5055 683 5113 interdicto
698 5055 826 5129 generali
837 5069 1028 5130 quocumque.

305 5201 485 5275 Honorius
516 5203 593 5270 elo,
624 5201 754 5264 dilectis
786 5202 864 5264 liliis
893 5201 1005 5265 abbati
1033 5207 1066 5266 et
1120 5201 1262 5274 uis,etc.
1282 5199 1408 5278 Siquis
1428 5202 1549 5274 autem,
1568 5202 1630 5262 etc.

1120 5005 1306 5082 dispensae,
1322 5005 1471 5082 injuncta
1495 5006 1545 5066 eis
1566 5003 1757 5082 poenitentia
1776 5007 1882 5070 compe·

1118 5102 1212 5167 tenti.
1238 5102 1330 5164 Nulli
1354 5119 1451 5178 ergo,
1477 5104 1553 5175 ate,
1580 5102 1703 5164 nostrae
1727 5089 1882 5162 concessio·
1961 5085 1962 5154 l

267 5299 446 5364 conventui
462 5297 655 5361 monasterii
667 5298 780 5360 Dolen.
1159 5301 1278 5361 Datum
1310 5299 1432 5373 nlatri,
1461 5300 1575 5378 quinto
1604 5298 1679 5359 idus
1705 5282 1877 5372 septembris.
1961 5299 1962 5312 ¹

308 5399 342 5460 ld
361 5415 421 5460 uec
437 5399 560 5476 petitur
579 5397 738 5475 improbe,
756 5413 816 5460 nec
831 5398 967 5476 indigne
985 5414 1066 5460 con-
1120 5413 1207 5459 anno
1219 5397 1374 5459 secundo.
