3988 6308
263 296 323 360 211

264 451 471 520 secutoribus
492 445 731 524 circumduxit3
760 445 803 520 et,
840 445 876 508 ut
908 443 948 507 de
984 443 1060 504 aliis

264 554 378 618 mundi
393 549 542 630 partibus
557 549 726 610 taceamus
741 543 848 606 bestia
860 544 896 604 in
912 543 1060 604 Livenea

264 654 401 730 regione
416 647 572 717 surrexit,
593 662 666 724 quae
686 661 743 706 ore
767 643 882 721 aperto
907 640 1061 704 absorbet

263 751 436 830 plurimes
462 747 589 808 habens
617 744 784 815 fiduciam,
799 741 885 819 quod
905 740 1060 802 iordanis

264 849 383 911 influat
401 849 437 909 in
453 863 490 908 os
510 848 603 923 ejus;
619 843 842 918 contraquam
866 839 913 900 sic
929 837 1059 913 accingi

264 962 402 1010 neeesse
412 947 463 1007 est
473 943 630 1022 populum
645 939 876 1010 christianum,
885 937 971 1015 quod
984 937 1061 998 dum

263 1045 305 1108 ab
337 1061 405 1106 una
433 1043 526 1120 parte
551 1038 723 1118 propulsat
756 1036 910 1115 inJurias
925 1035 967 1096 ab
993 1035 1061 1096 alia

262 1145 451 1224 promptum
477 1139 660 1218 periculum
687 1153 754 1198 nen
780 1133 941 1198 incurrat.
972 1133 1062 1194 Inter

264 1259 322 1306 eos
335 1242 446 1303 autem
469 1239 525 1316 qni
540 1241 651 1298 Terrae
668 1235 718 1296 illi
735 1235 782 1295 sic
806 1232 940 1294 afflictae
953 1230 1062 1309 parati

265 1341 344 1402 sunt
355 1338 543 1410 subuenire,
557 1337 593 1398 tu
604 1335 645 1397 ad
656 1331 917 1395 subveniendum
929 1330 959 1391 ei
969 1329 1062 1390 tanto

264 1439 298 1500 te
327 1437 504 1499 accinxisti
529 1435 674 1496 viriliter
694 1432 727 1494 et
755 1430 917 1509 potenter,
939 1427 1062 1506 quanto

265 1549 325 1611 per
349 1531 598 1594 subventionem
624 1530 715 1591 tuam
743 1529 871 1603 majora
891 1538 1063 1602 speramus

265 1631 373 1693 eidem
402 1628 574 1692 commoda
604 1624 816 1705 proventura.
840 1625 963 1684 Verum
985 1619 1063 1698 qnia

266 1729 352 1792 sicut
376 1727 443 1790 tuis
479 1726 576 1788 nobis
607 1724 727 1788 litteris
754 1721 921 1792 iudicasti,
943 1721 976 1780 te
1001 1733 1062 1796 pre

265 1826 477 1903 expeditione
492 1825 584 1900 regia
597 1821 777 1884 inremotis
795 1818 915 1895 agente
930 1816 1061 1879 eumad

265 1924 363 1986 bonae
385 1923 554 1985 memoriae
575 1925 600 1984 Ι.
617 1920 896 1998 praedecessorem
915 1917 1064 1976 nostrum

266 2022 395 2084 litteras
403 2021 614 2091 destinasses,
628 2019 664 2079 ut
671 2017 731 2079 tibi
739 2016 854 2078 liceret
862 2014 1064 2076 caracterem

267 2111 1066 2197 crucisaccipere‚volenticontrapaganosLivo-

267 2220 361 2280 nicos
385 2217 562 2296 proficisci.
591 2214 700 2276 Medio
730 2215 877 2289 tempore
904 2211 998 2271 multi
1024 2209 1065 2269 de

267 2317 396 2378 familia
410 2319 467 2378 tua
480 2317 573 2377 tunm
583 2312 789 2391 propositum
804 2309 991 2372 nescientes
1005 2322 1064 2385 pro

268 2415 487 2477 subventione
502 2413 601 2474 terrae
622 2409 871 2486 Hierosolymit.
888 2407 997 2469 crucis
1013 2407 1064 2466 si-

267 2512 445 2590 gnaculum
470 2509 677 2588 receperunt.
702 2508 795 2570 Unde
818 2523 892 2568 cum
908 2507 944 2567 tu
967 2503 1066 2566 sami-

268 2610 408 2671 liaribus
427 2609 495 2670 tuis
522 2623 638 2670 carere
662 2623 728 2667 non
757 2606 876 2682 possiS,
904 2619 966 2664 nec
992 2602 1065 2663 sine

268 2709 351 2786 ipsis
374 2706 543 2768 commode
567 2705 679 2767 votnm
699 2701 979 2781 peregrinationis
1001 2701 1067 2762 im-

269 2805 360 2882 plere
376 2821 395 2865 a
408 2803 504 2864 nobis
521 2800 692 2863 humiliter
702 2799 888 2877 postulasti,
901 2798 936 2859 ut
949 2797 1066 2858 saltem

269 2903 384 2964 decem
397 2902 437 2962 de
449 2900 577 2962 familia
592 2901 649 2960 tna
667 2897 876 2976 specialibus
894 2896 951 2973 qui
971 2895 1066 2972 quasi

270 2994 1066 3082 parstuicorporisessevidentur,darelicentiam

270 3101 485 3176 dignaremur
499 3098 535 3157 ut
553 3098 661 3159 tecum
682 3095 718 3156 in
733 3094 906 3155 Livoniam
920 3091 1067 3154 transire

269 3196 499 3268 valeantuoto
515 3193 794 3272 peregrinationis
809 3194 921 3252 Terrae
937 3189 1067 3250 Sanctae

271 3296 306 3356 in
338 3294 428 3355 aliud
455 3291 666 3354 commutato.
683 3289 776 3352 Licet
805 3289 916 3350 autem
947 3287 1067 3363 majori

271 3391 357 3454 bono
375 3390 498 3469 opponi
511 3406 577 3452 non
593 3388 710 3450 debeat
725 3388 833 3447 minus
843 3386 977 3456 bonum,
990 3383 1068 3462 quia

271 3491 382 3552 tamen
405 3489 490 3550 sicut
513 3487 642 3564 oportet
665 3501 726 3547 nos
750 3498 944 3545 succurrere
955 3485 1067 3543 Terrae

273 3590 414 3659 Sanctae,
443 3589 480 3648 ut
502 3584 659 3663 pusillum
686 3599 820 3659 gregem
841 3581 950 3658 gentis
968 3581 1069 3642 Livo-

271 3686 367 3758 nicae,
385 3685 440 3746 cui
455 3683 653 3760 complacuit
666 3681 825 3742 Dominus
840 3680 1067 3755 dareregnum

271 3783 461 3844 nullatenus
505 3781 721 3855 omittamus3
753 3779 903 3842 volentes
941 3777 1068 3838 nihilo-

272 3881 383 3942 minus
395 3883 428 3942 te
446 3881 567 3952 uirum,
583 3879 668 3939 sicut
683 3878 804 3938 dicitur
816 3877 1020 3947 timoratum,
1035 3875 1069 3935 et

273 3979 471 4056 apostolicae
495 3978 571 4038 Sedi
592 3977 746 4038 devotum
770 3976 805 4036 in
824 3975 890 4036 tuis
915 3975 1068 4050 precibus

274 4077 450 4146 exaudire,
475 4074 661 4136 venerabili
685 4073 781 4135 fratri
806 4075 921 4133 nostro
944 4071 1069 4132 Sleris-

275 4175 368 4237 censi
396 4173 561 4250 episcopo,
592 4173 625 4233 et
650 4172 769 4232 dilecte
798 4170 866 4231 illio
895 4168 1005 4230 abbati
1028 4169 1068 4230 de

274 4274 384 4346 Aurea
398 4271 509 4331 insula
525 4269 743 4331 Sleuiscensis
758 4268 922 4340 dioecesis,
937 4267 977 4328 de
992 4283 1069 4344 quo·

273 4385 347 4431 rum
370 4369 568 4431 discretione
588 4369 733 4444 gerimus
757 4367 912 4428 fiduciam
939 4366 1070 4444 plenio-

274 4485 357 4542 rem,
371 4469 487 4529 damus
503 4467 625 4528 nostris
646 4466 766 4527 litteris
790 4467 824 4526 in
842 4465 1017 4536 mandatis,
1034 4465 1070 4524 ut

275 4567 422 4645 pensatis
438 4566 470 4627 et
490 4565 709 4627 consideratis
732 4562 990 4625 circumstantiis
1010 4577 1072 4622 ne·

275 4666 357 4743 getii
372 4665 550 4734 universis,
570 4664 598 4724 si
612 4665 712 4725 terrae
725 4663 775 4723 illi
798 4662 965 4723 Livonicae
977 4659 1072 4720 vide-

274 4765 344 4826 rint
364 4764 532 4841 enpedire,
557 4779 596 4823 ac
622 4761 703 4823 utile
728 4761 788 4822 tibi
809 4760 880 4821 sore
904 4758 941 4821 ut
958 4759 1070 4819 decem

276 4865 316 4924 de
331 4861 523 4924 hominibus
535 4863 615 4934 tuis,
630 4877 769 4938 quorum
781 4859 977 4920 electionem
990 4857 1071 4934 ipsis

276 4962 310 5024 et
337 4961 403 5021 tuae
429 4959 613 5036 prudentiae
638 4959 793 5018 duximus
818 4955 1072 5033 relinquendam

276 5061 386 5122 tecum
400 5057 573 5120 transeant
599 5056 639 5117 ad
663 5055 835 5116 servitium
855 5057 933 5117 Jesu
952 5053 1073 5114 Christi

276 5159 395 5229 eidem,
420 5155 616 5216 auctoritate
646 5155 760 5216 nostra
794 5152 1073 5230 peregrinationis

277 5259 354 5318 voto
369 5255 506 5326 mutate,
519 5253 600 5330 ipsis
619 5252 767 5314 tribuant
781 5253 889 5312 tecum
905 5250 1074 5311 licentiam

277 5353 483 5425 transeundi,
499 5353 632 5429 proviso
648 5351 827 5428 prudenter
846 5366 887 5410 ne
899 5350 933 5409 in
947 5349 1074 5409 elusio-

278 5445 1073 5528 nemuoiiprinsemissialiquidattenteturdlat.

279 5549 447 5622 Laterani,
464 5551 539 5610 Vlll
562 5548 628 5610 hal.
645 5547 725 5610 iebr.
738 5547 949 5626 pontificatus
968 5544 1075 5608 nostri

279 5648 493 5726 aunoprime.

882 283 1058 345 HONORII
1072 283 1125 344 ,ΙΙΙ
1148 284 1294 348 OPERA.

1417 457 1611 549 clxxiii

1348 668 1400 728 Ad
1417 670 1455 729 G.
1473 671 1514 730 de
1526 673 1663 732 Aeonis.

1409 835 1445 894 26
1456 835 1517 910 jau.
1534 838 1614 897 ltll.

1157 955 1275 1020 [llegost.,
1287 955 1332 1009 lib.
1347 958 1367 1018 1,
1378 958 1452 1024 epist.
1463 959 1518 1012 200.
1534 961 1591 1012 llss.
1604 961 1769 1014 LaPortadn
1779 963 1871 1028 rhein.
1971 1036 1972 1045 ἵ

1116 1091 1149 1148 G.
1166 1088 1201 1148 de
1215 1090 1322 1150 Avenis
1345 1091 1456 1166 scribit,
1476 1109 1508 1153 se
1529 1095 1582 1154 sub
1603 1095 1769 1170 apostoliea
1793 1106 1898 1172 protec-
1971 1076 1972 1081 ἵ

1076 1234 1080 1248 ,
1152 1181 1229 1238 tione
1245 1196 1406 1255 personum,
1419 1183 1483 1258 jura
1497 1193 1526 1243 et
1539 1185 1614 1244 bonu
1630 1186 1702 1261 ejus,
1718 1187 1788 1245 dum
1802 1187 1839 1244 ad
1852 1191 1904 1246 Ter·

1151 1285 1214 1329 ram
1229 1271 1362 1331 Sanctam
1378 1288 1409 1331 se
1420 1273 1581 1346 transierat,
1598 1291 1662 1334 esse
1674 1282 1867 1350 recepturum.
1970 1295 1971 1342 ζ

1157 1433 1335 1505 Honorius,
1353 1432 1428 1506 etc,
1448 1431 1567 1494 dilecto
1582 1431 1651 1493 illio
1667 1435 1704 1494 G.
1719 1431 1902 1510 dossenis,
1970 1481 1971 1516 ζ

1118 1531 1270 1604 salutem,
1283 1531 1345 1594 etc.
1970 1537 1971 1544 ’

1158 1630 1249 1704 Quod
1265 1646 1331 1692 non
1350 1630 1525 1690 immemor
1543 1628 1724 1690 Dominicae
1746 1627 1902 1705 passionis

1120 1729 1153 1791 et
1176 1729 1242 1791 tuae
1270 1727 1507 1804 redemptionis
1541 1725 1693 1798 affectus,
1731 1724 1902 1788 salutifere

1120 1827 1229 1890 crucis
1240 1825 1446 1903 assumpsisti
1461 1825 1633 1897 vexillum,
1656 1825 1698 1885 ad
1710 1824 1804 1885 illius
1819 1823 1904 1884 obse-

1120 1927 1233 2003 quium
1266 1924 1473 2002 proiecturus
1512 1924 1549 1984 in
1582 1922 1767 1984 subsidium
1805 1925 1903 1983 Terre

1120 2026 1261 2096 Sanctae,
1278 2024 1335 2100 qui
1349 2022 1485 2085 tradidit
1506 2022 1719 2099 semetipsum
1739 2037 1801 2098 pro
1820 2020 1903 2081 nobis

1120 2123 1320 2184 oblationem
1350 2122 1383 2183 et
1410 2121 1552 2183 hostiam
1578 2124 1646 2181 Deo
1669 2119 1705 2180 in
1741 2118 1903 2180 suauitatis

1120 2207 1265 2293 odorem,
1284 2221 1491 2282 devotionem
1506 2220 1597 2280 tuam
1609 2219 1644 2279 in
1663 2217 1806 2279 Domino
1822 2233 1902 2278 com-

1120 2319 1325 2380 mendamus.
1349 2317 1392 2379 Ut
1416 2318 1517 2394 igitur
1532 2333 1551 2378 a
1566 2316 1661 2378 nobis
1675 2317 1711 2376 in
1724 2316 1781 2392 pio
1796 2331 1904 2392 propo-

1120 2417 1183 2478 sito
1215 2416 1371 2488 fovearis,
1405 2415 1688 2492 praedecessorum
1725 2414 1902 2475 nostrorum

1119 2514 1270 2591 uestigiis
1286 2513 1480 2574 inhaerendo
1494 2513 1680 2584 statuimus,
1702 2511 1739 2572 ut
1753 2511 1822 2572 tam
1836 2526 1902 2588 per-

1121 2629 1203 2674 sona
1219 2629 1317 2690 quam
1333 2611 1444 2673 omnia
1459 2609 1614 2672 bonatua
1627 2609 1754 2687 pariter
1765 2609 1801 2670 et
1820 2607 1903 2668 iami-

1121 2711 1206 2783 lia,a
1221 2711 1370 2786 tempore
1385 2709 1493 2771 crucis
1508 2707 1698 2784 assumpta,
1707 2705 1769 2766 sub
1776 2707 1904 2782 Aposto-

1121 2809 1194 2870 licae
1211 2808 1305 2870 Sedis
1320 2807 1352 2869 et
1367 2810 1481 2868 nostra
1502 2804 1705 2884 protectione
1721 2801 1901 2872 consistant,

1121 2907 1154 2970 et
1177 2907 1281 2967 donec
1306 2905 1345 2966 de
1362 2906 1419 2966 tuo
1431 2903 1540 2966 reditu
1553 2903 1606 2966 vel
1619 2901 1711 2964 obitu
1733 2901 1902 2963 certissime

1122 3004 1350 3082 cognoscatur,
1381 3003 1510 3078 integra
1545 3000 1702 3062 maneant
1730 3001 1763 3060 et
1795 2999 1900 3076 quieta,

1122 3102 1338 3164 nihilominus
1353 3099 1541 3161 inhibentes
1556 3115 1598 3160 ne
1611 3098 1729 3175 quisin
1743 3110 1903 3175 personam

1122 3201 1180 3261 aut
1192 3198 1353 3267 homines,
1367 3214 1425 3259 seu
1435 3198 1536 3260 etiam
1546 3199 1670 3258 terram
1681 3195 1772 3257 tuam
1785 3207 1903 3254 excon-

1123 3296 1356 3358 municationis
1371 3294 1424 3356 vel
1445 3293 1614 3357 interdicti
1633 3292 1831 3354 sententiam
1843 3291 1903 3350 sine

1123 3395 1298 3457 manifesta
1323 3395 1355 3455 et
1369 3392 1561 3454 rationabili
1581 3407 1683 3454 causa
1705 3389 1901 3468 promulgare

1123 3493 1312 3572 praesumat.
1337 3492 1431 3552 Nulli
1445 3506 1535 3568 ergo,
1558 3492 1632 3562 etc,
1650 3488 1773 3550 nostrae
1794 3483 1902 3548 consti-

1123 3591 1259 3654 tutionis
1286 3591 1327 3672 ,et
1361 3588 1582 3660 inhibitionis,
1608 3588 1670 3648 etc.
1690 3586 1724 3647 Si
1752 3586 1823 3663 quis
1848 3598 1899 3643 au-

1122 3692 1201 3763 tem,
1227 3689 1288 3750 etc.
1325 3688 1444 3749 Datum
1473 3685 1639 3757 Laterani,
1669 3687 1730 3746 Vll
1759 3680 1901 3744 kalendas

1123 3789 1296 3861 februarii,
1312 3785 1524 3865 pontificatus
1537 3784 1642 3846 nostri
1657 3799 1746 3844 anno
1761 3782 1868 3861 primo.

1430 3979 1620 4068 CLXXIV

1122 4205 1174 4265 Ad
1192 4201 1380 4270 cultiorem,
1403 4196 1640 4258 succentorem
1662 4193 1695 4254 et
1719 4195 1760 4253 Α.
1781 4189 1902 4252 cozolti-

1347 4312 1426 4358 etou
1446 4297 1722 4357 Noetomerascm.

1423 4435 1458 4494 26
1474 4434 1536 4507 jan.
1554 4433 1632 4490 lili.

1157 4585 1277 4650 thegen„
1287 4580 1332 4631 lib.
1345 4580 1364 4638 l,
1378 4578 1451 4644 epist.
1466 4576 1521 4626 ael.
1535 4577 1591 4626 blss.
1608 4575 1645 4626 La
1657 4574 1733 4624 Porte
1748 4572 1781 4623 du
1796 4569 1879 4631 Tlieill.

1126 4721 1168 4778 Ne
1191 4717 1355 4792 permittant
1380 4726 1510 4781 uxorem,
1533 4708 1680 4778 familiam,
1702 4707 1748 4765 vel
1772 4707 1843 4764 bons
1866 4701 1902 4757 W·

1162 4807 1275 4866 comitis
1293 4803 1329 4861 de
1341 4802 1448 4860 Avenis
1464 4799 1666 4874 crnsesignoti‚
1678 4796 1802 4870 aliquam
1815 4795 1842 4851 in
1855 4791 1904 4863 ejus

1164 4895 1290 4954 absentia
1308 4893 1365 4966 pati
1380 4890 1550 4948 molestiam.

1168 5059 1346 5130 Honorius,
1361 5055 1436 5126 etc,
1453 5051 1582 5114 dilectis
1597 5050 1676 5110 liliis
1692 5047 1826 5118 cantori,
1842 5055 1906 5104 suc-

1129 5156 1266 5227 centori,
1285 5155 1318 5215 et
1331 5155 1369 5214 A.
1389 5151 1549 5213 canonico
1562 5148 1757 5210 Noviomeu.
1972 5215 1973 5220 ἵ

1155 5241 1249 5316 'Cum
1265 5251 1421 5313 dilectum
1445 5249 1550 5308 filium
1573 5245 1717 5306 nobilem
1737 5243 1838 5304 virum
1860 5233 1904 5292 W·
1972 5235 1973 5318 i

1130 5355 1170 5416 de
1183 5351 1305 5414 Avenis
1327 5347 1592 5422 crucesignatum
1608 5360 1683 5405 cum
1698 5356 1807 5410 nuere,
1821 5330 1906 5396 iani·
1972 5351 1973 5366 ¹

1130 5455 1176 5514 lia
1191 5454 1223 5512 et
1246 5448 1397 5511 omnibus
1412 5445 1508 5506 bonis
1529 5444 1598 5504 snIs
1623 5443 1797 5518 atempore
1811 5428 1906 5496 crucis

1131 5552 1308 5627 assumptae
1331 5545 1391 5608 sub
1415 5542 1619 5623 protectione
1635 5538 1817 5618 Apostolica
1839 5543 1907 5590 sus-

1132 5651 1328 5730 ceperimus,
1343 5647 1389 5717 ut,
1405 5643 1509 5705 donec
1524 5642 1563 5704 de
1580 5656 1640 5702 suo
1656 5633 1812 5702 redituuel
1825 5625 1906 5691 obitu
