3988 6308
85 343 135 406 rot
691 341 920 406 EPISTOLAE.
944 346 1023 408 ΜΒ.
1047 350 1071 410 1.

84 497 214 569 retentis,
229 496 264 560 in
278 495 393 558 ordine
417 513 481 576 pro'
501 501 568 560 Deo
591 500 725 573 serviat,
742 503 860 580 etpost
913 507 1013 569 tionis
1028 507 1209 585 intringere
1222 511 1274 572 vel
1287 511 1318 572 ei
1333 528 1417 573 ausu
1430 512 1609 576 temerario
1625 531 1708 578 con-

85 613 201 667 annum,
221 594 248 654 si
271 593 393 656 bonum
417 597 450 658 et
473 599 675 660 conveniens
706 601 860 663 videatur
913 605 1026 667 traire.
1055 607 1089 668 Si
1107 608 1181 684 quis
1207 609 1317 671 autem
1343 609 1405 672 hoc
1434 611 1597 674 attentare
1625 629 1713 690 prae·

83 695 218 757 ministro
231 692 346 756 domus
361 695 395 755 et
408 694 566 756 tratribus
590 699 624 758 et
644 697 704 769 illi,
720 699 754 759 et
767 699 859 760 locus
915 706 1092 781 sumpserit
1111 705 1372 782 indignationem
1388 710 1623 788 omnipotentis
1638 712 1709 784 Dei,

84 790 232 856 vacaverit
254 790 446 868 recipiatur.
474 793 569 855 Nihil
590 795 702 856 13111311
722 810 781 873 pro
805 811 861 858 re·
915 817 954 862 ac
979 801 1150 864 beatorum
1180 805 1270 866 Petri
1300 807 1333 868 et
1365 807 1461 868 Pauli
1485 809 1711 884 apostolorum

83 890 215 967 ceptione
229 903 288 950 sua
303 889 467 965 exigatur.
490 891 525 952 Si
538 891 616 969 quid
629 892 740 954 tamen
756 894 860 970 gratis
915 901 988 976 ejus
1012 917 1048 962 se
1070 902 1201 964 noverit
1225 903 1446 966 incursurum.
1477 909 1595 968 Datum
1621 909 1713 970 hate-

1651 357 1711 417 238

82 988 204 1059 dederit,
223 987 419 1064 recipiatur;
445 988 523 1050 dum
546 998 657 1052 tamen
679 991 746 1054 tale
765 992 860 1054 sitde
914 998 1001 1068 rani,
1016 999 1130 1076 quinto
1146 1000 1220 1062 idus
1232 999 1403 1076 februarii,
1415 1004 1626 1079 pontificatus
1638 1023 1712 1068 nos-

81 1101 135 1164 que
145 1085 859 1164 nonvideaturecclesiaelitigiumimminere.
916 1096 958 1158 tri
974 1111 1063 1158 anno
1078 1098 1195 1174 primo.

81 1185 193 1246 Sivero
215 1183 255 1244 de
278 1183 450 1261 cuiusdam
470 1186 618 1248 moribus
640 1187 749 1249 visum
762 1187 863 1251 luerit

80 1280 290 1353 dubitandum,
303 1281 466 1358 prolixior
477 1284 565 1346 deeo
577 1285 726 1361 probatio
738 1287 863 1349 habea-

80 1381 135 1441 tur.
150 1378 182 1440 si
192 1378 268 1440 ante
282 1380 508 1458 receptionem
521 1381 644 1460 aliquis
654 1400 690 1446 se
700 1384 863 1463 intempe-

1251 1316 1388 1404 CCVII

78 1479 179 1538 ranter
190 1475 356 1550 habuerit,
372 1478 405 1540 et
427 1479 603 1556 impatiens
618 1481 815 1559 disciplinae,
830 1483 863 1546 et
916 1486 969 1546 Ad
981 1485 1136 1547 abbatem
1154 1488 1426 1561 conventumque
1439 1490 1474 1550 S.
1486 1492 1612 1551 Moatra
1625 1491 1659 1552 ot
1669 1493 1714 1552 od

79 1575 114 1634 ad
126 1573 297 1636 arbitrium
312 1575 457 1639 ministri
472 1593 540 1638 nou
551 1579 777 1642 emendaverit
791 1597 864 1643 mo-

76 1688 123 1732 res
135 1688 220 1745 suos,
243 1673 411 1736 tribuatur
422 1675 454 1736 ei
476 1676 624 1738 modeste
639 1678 774 1741 licentia
788 1695 863 1741 cum

77 1769 215 1832 omnibus
237 1787 313 1848 quae
335 1772 457 1844 attulit,
475 1774 663 1836 recedendi.
688 1779 725 1837 In
747 1777 864 1840 ordine

1108 1587 1297 1662 hairoldum
1311 1589 1518 1660 episcopam.

1207 1749 1311 1809 ssent.
1330 1753 1409 1810 1217.

75 1883 145 1928 vero
155 1868 276 1947 aliquis
285 1885 351 1932 non
360 1871 542 1948 recipiatur
551 1873 728 1951 antequam
738 1890 863 1936 annum
919 1873 1712 1946 [debboraspiscopcmims.tunnettafflrohanrt,n.aa]

74 1965 214 2028 videatur
225 1967 427 2043 vigesimum
441 1971 670 2047 complevisse.
693 1972 792 2034 Prote

73 2064 187 2126 veroin
201 2065 343 2130 arbitrio
359 2067 503 2130 ministri
515 2069 733 2147 relinquatur.

106 2163 125 2236 ἕ
143 2163 171 2223 8.
195 2163 342 2239 Pignora
357 2181 424 2226 non
439 2166 616 2244 accipiant,
634 2167 701 2230 nisi
716 2168 863 2231 decimas

73 2273 139 2318 cum
162 2259 300 2322 licentia
330 2262 562 2340 corepiscopi,
585 2264 626 2325 de
647 2281 749 2326 manu
772 2265 861 2327 laici.

71 2356 257 2420 iuramenta
271 2373 337 2421 non
352 2358 477 2422 iaciant
491 2361 556 2422 nisi
566 2362 601 2422 in
617 2379 737 2439 magna
752 2379 864 2425 neces·

73 2452 170 2526 sitate,
186 2455 220 2516 et
238 2471 316 2516 cum
338 2455 473 2518 licentia
485 2452 643 2527 ministri,
659 2459 713 2521 vel
720 2462 808 2538 jussi
822 2461 864 2522 311

71 2549 215 2629 episcopo
232 2569 308 2624 suo,
326 2553 379 2614 vel
400 2553 442 2615 ab
461 2556 528 2616 alio
552 2556 642 2618 vices
658 2559 864 2634 apostolicas

71 2650 207 2722 gerente,
224 2651 263 2712 et
276 2651 339 2713 hoc
351 2667 410 2728 pro
430 2651 569 2714 honesta
587 2656 620 2716 et
641 2656 734 2732 Justa
749 2671 862 2718 causa.

72 2743 102 2804 Si
120 2747 203 2823 quod
227 2749 349 2810 vitium
364 2748 400 2810 in
418 2764 467 2819 re,
479 2767 553 2827 quas
567 2752 733 2825 venditur,
749 2755 863 2816 notum

71 2841 171 2916 tuerit,
196 2845 366 2907 indicetur
389 2849 540 2924 emptori.
566 2851 758 2927 Depositum
776 2851 862 2925 auri,

71 2940 119 3000 vel
130 2944 273 3018 argenti,
288 2944 341 3005 vel
351 2945 500 3021 pecuniae
515 2961 582 3008 uon
594 2946 753 3009 liceateis
765 2949 866 3010 susci-

72 3053 154 3111 pere.
170 3043 246 3118 lpsa
266 3041 319 3102 die
332 3058 396 3119 qua
411 3043 563 3104 infirmus
578 3046 717 3118 venerit,
731 3047 786 3108 vel
801 3063 865 3125 ap-

73 3137 215 3210 portatus
231 3138 347 3214 suerit,
363 3139 404 3202 de
419 3142 563 3218 peccatis
575 3142 644 3204 suis
657 3141 871 3217 confiteatur,

68 3235 98 3293 et
109 3237 341 3298 communicet.
355 3239 450 3301 Omni
463 3239 609 3300 secunda
618 3239 702 3302 seria
714 3239 868 3320 (praeter-

67 3347 159 3406 quam
173 3335 210 3396 in
226 3335 358 3396 octavis
374 3337 523 3410 Paschae,
541 3338 574 3398 et
595 3339 816 3413 Pentecostes,
835 3341 868 3404 et

67 3430 261 3495 Nativitatis
284 3434 426 3507 Domini,
454 3435 487 3496 et
528 3437 798 3499 circumcisionis
835 3441 869 3501 st

64 3529 274 3606 Epiphaniae,
294 3532 326 3595 et
347 3535 569 3610 praeterquam
583 3535 618 3594 in
633 3535 867 3598 festivitatibus

64 3641 133 3702 quae
159 3628 202 3690 ad
236 3629 416 3690 colendum
447 3631 736 3712 pronunciantur),
773 3634 868 3695 linita

62 3724 162 3786 missa
185 3744 251 3804 pro
271 3727 434 3797 fidelibus,
455 3729 513 3792 liat
535 3729 699 3792 absolutio
721 3731 869 3813 fidelium

62 3820 300 3888 detunctorum
311 3825 347 3886 in
363 3827 564 3888 coemeterio.
577 3827 725 3904 Singulis
740 3843 870 3907 quoque

60 3922 214 3983 noctibus
229 3922 278 3984 ad
298 3922 409 3984 minus
429 3923 464 3986 iu
488 3924 646 4002 hospitali
661 3941 773 3988 coram
786 3942 871 4005 pau·

60 4018 195 4093 peribus
207 4035 275 4098 pro
290 4021 379 4082 statu
393 4022 426 4083 31
439 4037 521 4099 pace
535 4025 568 4085 S.
581 4025 739 4086 Romanae
752 4026 869 4087 Eccle-

58 4114 115 4176 siae
130 4119 164 4179 et
178 4119 290 4180 totius
299 4118 571 4193 Christianitatis,
579 4122 613 4184 et
621 4121 871 4199 probeneiacto-

59 4213 150 4276 ribus
161 4217 197 4278 et
205 4215 335 4296 prohis
342 4231 402 4293 pro
414 4217 533 4295 quibus
542 4220 709 4295 generalis
723 4221 871 4284 Ecclesia

57 4316 241 4378 consuevit
257 4329 357 4376 orare
370 4317 556 4378 communis
569 4316 628 4380 liat
640 4319 758 4382 oratio.

92 4410 113 4488 ἕ
134 4414 165 4474 9.
192 4415 234 4476 111
251 4411 466 4490 regularibus
492 4413 585 4476 horis
600 4429 726 4478 morem
741 4419 776 4478 B.
793 4416 872 4478 Vic-

53 4509 135 4570 toris
150 4510 360 4584 observent·
380 4511 447 4574 nisi
472 4511 556 4576 torte
579 4514 804 4591 pausationes,
818 4515 872 4577 vel

53 4605 129 4670 aliae
143 4608 382 4687 prolixitates,
399 4611 453 4672 vel
471 4611 609 4689 vigiliae,
627 4611 802 4674 occasione
817 4612 870 4673 la-

52 4702 145 4768 boris
174 4709 212 4770 31
238 4707 421 4785 paucitatis
446 4710 649 4772 serventium
672 4709 712 4772 de
731 4709 872 4773 consilio

52 4803 213 4880 priorum
222 4805 263 4868 et
279 4806 514 4882 religiosorum
524 4808 672 4869 virorum
682 4807 873 4871 fuerintre-

53 4903 247 4966 mittendae.
265 4905 407 4981 Propter
419 4904 621 4982 paucitatem
634 4907 757 4969 etenim
777 4922 873 4969 suam

50 4999 164 5064 tantas
185 5000 413 5080 pausationes
436 5002 472 5063 in
492 5003 665 5084 psallendo
681 5003 791 5066 facere
807 5021 873 5066 non

793 1974 863 2036 ⁵⁵1⁰
918 2009 1159 2084 Compositionem
1181 2011 1253 2067 inter
1274 2009 1405 2070 abbatem
1427 2021 1658 2086 conventumque
1677 2013 1713 2072 dc

953 2099 1049 2156 Monte
1065 2099 1092 2155 S.
1107 2099 1254 2173 llariaeer
1263 2105 1342 2172 parte
1354 2113 1422 2168 una,
1431 2100 1621 2158 ethrnoldum
1633 2102 1710 2174 epis·

953 2199 1056 2257 copum
1078 2184 1243 2244 curiensem
1259 2198 1293 2241 ex
1309 2186 1408 2254 altera,
1429 2202 1514 2260 super
1536 2189 1656 2245 ecclesia
1677 2187 1713 2246 de

944 2273 1103 2346 ¹burgusio
1118 2273 1348 2346 possessionibus
1360 2281 1388 2332 et
1398 2275 1482 2356 rebus
1497 2276 1560 2332 aliis
1575 2276 1712 2334 amicabi-

953 2364 1017 2422 liter
1032 2362 1131 2420 initem
1144 2362 1304 2420 contlrmet.

958 2509 1062 2571 Justis
1086 2509 1267 2586 petentium
1296 2508 1470 2570 desideriis
1492 2509 1628 2586 dignum
1652 2513 1713 2584 est,

919 2623 979 2668 nos
995 2605 1092 2668 facile
1112 2606 1261 2684 praebere
1277 2623 1486 2680 consensum,
1502 2609 1535 2670 et
1549 2611 1626 2670 vota
1642 2626 1716 2687 quaa

920 2704 1092 2766 arationis
1107 2705 1240 2766 tramite
1253 2720 1319 2765 non
1339 2705 1540 2777 discordant,
1561 2705 1715 2768 effectum

920 2801 1156 2878 prosequentes
1185 2799 1360 2876 complere.
1386 2802 1578 2877 Eapropter,
1604 2799 1716 2864 dilecti

920 2896 955 2957 in
971 2897 1109 2958 Domino
1132 2897 1204 2969 tilii,
1221 2897 1344 2958 vestris
1356 2898 1456 2974 justis
1482 2898 1636 2976 precibus
1660 2899 1717 2960 in·

921 2995 1036 3058 clinati
1057 2995 1331 3072 compositionem
1357 2996 1445 3057 inter
1470 3013 1529 3058 vos
1553 3013 1597 3058 ex
1624 2999 1717 3074 parte

921 3109 997 3165 una,
1019 3093 1052 3154 et
1065 3092 1289 3154 venerabilem
1307 3091 1442 3154 tratrem
1465 3096 1614 3156 nostrum
1633 3096 1719 3172 epis-

922 3207 1039 3268 copum
1059 3191 1252 3252 Curiensem
1271 3208 1314 3252 ex
1328 3191 1444 3264 altera,
1462 3208 1561 3270 super
1576 3191 1719 3256 ecclesia

920 3289 962 3352 de
984 3289 1157 3365 Burgusio‚
1182 3289 1450 3367 possessionibus
1467 3291 1500 3353 et
1520 3290 1619 3352 rebus
1642 3291 1718 3353 aliis
1795 3287 1801 3298 '

923 3386 1143 3448 amicabiliter
1168 3387 1303 3460 initam,
1334 3387 1420 3450 sicut
1452 3388 1525 3450 sine
1554 3390 1719 3467 pravitate

922 3485 1059 3562 provide
1074 3484 1160 3547 tacta
1171 3487 1231 3558 est,
1247 3485 1279 3547 et
1291 3485 1332 3547 ab
1348 3487 1488 3564 utraque
1496 3489 1590 3564 parte
1602 3490 1719 3565 sponte

923 3585 1067 3660 recepta,
1082 3585 1114 3646 et
1124 3583 1284 3645 hactenus
1296 3583 1433 3660 pacifice
1444 3584 1629 3658 observata,
1645 3601 1721 3646 auc-

923 3681 1057 3743 toritate
1072 3681 1255 3758 apostolica
1270 3681 1504 3742 confirmamus
1520 3684 1553 3743 et
1573 3698 1722 3758 praesen-

924 3778 1028 3840 sentis
1040 3777 1155 3854 scripti
1164 3777 1350 3856 patrocinio
1362 3779 1616 3840 communimus
1628 3779 1721 3840 Nulli

924 3891 1004 3953 ergo
1030 3876 1164 3946 omnino
1193 3875 1364 3936 hominum
1384 3875 1484 3938 liceat
1508 3877 1595 3940 hanc
1623 3877 1721 3956 pagi-

924 3991 1013 4048 nam,
1030 3975 1092 4036 etc.

1245 4172 1404 4261 CCVIII

1025 4345 1078 4406 Ad
1095 4345 1391 4418 archiepiscopum
1414 4343 1623 4405 Toletauum.

1221 4508 1328 4568 9sebr.
1351 4510 1430 4568 1217.

959 4635 1031 4702 [Cod.
1047 4633 1175 4697 11113931,
1195 4648 1222 4699 p.
1234 4633 1275 4683 97.
1292 4633 1693 4698 1133811113111311311311311313]

928 4771 961 4829 ni
980 4769 1130 4828 confirmat
1154 4769 1248 4843 plures
1274 4765 1385 4836 domos,
1411 4768 1523 4838 vineas,
1550 4767 1724 4838 molendina,

980 4858 1096 4917 furnum
1115 4864 1144 4915 et
1160 4857 1215 4915 alia
1232 4873 1295 4930 qua
1314 4856 1460 4930 sigillatim
1478 4863 1671 4915 recensentur.

969 5005 1049 5065 Cum
1064 5019 1085 5063 a
1099 5001 1194 5064 nobis
1209 5001 1342 5080 petitur,
1360 5001 1449 5063 etc...
1472 5017 1580 5076 tcsqrra
1602 5017 1723 5064 assen-

51 5097 283 5172 tenebuntur,
306 5114 368 5162 nec
388 5101 436 5162 ita
459 5101 654 5178 tempestive
669 5117 820 5178 surgere.
836 5105 874 5164 In
929 5117 1013 5171 sum,
1029 5101 1154 5172 domos,
1168 5099 1295 5171 vineas,
1313 5099 1514 5172 molendina,
1532 5099 1678 5172 turnum,
1694 5100 1730 5162 et

50 5207 177 5260 rasura
201 5196 368 5260 similiter
397 5199 546 5260 ordinem
583 5201 616 5262 S·
640 5199 785 5262 Victoris
815 5216 874 5262 se-

50 5297 206 5370 quantur
234 5295 367 5371 clerici,
387 5295 466 5358 laici
480 5312 562 5358 vero
586 5296 707 5358 barbas
727 5313 793 5359 non
813 5314 874 5360 ra-

48 5393 142 5467 dant,
167 5393 316 5456 sedeas
335 5410 485 5455 crescere
504 5394 651 5458 modeste
670 5396 873 5473 permittant.

928 5199 1075 5261 Aldecan
1090 5197 1131 5259 de
1154 5197 1309 5269 Alcaran,
1333 5195 1447 5258 domos
1469 5197 1502 5259 et
1525 5197 1727 5264 molendina,

930 5297 971 5358 de
987 5299 1092 5358 Turre
1114 5294 1174 5355 sub
1193 5294 1274 5356 villa
1293 5295 1437 5367 vineam,
1462 5294 1586 5366 hortos,
1613 5309 1728 5356 servas

932 5393 1141 5456 Sublerolam
1162 5409 1237 5453 cum
1261 5391 1414 5453 omnibus
1438 5391 1589 5453 terminis
1605 5392 1675 5452 suis
1692 5392 1728 5452 in

930 5493 1079 5563 blancos,
1092 5491 1243 5552 Castrum
1257 5489 1296 5550 de
1310 5489 1472 5550 miraculo
1487 5505 1560 5550 cum
1576 5487 1729 5550 omnibus

88 5592 194 5654 Nulli
211 5605 302 5667 ergo
325 5591 458 5654 omnino
482 5592 654 5655 hominum
673 5593 774 5658 liceat
790 5595 877 5658 banc
932 5589 1082 5652 terminis
1097 5588 1168 5650 suis
1183 5587 1311 5650 scilicet
1326 5587 1365 5647 de
1379 5589 1494 5658 Turre,
1509 5586 1550 5648 de
1566 5589 1670 5663 Orgaz
1686 5586 1728 5648 ad

45 5689 224 5768 paginam
253 5691 379 5751 nostrae
403 5691 641 5766 concessionis,
666 5693 699 5755 et
714 5693 877 5756 constitu-

191 5869 322 5917 rn'rnec.
343 5858 464 5916 ronsll.

932 5689 1098 5752 Hievenes
1122 5685 1155 5748 31
1175 5683 1339 5749 hlbanuel
1355 5687 1387 5748 et
1399 5683 1505 5747 tontes
1523 5684 1563 5746 de
1579 5683 1730 5747 Rabonat

1590 5839 1618 5897 9.
