3994 6326
262 289 320 350 127
699 307 700 310 κ
725 278 902 344 acuonu
923 279 970 344 111
991 277 1139 342 ornus.
1157 307 1195 324 -
1212 278 1445 344 saumones.
1856 285 1907 347 123

261 447 417 527 Spiritus,
437 446 606 524 totamque
631 439 795 504 familiam
809 439 851 504 ad
865 439 1060 519 obsequium
1115 443 1176 504 dias
1189 443 1277 504 racis
1292 439 1362 522 (Ps.
1384 442 1436 512 22,
1457 438 1524 523 23).
1548 441 1611 506 illc
1630 440 1782 522 loquitur
1795 443 1837 506 ad
1850 447 1911 508 Pa-

262 547 316 609 sui
329 544 486 626 disponit.
1114 540 1199 604 trem
1215 541 1264 601 :0
1290 540 1391 602 Pater
1419 555 1480 617 ego
1509 539 1653 604 narrabo
1677 555 1804 604 nomen
1823 543 1909 606 tuum

302 645 397 708 Unde
419 641 655 706 conuenienter
677 638 786 719 potest
807 637 875 700 dici
896 637 936 700 da
963 637 1059 700 heato
1114 636 1273 699 fratribus
1299 638 1394 712 meis,
1418 639 1504 701 idest
1526 638 1693 718 Apostolis
1714 639 1751 703 et
1776 641 1910 704 creden-
1974 669 1975 678 .

262 743 378 816 Paulo,
395 741 482 820 quod
496 739 656 820 scriptum
672 738 723 800 θεῖ
744 737 780 799 in
801 735 1057 800 Ecclesiastico:
1113 734 1213 797 tibus.
1241 737 1358 800 Frater
1377 736 1555 815 adjuvatur
1582 753 1603 801 a
1630 736 1753 813 tratre,
1784 739 1910 818 mrando

263 861 282 904 ‹<
303 841 405 915 Quasi
428 855 488 902 vas
517 838 592 900 auri
622 837 766 900 solidum
792 836 946 899 ornatum
970 835 1060 897 omni
1114 833 1213 896 homo
1226 834 1592 914 adjuvaturailhristo.
1613 836 1738 916 Etipse
1753 840 1807 899 θεῖ
1820 839 1911 917 quasi

261 940 412 1018 «lapide
436 937 595 1017 pretioso.
616 953 634 997 s
656 938 783 997 Aurum
811 934 979 1012 siguificat
1003 949 1060 995 sa·
1115 931 1233 994 civitas
1255 932 1362 1007 firma,
1379 934 1458 1012 quia
1479 950 1577 997 nemo
1590 933 1700 1012 potest
1719 935 1754 997 ei
1782 951 1908 1009 nocere,

249 1039 436 1119 pientiam,
453 1036 540 1098 sicut
562 1033 643 1097 dicit
667 1033 846 1096 Salomon:
864 1037 1060 1096 ileesaurus
1114 1046 1211 1108 quem
1234 1034 1322 1094 Deus
1345 1031 1416 1095 virli
1439 1033 1618 1096 custodire.
1644 1033 1771 1096 Beatus
1791 1035 1911 1096 Paulus

260 1138 495 1201 desiderabitis
525 1133 711 1208 requiescit
737 1135 776 1194 ia
800 1146 861 1194 ore
892 1131 1060 1208 sapientis
1114 1127 1178 1192 suit
1203 1130 1322 1194 civitas
1345 1130 1534 1205 abundans,
1559 1131 1638 1212 quia
1666 1147 1772 1210 super
1802 1145 1911 1194 omnes

261 1235 374 1317 (Prov.
390 1250 462 1306 xxi,
479 1230 544 1313 20).
559 1231 681 1294 Beatus
695 1231 820 1293 Paulus
835 1229 899 1292 luit
909 1245 969 1292 vas
984 1229 1059 1292 auri
1114 1226 1295 1294 abundavit
1320 1229 1411 1292 omni
1435 1229 1618 1310 sapientia,
1646 1229 1857 1308 eloquentia,
1883 1232 1912 1292 θῖ

260 1336 394 1414 plenum
410 1331 585 1410 sapientia.
603 1329 697 1394 Unde
717 1329 807 1391 canit
822 1327 969 1392 Ecclesia
988 1331 1059 1390 :Tu
1114 1325 1276 1390 doctrina.

260 1449 297 1495 es
320 1447 383 1493 eas
405 1431 590 1502 electionis,
616 1429 740 1491 Sancte
760 1432 870 1490 Paule
888 1428 1056 1503 apostola,
1497 1461 1553 1550 XI

259 1531 471 1608 predicator
495 1528 657 1592 ueritatis
676 1531 713 1590 ln
731 1531 896 1590 uniuerso
917 1529 1055 1588 arcade.

262 1632 301 1692 Et
314 1629 401 1691 sicut
414 1643 474 1690 vas
489 1627 564 1688 auri
579 1626 630 1689 est
642 1625 817 1704 pulchrum
831 1624 864 1688 θῖ
876 1625 1058 1702 pretiosum
1200 1651 1246 1712 IN
1268 1651 1488 1714 CATHEDRA
1510 1651 1659 1714 SANCTI
1680 1655 1823 1715 PETRI·

261 1729 302 1790 ad
326 1726 505 1790 videndum
524 1725 557 1787 et
581 1723 820 1803 reponendum,
838 1723 883 1785 ita
907 1723 1058 1786 doctrina

260 1827 294 1890 et
306 1826 478 1903 Scriptura
496 1822 585 1886 heati
600 1823 699 1884 Pauli
713 1823 764 1884 θεῖ
778 1822 917 1901 pulchra
935 1823 968 1884 et
982 1838 1060 1900 pre-
1159 1822 1256 1884 Verrii
1283 1823 1385 1884 Jcsacs
1407 1823 1446 1883 iu
1469 1823 1594 1897 paries
1627 1824 1803 1885 Caesarece
1830 1824 1912 1885 Pht-

259 1927 348 1988 tiosa
372 1925 413 1986 ad
431 1921 633 1985 audiendum
655 1922 688 1983 et
713 1921 891 1998 legendum
917 1922 949 1983 θῖ
971 1920 1057 1983 reti·
1111 1922 1207 1996 lippi,
1229 1919 1265 1983 et
1283 1921 1515 1998 interroaaoit
1533 1923 1715 1998 discipidcs
1739 1936 1836 1994 suos,
1863 1923 1913 1981 di-

259 2024 416 2086 ncndum.
429 2022 470 2084 Ei
483 2020 569 2083 sicut
578 2018 660 2083 illud
676 2035 735 2082 vas
743 2019 817 2080 auri
829 2019 892 2082 tuit
904 2019 1057 2082 ornatum
1112 2031 1192 2080 cens
1213 2019 1350 2085 :Quem
1370 2019 1488 2081 dicarat
1511 2021 1668 2082 honines
1689 2034 1767 2082 esse
1787 2021 1912 2080 Filiam

259 2122 350 2186 omni
365 2120 475 2199 lapide
490 2119 647 2198 pretioso,
663 2117 712 2180 ita
726 2117 842 2181 heatus
856 2118 981 2182 Paulus
996 2117 1059 2179 luit
1111 2118 1260 2180 hominis
1275 2113 1406 2195 (Matth.
1422 2131 1494 2190 xm,
1511 2113 1576 2196 13).

258 2221 396 2284 ornatus
418 2217 594 2297 sapientia,
620 2217 771 2290 scientia,
795 2232 895 2294 opere
920 2218 953 2278 θῖ
979 2217 1059 2279 doc-
1152 2215 1305 2278 Caesarea
1334 2213 1479 2294 Philippi
1508 2215 1626 2277 civitas
1650 2215 1701 2278 est
1726 2215 1819 2277 inter
1846 2213 1913 2274 ter-

259 2321 360 2382 trina.
387 2317 557 2395 Sapientia
581 2315 615 2378 et
641 2314 797 2389 scientia,
824 2315 902 2393 quia
930 2315 1057 2395 ipsein
1112 2313 1220 2375 minos
1234 2312 1476 2392 Judaeae,quam
1491 2313 1666 2393 Philippus
1681 2311 1864 2375 aedificavit
1878 2311 1910 2372 in
1974 2333 1975 2366 ε

258 2417 398 2480 scientia
418 2417 451 2478 et
474 2413 638 2492 sapientia
657 2430 727 2492 prae
753 2415 881 2476 cunctis
909 2413 1055 2476 emicuit.
1112 2410 1272 2473 honorem
1293 2409 1418 2474 Tiberii
1432 2411 1592 2486 Caesaris,
1614 2411 1671 2473 uhi
1688 2409 1851 2474 Jordanis
1872 2403 1910 2470 ad
1974 2405 1975 2476 ξ

257 2519 305 2579 Ι)θ
329 2513 493 2591 sapientia
516 2511 588 2590 ipse
614 2511 662 2575 ait
678 2513 920 2588 :Sapientiam
939 2517 1058 2588 maeror
1111 2508 1259 2572 radicem
1278 2508 1397 2572 Libani
1422 2509 1538 2572 oritur.
1562 2511 1714 2572 Caesarea
1740 2509 1909 2586 interpre-

259 2614 354 2676 iuter
375 2609 547 2686 perfectos
571 2606 600 2688 (l
620 2610 694 2670 Cor.
720 2624 756 2681 11,
781 2607 827 2689 6).
848 2611 895 2672 Ι)θ
915 2609 1056 2672 scientia
1112 2607 1202 2670 tatur
1214 2607 1382 2686 possessio
1395 2607 1567 2686 principis,
1582 2607 1668 2670 idest
1678 2609 1752 2681 Dei,
1765 2609 1801 2671 et
1815 2604 1911 2668 hahet

257 2711 330 2790 ipse
351 2707 457 2770 dixit:
474 2706 649 2769 Eectstimo
672 2709 790 2768 omitia
808 2706 1057 2770 detrimentum
1111 2704 1275 2783 triplicem
1304 2704 1593 2784 significationem.
1622 2706 1800 2784 Significat
1825 2705 1910 2766 enim

257 2821 333 2872 esse
357 2804 506 2882 propter
531 2803 741 2866 eminentem
770 2804 951 2866 scientiam
973 2808 1057 2867 lesa
1112 2805 1292 2868 Ecclesiam
1313 2804 1479 2878 Sanctam,
1504 2803 1634 2867 fidelem
1653 2806 1816 2877 animam,
1840 2819 1909 2865 coe-

195 2913 201 2922 ·
259 2905 390 2970 Christi
414 2900 551 2982 (Philip.
577 2901 631 2974 m,
656 2899 702 2981 8).
726 2903 843 2980 Opere,
867 2903 945 2980 quia
971 2902 1058 2966 sicut
1112 2903 1228 2964 testem
1249 2903 1402 2980 patriam.
1418 2903 1539 2964 Sancta
1558 2902 1706 2964 Ecclesia
1721 2903 1910 2982 appellatur

258 3004 330 3082 ipse
344 3001 413 3064 ait:
431 3005 515 3062 Pius
538 3002 696 3062 ararathes
716 3001 886 3074 apostatis
903 3004 1057 3064 iadoraei
1112 3003 1275 3070 Caesarea,
1287 2999 1384 3076 idest,
1400 3000 1567 3079 possessio
1582 3000 1756 3079 principis,
1773 3001 1852 3078 quia
1862 2997 1910 3058 est

259 3100 290 3182 (Ι
305 3104 379 3164 Cor.
394 3117 439 3173 lv,
457 3097 522 3178 10).
538 3098 755 3175 Evangelium
769 3098 859 3160 enim
874 3099 1010 3176 regibus
1024 3101 1057 3162 et
1111 3098 1289 3161 haereditas
1309 3098 1434 3160 Summi
1451 3098 1623 3178 principis,
1640 3099 1727 3161 idest
1747 3099 1821 3162 Dei.
1839 3101 1909 3175 lpse

257 3197 462 3278 principibus
477 3197 510 3258 θῖ
532 3197 567 3258 ῖι]
589 3197 658 3258 toto
680 3196 760 3258 orbe
774 3199 908 3275 portare
922 3197 955 3260 et
968 3214 1057 3276 prae·
1110 3197 1198 3258 enim
1218 3197 1324 3275 ipsam
1340 3197 1420 3259 colit
1435 3196 1469 3259 et
1491 3197 1661 3276 compluit.
1678 3196 1764 3260 Colit
1778 3193 1907 3276 quando
1931 3253 1932 3256 ,

259 3299 372 3361 dicare
385 3312 452 3358 uon
464 3293 627 3356 dubitavit
640 3310 700 3372 pro
712 3295 845 3356 nomine
863 3297 953 3358 Jesu.
970 3298 1056 3359 Doc-
1110 3294 1251 3356 destruit
1276 3295 1389 3372 spinas
1404 3295 1437 3357 et
1450 3294 1602 3368 tribulos,
1631 3294 1728 3370 idest,
1755 3293 1907 3359 homines

256 3397 357 3468 trina,
375 3392 453 3472 quia
481 3392 591 3470 nullus
617 3392 664 3455 ita
678 3392 791 3456 docuit
808 3393 843 3455 θῖ
864 3392 1056 3457 informavit
1110 3409 1296 3472 perversos,
1314 3395 1347 3456 et
1360 3394 1442 3456 vitia
1457 3395 1556 3472 atque
1571 3395 1719 3472 peccata.
1732 3388 1907 3471 compluit,

259 3493 441 3558 Ecclesiam
461 3491 547 3552 sicut
570 3491 653 3570 ipse.
1111 3491 1243 3569 quando
1268 3490 1452 3568 spiritalem
1484 3491 1628 3568 gratiam
1650 3486 1907 3568 superinfundit.

298 3591 378 3655 Inde
390 3591 441 3656 ost
454 3590 541 3669 quod
557 3587 658 3652 verba
671 3587 822 3666 Apostoli
842 3590 1002 3653 resonant
1019 3589 1055 3652 in
1111 3589 1261 3651 seminat
1275 3588 1407 3668 quando
1422 3589 1559 3651 verbum
1580 3589 1833 3667 praedicationis
1848 3584 1910 3647 mi-

257 3690 414 3753 universa
441 3686 601 3750 Ecclesia.
620 3684 714 3748 Unde
739 3685 773 3747 in
792 3685 1054 3766 ActibusApos-
1109 3687 1230 3751 nistret
1252 3703 1313 3765 per
1337 3686 1585 3765 praedicatores.
1610 3688 1658 3748 Da
1686 3688 1748 3748 hac
1776 3699 1909 3764 posses-

256 3790 401 3853 tolorum
417 3805 453 3848 :a
478 3786 605 3848 Paulus
629 3784 847 3848 confirmabat
869 3787 1052 3861 Ecclesiae,
1110 3786 1204 3849 sione
1233 3785 1314 3848 dicit
1339 3785 1444 3847 David
1472 3787 1606 3847 :Beata
1632 3801 1714 3862 gens
1740 3789 1838 3864 cujus
1862 3781 1909 3842 est

257 3888 429 3964 disputans
447 3885 480 3947 et
501 3884 644 3946 suadens
661 3882 701 3945 de
723 3899 826 3962 regno
841 3885 911 3948 Dei.
926 3903 945 3946 p
960 3886 1054 3948 Unde
1110 3885 1269 3948 Dominus
1284 3885 1371 3946 Deus
1386 3885 1567 3963 ejusheus
1584 3883 1673 3944 enim
1687 3886 1834 3945 aeternus
1847 3881 1905 3946 est.

257 3986 351 4062 ipse:
370 3983 524 4058 Propter
538 3983 715 4046 Christum
734 3987 851 4046 omnia
865 3983 1056 4046 detritaerz-
1109 3984 1143 4046 et
1169 3999 1265 4046 omne
1286 3981 1408 4044 honum
1430 3981 1465 4043 in
1491 3981 1565 4060 ipsc
1591 3983 1656 4056 esi,
1685 3982 1718 4043 θῖ
1745 3981 1823 4044 ideo
1854 3974 1907 4055 qui

251 4085 332 4153 ,turri
344 4083 420 4157 sect,
440 4081 474 4142 et
488 4080 644 4142 arbitror
657 4081 696 4143 ut
709 4081 868 4144 stercora
881 4080 920 4142 ut
933 4084 1054 4144 Chris·
1110 4082 1286 4144 Dominum
1303 4079 1403 4142 hahet
1418 4083 1532 4154 Deum,
1549 4079 1650 4142 hahet
1664 4095 1761 4143 omne
1772 4079 1905 4142 honum,
1974 4143 1975 4146 ,

258 4182 333 4242 tiara
355 4179 573 4252 iaccrisaciam
590 4176 727 4258 (Philip.
751 4194 801 4250 111,
822 4176 868 4258 8).
893 4181 939 4241 Ι)θ
958 4177 1055 4244 heato
1110 4181 1143 4242 et
1163 4178 1246 4240 illud
1270 4180 1321 4240 est
1347 4178 1519 4240 aeternum.
1549 4179 1589 4241 Et
1616 4180 1776 4241 Dominus
1808 4171 1907 4251 elegit

260 4278 364 4341 Paulo
381 4275 488 4354 potest
502 4275 665 4353 legiquod
679 4276 759 4340 dicit
772 4277 928 4340 Salomon
943 4299 950 4338 ε
964 4282 1056 4340 Fra
1110 4277 1268 4356 populum
1294 4274 1329 4335 in
1353 4273 1580 4337 haereditatem
1602 4275 1679 4349 sihi,
1706 4276 1797 4353 quia,
1824 4269 1907 4334 sicut

257 4379 312 4440 ter
330 4377 389 4450 aut
414 4374 604 4448 adlevatur
625 4387 649 4436 a
674 4375 789 4450 fratre
810 4377 910 4451 qaam
932 4377 1055 4438 ciuitas
1109 4375 1266 4446 diximus,
1281 4371 1441 4449 compluit
1454 4373 1596 4449 gratiam
1611 4373 1648 4434 ut
1662 4372 1749 4435 serat
1763 4372 1906 4435 fructum

256 4478 366 4552 simlia
390 4471 502 4551 (Prov.
530 4485 632 4545 xv111,
658 4470 722 4553 19).
749 4475 822 4551 Ipse
848 4473 911 4536 luit
936 4473 1054 4536 civitas
1109 4471 1328 4549 trigesimum,
1350 4467 1594 4546 sexagesimum
1616 4471 1650 4532 et
1668 4472 1902 4540 centesimum3

257 4573 354 4635 tlrma
369 4571 426 4650 qui
441 4569 505 4633 luit
518 4570 633 4634 firmus
654 4571 689 4633 et
703 4569 798 4636 tortis
820 4571 856 4632 in
879 4572 955 4645 tide,
977 4573 1054 4651 quia
1109 4571 1317 4648 trigesimum
1340 4568 1376 4630 in
1391 4568 1587 4646 conjugatis,
1612 4570 1860 4647 sexagesimum
1873 4564 1905 4624 in

256 4687 323 4734 non
339 4669 502 4732 dubitavit
520 4669 653 4747 portare
668 4685 788 4731 nomen
803 4670 934 4732 Domini
947 4672 1054 4733 nostri
1109 4670 1230 4742 viduis,
1254 4667 1472 4731 centesimum
1487 4667 1522 4729 in
1536 4667 1734 4745 virginibus.

256 4770 337 4832 Jesu
357 4764 481 4828 Christi
497 4781 609 4828 coram
623 4764 759 4844 regibus
782 4767 816 4828 θῖ
834 4767 1052 4846 principibus.
1149 4766 1272 4830 Fidelis
1287 4766 1399 4828 anima
1414 4765 1537 4829 dicitur
1549 4768 1714 4840 Caesarea,
1729 4766 1816 4828 idest
1830 4777 1907 4843 pos-

258 4865 383 4927 Civitas
403 4863 497 4925 firma
513 4863 636 4927 dicitur
654 4865 792 4939 munita,
808 4866 841 4928 ct
858 4865 1055 4944 ipsamuui-
1109 4865 1214 4928 sessio
1242 4864 1418 4942 principie,
1448 4863 1534 4926 idest
1561 4865 1639 4938 Dei,
1662 4865 1740 4944 quia
1765 4859 1903 4926 diversis

256 4965 311 5028 tus
338 4961 400 5025 luit
426 4977 485 5040 per
517 4961 674 5024 virtutem
703 4963 825 5026 Christi
849 4964 882 5026 et
910 4963 1053 5043 Spiritus
1108 4964 1215 5026 modis
1243 4962 1365 5024 colitur
1389 4961 1430 5024 ab
1457 4963 1540 5042 ipso.
1570 4964 1643 5040 lpse
1672 4963 1761 5024 enim
1787 4955 1905 5042 purgat

259 5059 382 5123 Sancti.
407 5059 478 5128 ¹Sed
505 5059 687 5121 secundum
711 5060 920 5139 spiritualem
948 5061 1053 5124 intel·
1107 5063 1232 5124 terram
1264 5059 1445 5122 auterendo
1471 5061 1626 5138 peccata,
1655 5062 1798 5122 seminat
1827 5055 1905 5120 inti-

256 5159 377 5222 lectum
404 5157 507 5220 trater
530 5156 587 5236 qui
615 5157 792 5235 adjuvatur
820 5174 840 5220 a
873 5157 976 5224 fratre
1004 5161 1054 5223 est
1108 5160 1228 5223 mando
1243 5175 1304 5221 sua
1325 5159 1502 5238 praecepta.
1520 5158 1685 5236 compluit
1700 5153 1903 5221 infundendo

256 5255 417 5328 Christus,
433 5255 489 5333 qui
505 5253 609 5317 irater
626 5256 739 5317 noster
752 5254 812 5330 est,
829 5256 907 5335 quia
929 5257 1054 5335 recepit
1108 5258 1322 5331 charismata,
1337 5257 1433 5331 idest,
1455 5256 1542 5319 dona
1563 5257 1707 5336 Spiritus
1720 5257 1843 5320 Sancti.
1859 5255 1902 5315 De

255 5355 409 5417 naturam
438 5351 585 5415 nostram
605 5350 770 5428 fragilem.
794 5353 888 5416 Unde
916 5355 990 5432 ipse
1018 5355 1052 5417 in
1107 5356 1171 5417 hac
1183 5353 1299 5416 eadem
1314 5353 1526 5431 possessione
1538 5353 1698 5416 Dominus
1713 5354 1747 5414 in
1761 5354 1900 5432 psalmo:

255 5449 436 5529 Evangelio
460 5471 467 5510 :
490 5449 659 5513 Nuntiate
672 5449 843 5524 fratribus
863 5452 994 5514 uostris
1015 5453 1052 5514 at
1106 5458 1223 5516 Faces
1236 5452 1433 5515 caecarent
1456 5455 1541 5514 inihi
1567 5455 1603 5513 iu
1618 5455 1811 5527 praeclaris,
1829 5450 1900 5513 cte-

254 5552 336 5616 eaut
358 5553 398 5612 ire
421 5551 598 5612 Gatitmm
625 5545 755 5628 (Matth.
778 5563 900 5622 xxvm,
927 5547 991 5630 10).
1014 5551 1054 5612 Et
1107 5556 1181 5615 retra
1207 5551 1394 5614 haereditas
1425 5565 1505 5613 trica
1533 5555 1707 5626 praedae
1734 5552 1786 5613 est
1820 5545 1902 5611 crathi

255 5651 291 5712 in
308 5650 460 5730 psalmo:
486 5649 647 5712 Narrabo
667 5659 791 5711 rtorucn
814 5645 911 5709 taceam
927 5649 1054 5724 fratti-
1087 5638 1089 5641 ’
1108 5648 1178 5730 (Ρε.
1196 5649 1245 5724 15,
1261 5647 1307 5729 6).
