3994 6326
278 403 335 462 651

280 562 509 638 praejudicium
539 563 615 622 suut
637 562 797 634 adstricti,
815 578 854 624 ac
869 562 1077 626 absolventes

280 661 459 731 oddonem,
474 661 507 720 et
518 659 696 721 Danaeium
710 658 749 722 de
760 663 880 734 Rocca,
897 662 930 723 et
943 660 1076 723 Ameri-

216 827 219 834 ,
280 773 354 818 curn
370 757 410 818 de
424 755 531 818 Barba
547 757 656 834 gelata
676 757 876 820 castellanos
891 759 970 821 dicti
990 759 1080 836 apis-

280 855 354 932 copi
378 855 556 916 avinculis
576 856 769 934 juramenti,
786 858 818 918 et
838 855 940 918 banni
960 855 1079 934 qulbus

281 952 486 1013 Laulrancus
514 953 593 1013 tuuc
615 955 760 1030 potestas
788 953 987 1014 vesterillos
1003 952 1081 1014 ads-

279 1051 399 1112 trinxit
436 1051 612 1112 occasione
651 1051 787 1113 Bobien.
827 1051 1078 1130 praedictoram,

280 1148 430 1226 ipsisque
455 1149 591 1209 Bobien.
612 1150 727 1210 contra
752 1149 946 1211 Bobiensem
970 1149 1078 1209 eccle-

282 1245 366 1305 siam
393 1246 548 1316 mairem,
578 1247 611 1307 et
636 1245 803 1306 dominam
829 1261 922 1306 suam
952 1245 1080 1306 nullum

283 1343 417 1404 omnino
430 1341 589 1414 favorem,
601 1343 652 1404 vel
664 1343 826 1404 auxilium
840 1342 1079 1420 impendentes,

284 1455 344 1502 nec
357 1455 375 1500 a
390 1439 529 1501 subditis
544 1441 663 1502 vestris
676 1441 905 1517 permittentes
920 1440 1079 1516 impendi,

284 1540 342 1598 aut
357 1537 572 1613 impedientes
593 1537 768 1616 quominus
783 1537 918 1609 vassali,
945 1539 978 1598 et
999 1553 1080 1614 pro-

284 1634 398 1712 pinqui
434 1636 581 1712 ejusdem
613 1636 761 1713 episcopi
795 1635 1014 1697 consistentes
1046 1635 1082 1695 in

284 1735 394 1808 vestro
416 1732 568 1794 districtu
592 1733 699 1794 eidem
719 1733 878 1810 praestent
891 1731 1080 1803 consilium,

790 428 796 438 ·
892 405 1066 464 HONORII
1090 405 1134 464 111
1155 405 1304 466 OPERA.

1851 407 1894 464 bit

1131 579 1253 628 remur.
1269 565 1361 626 Licet
1372 563 1475 640 igitur
1486 578 1601 625 eorum
1614 563 1768 640 precibus
1779 562 1902 640 acquies-

1133 678 1208 723 cere
1243 661 1457 732 noluerimus,
1488 664 1521 722 te
1548 660 1694 729 absente,
1724 659 1765 722 ad
1790 659 1903 720 multam

1133 761 1241 820 tamen
1253 759 1400 836 ipsorum
1409 759 1441 820 et
1451 757 1592 820 aliorum
1603 758 1798 820 instantiam
1812 757 1903 818 irater-

1134 857 1230 918 nitati
1241 859 1306 918 tuae
1321 856 1575 933 parapostolica
1586 857 1709 933 scripta
1717 855 1903 926 mandamus,

1134 955 1296 1032 quatenus
1312 953 1470 1032 usquead
1487 953 1606 1014 festum
1623 953 1779 1014 Omnium
1791 955 1907 1013 Sancto

1134 1067 1207 1113 rum
1222 1051 1496 1128 proximum-cum
1511 1052 1583 1128 ipsa
1598 1050 1838 1128 compositione
1848 1065 1907 1126 per-

1135 1150 1304 1226 sonaliter,
1319 1149 1377 1210 aut
1385 1164 1445 1226 per
1450 1150 1697 1226 procuratorem
1710 1147 1907 1209 sufficientem

1135 1247 1167 1308 et
1179 1246 1334 1308 idoneum
1347 1246 1536 1322 apostolico
1551 1247 1583 1307 te
1598 1245 1791 1322 conspectui
1806 1261 1907 1320 repra-

1136 1347 1257 1415 sentes,
1272 1345 1466 1420 recepturus
1486 1344 1571 1420 quod
1590 1357 1690 1420 super
1713 1341 1779 1403 boc
1793 1341 1906 1401 duxeri-

1135 1457 1208 1501 mus
1223 1440 1472 1518 providendum.
1490 1441 1608 1502 Datum
1621 1440 1815 1502 Lateraniv
1824 1453 1903 1498 nouas

1136 1537 1258 1612 martii,
1273 1537 1483 1616 pontificatus
1500 1536 1605 1599 nostri
1617 1551 1706 1599 anno
1722 1535 1866 1597 secundo.

1484 1706 1588 1794 CLII

285 1832 318 1890 et
343 1829 506 1892 auxilium
531 1831 572 1892 ad
595 1830 824 1908 recuperanda
848 1829 999 1890 ecclesiae
1013 1843 1082 1889 suaa
1163 1851 1215 1910 Ad
1228 1849 1414 1910 popermm
1428 1851 1625 1922 eppaoopum
1640 1849 1884 1910 olomuoemem.
1977 1809 1980 1908 I

280 1931 371 2005 jura,
388 1944 515 2006 preces,
541 1930 573 1990 et
594 1927 783 1989 mandatum
808 1928 957 1988 nostrum
971 1921 1084 1988 taliter

285 2025 466 2104 impleturi,
479 2025 565 2103 quod
581 2041 642 2086 nec
654 2025 832 2087 offendatis
845 2025 1032 2094 Dominum,
1048 2023 1082 2083 iu

287 2125 382 2199 quus
397 2123 555 2200 injuriam
571 2121 713 2183 ecclesia
733 2123 805 2198 ipsa
821 2121 934 2183 taliter
948 2119 1084 2181 concul-

287 2221 392 2292 catur,
416 2236 479 2281 nec
504 2220 646 2296 alicujus
668 2218 882 2300 difficultatis
906 2217 1082 2279 articulum

288 2317 479 2378 incurratis.
505 2318 575 2378 Nos
592 2317 680 2377 euim
702 2316 874 2392 qui-tanta
898 2313 1083 2391 iniquitatis

283 2411 426 2474 abusum
449 2413 594 2475 tolerare
619 2412 759 2476 ulterius
780 2412 815 2472 in
841 2409 1001 2488 patientia
1023 2425 1084 2470 nec

286 2511 450 2582 volumus,
467 2527 527 2572 nec
543 2509 715 2582 debemus,
732 2509 852 2570 dilecto
870 2509 939 2571 lilio
955 2523 1086 2585 praepo-

288 2607 352 2671 sito
368 2609 524 2686 Papiensl
538 2609 661 2670 uostris
674 2607 792 2668 damus
805 2605 926 2667 litteris
937 2606 973 2666 in
988 2619 1085 2665 man-

288 2706 385 2778 datis,
416 2706 451 2767 ut
476 2706 504 2766 si
531 2706 686 2776 monitis,
713 2705 747 2765 et
774 2702 928 2780 precibus
961 2701 1084 2763 nostris

288 2802 582 2882 praesumpseritis,
606 2803 692 2879 quod
718 2816 785 2862 non
801 2800 977 2872 credimus,
1001 2814 1084 2860 cou-

289 2902 403 2974 traire,
417 2901 490 2978 ipse
504 2915 564 2961 vos
578 2914 599 2961 a
620 2899 878 2976 praesumptioue
895 2895 1085 2976 hujusmodi

1427 1961 1541 2020 imai-t.
1559 1960 1638 2020 1218.

1245 2067 1424 2130 [Wurdtweim
1434 2069 1505 2118 liora
1516 2065 1640 2128 subsidia,
1652 2072 1671 2118 t.
1685 2068 1729 2124 lli,
1743 2081 1769 2130 p.
1778 2066 1828 2130 tal

1140 2165 1260 2225 lloberto
1282 2167 1417 2238 episcopo
1436 2165 1617 2224 olomucensi
1644 2145 1774 2232 mandat,
1795 2162 1871 2220 lacin
1887 2171 1910 2218 ιι

1174 2254 1353 2312 interdictum
1382 2255 1505 2327 positum
1524 2253 1554 2310 in
1578 2253 1719 2326 Pragensi
1741 2251 1851 2309 dioecesi
1873 2267 1910 2324 per

1174 2342 1317 2401 andream
1331 2343 1519 2416 Progensem,
1530 2342 1696 2414 episcopum
1704 2339 1853 2398 eldenium
1863 2355 1913 2396 acc·

1174 2433 1340 2489 auctoritate
1358 2431 1520 2504 apostolica
1536 2431 1749 2500 confirmatum,
1761 2429 1916 2487 relaxatione
1985 2470 1986 2508 ι

1174 2518 1290 2593 Siglridi
1310 2519 1538 2592 llaguntinensis
1558 2518 1766 2591 archiepiscopi
1791 2532 1848 2575 non
1864 2517 1917 2574 obs·

1174 2615 1263 2678 tante,
1271 2607 1594 2666 tirmiterobserveturln
1603 2607 1733 2664 ecclesiis
1741 2607 1920 2666 Cisterciensis

1175 2705 1204 2756 et
1220 2698 1501 2756 praemonstratensis
1518 2695 1650 2753 ordinum
1669 2696 1920 2768 Hospitallorurua

1174 2789 1921 2858 ornatumtarnexemptorumquamnonexemptorun

1174 2875 1303 2949 eiusdem
1318 2875 1461 2933 diceoesls.

291 3015 350 3077 per
379 3013 539 3060 censuras
567 2995 827 3068 ecclesiasticas,
861 2993 1086 3072 appellatione
1179 2984 1346 3048 Honorius
1361 2984 1534 3062 episcopus
1552 2997 1668 3045 servus
1683 2997 1855 3044 servorum
1874 2981 1923 3043 Dei
1990 3016 1991 3058 ι

287 3098 426 3170 remota,
443 3098 640 3174 compescat.

328 3197 446 3258 Datum
463 3195 629 3263 Laterani,
645 3194 665 3254 5
686 3207 764 3254 uon.
783 3191 908 3262 martii,
929 3205 1019 3250 anno
1031 3204 1087 3250 se-

289 3293 407 3354 eunde.

648 3404 728 3492 CLI

290 3551 343 3612 Ad
358 3547 542 3610 liebertum
569 3547 857 3622 Vesprimiensem
877 3545 1084 3618 episcopum.

585 3677 697 3734 batert.
712 3675 790 3732 lala.

415 3791 542 3858 [hainen.
557 3791 624 3842 uon.
640 3790 784 3854 ilungarlae,
798 3789 818 3847 l,
831 3801 860 3846 n,
872 3801 898 3838 u.
912 3785 961 3852 ta]

291 3899 424 3962 llonachi
436 3900 463 3958 S.
474 3897 586 3958 llartiul
596 3899 625 3954 in
634 3896 792 3965 Pannonia,
802 3894 839 3952 ob
849 3891 1087 3966 compositionem

325 3988 471 4063 quondam
487 3987 523 4045 ab
534 3987 667 4060 ipsorum
683 3984 785 4042 abbate
800 3983 916 4052 lactum,
933 3979 1087 4039 adsedem

328 4077 521 4151 apostolicam
538 4074 691 4148 appellant.

333 4193 499 4256 Honorius
514 4192 689 4269 episcopus
706 4205 822 4250 servus
836 4203 1007 4250 servorum
1016 4187 1087 4258 Dei,

294 4290 479 4354 venerabili
505 4289 636 4350 tratri...
656 4287 811 4364 episcopo
834 4285 1086 4362 Vesprimiensi,

295 4391 435 4452 salutem
451 4389 484 4451 et
500 4382 1000 4464 apostolicambenedictionem.

333 4488 451 4550 Dilecti
476 4486 574 4548 tilii...
599 4484 691 4560 prior
714 4483 747 4543 et
770 4482 951 4542 conventus
976 4479 1089 4542 Sancti

295 4585 432 4650 Martini
452 4585 493 4646 de
508 4581 682 4645 Pannonia
699 4579 802 4640 multa
818 4576 913 4638 nohis
931 4577 1089 4638 instantia

295 4683 535 4763 supplicarunt,
551 4682 587 4742 ut
602 4694 702 4757 quum
716 4675 1000 4753 compositionem,
1015 4688 1089 4733 me-

297 4784 408 4844 diante
441 4779 550 4841 felicis
583 4775 752 4838 memoriae
785 4771 976 4834 Innocentio
1005 4786 1089 4848 papa

296 4880 539 4958 praedecessore
551 4876 664 4936 nostro
679 4870 935 4934 lactaminterte
946 4883 985 4929 ac
1000 4867 1092 4945 ipso-

296 4993 369 5038 rum
389 4975 551 5044 abbatem,
573 4985 797 5046 necunquam
815 4965 1014 5043 receperint.
1030 4979 1090 5026 nec

297 5063 1090 5146 ullosluttemporerecepturi,eoquodipsorum

298 5169 535 5238 monasterium
546 5165 686 5226 liberum
701 5167 734 5225 et
747 5163 934 5239 exemptum
948 5175 1007 5237 per
1018 5175 1092 5222 eam

169 5339 172 5346 ,
299 5267 453 5334 ιιιιοίΙΙειιί
467 5264 609 5335 ridetur,
626 5275 725 5342 quum
743 5259 953 5322 contineatur
966 5257 1002 5318 in
1020 5257 1090 5330 illa,

299 5371 335 5432 ut
348 5367 409 5430 tibi
422 5381 461 5426 ac
477 5358 724 5424 successoribus
732 5357 799 5418 tuis
810 5355 981 5417 annuatim
995 5369 1094 5432 praes·

298 5469 346 5530 tet
358 5462 533 5544 quamdam
548 5456 698 5536 pecuniae
712 5454 939 5531 quantitatem,
957 5449 1095 5530 quibus-

301 5565 376 5625 dam
392 5561 467 5622 aliIs
477 5560 510 5619 iu
522 5556 637 5618 eadem
646 5552 826 5629 expressis,
837 5565 896 5627 per
904 5565 977 5626 quae
990 5548 1095 5626 ipsius

301 5655 495 5724 monasterii
510 5651 684 5731 privilegio
704 5647 893 5724 derogatur,
913 5647 1020 5723 ipsam
1034 5661 1094 5707 re-

302 5773 422 5822 uocare
443 5754 493 5817 rel
513 5749 733 5814 revocandam
754 5745 958 5808 committere
972 5742 1094 5821 digna·

1140 3081 1323 3146 venerabili
1351 3081 1446 3143 tratri
1450 3124 1510 3143 .....
1533 3081 1688 3159 episcopo
1708 3080 1919 3145 Olomucausi.

1140 3181 1280 3243 salutem
1295 3180 1329 3241 et
1341 3179 1556 3258 apostolicam
1568 3178 1844 3240 benedictionem.

1180 3278 1399 3340 Praesentium
1409 3276 1469 3339 tibi
1482 3276 1680 3338 auctoritate
1692 3275 1813 3336 iterato
1822 3273 1923 3350 praci-

1141 3375 1260 3454 piendo
1288 3374 1494 3444 mandamus,
1522 3373 1685 3449 quatenus
1710 3371 1923 3438 interdictum,

1140 3473 1226 3533 sicut
1249 3474 1299 3534 est
1320 3471 1462 3549 positum
1483 3470 1518 3530 in
1536 3468 1697 3544 Prageusi
1717 3468 1854 3530 dioecesi
1876 3481 1927 3542 per

1140 3568 1364 3631 venerabilem
1386 3566 1521 3629 tratrem
1543 3567 1691 3627 nostrum
1695 3609 1757 3625 .....
1782 3567 1926 3640 Pragen·

1141 3683 1210 3728 sem
1225 3667 1417 3744 episcopum
1430 3665 1464 3725 et
1473 3663 1605 3725 demum
1618 3661 1816 3724 anctoritate
1830 3665 1927 3737 Apos-

1141 3765 1240 3826 tolica
1255 3762 1484 3824 confirmatum
1508 3759 1717 3822 relaxatione
1736 3757 1928 3820 venerabilis

1142 3862 1255 3924 fratris
1274 3859 1379 3922 nostri
1383 3903 1443 3919 .....
1464 3857 1729 3934 Maguntinensis
1748 3855 1926 3930 archiepis-

1142 3959 1215 4036 copi
1231 3956 1471 4027 nonobstante,
1488 3955 1522 4016 in
1539 3954 1689 4017 ecclesiis
1704 3951 1924 4015 cisterciensis

1142 4057 1174 4117 et
1188 4052 1516 4116 premonstratensis
1529 4051 1681 4114 ordinum
1694 4053 1728 4114 et
1743 4050 1926 4126 Hospitala-

1143 4154 1269 4214 rlorum
1289 4154 1322 4214 et
1337 4151 1484 4213 omniurn
1503 4150 1571 4211 tam
1589 4149 1815 4225 exemplorum
1839 4159 1926 4224 quam

1143 4265 1209 4310 non
1235 4249 1462 4325 exemplorum
1486 4245 1634 4323 ejusdem
1657 4243 1811 4306 dicacesis
1833 4242 1927 4303 iacias

1145 4361 1392 4424 percensuram
1411 4343 1669 4406 ecelesiasticam
1683 4343 1807 4404 remoto
1824 4341 1926 4415 crrjus-

1145 4445 1225 4506 libet
1238 4442 1509 4506 contradicbonis
1524 4441 1557 4503 et
1571 4439 1804 4518 appellationis
1817 4437 1921 4499 obsta-

1145 4541 1219 4602 culo
1232 4538 1561 4609 tirmiterobservari,
1574 4553 1639 4599 non
1653 4535 1852 4599 obstantibus
1863 4530 1924 4608 pri·

1144 4639 1276 4713 vilegiis
1299 4637 1423 4699 eisdem
1449 4635 1660 4698 monasteriis
1681 4633 1723 4694 ab
1749 4628 1920 4709 apostolica

1146 4736 1230 4797 Sede
1246 4737 1425 4797 concessis.

1184 4834 1302 4896 Datum
1325 4830 1482 4894 Laterani
1502 4831 1544 4890 IV
1564 4843 1668 4888 nonas
1687 4824 1799 4888 martii
1821 4817 1919 4900 poull-

1147 4931 1263 4992 llcatus
1278 4928 1382 4992 nostri
1398 4943 1486 4990 auno
1499 4923 1654 4987 secundo.

1483 5074 1605 5162 CLIII

1146 5215 1199 5277 Act
1221 5211 1376 5274 meatem
1392 5209 1542 5283 serpen
1560 5207 1596 5267 et
1613 5208 1772 5281 priorem
1790 5201 1922 5274 etmdem

1278 5311 1342 5370 loct
1357 5307 1390 5370 et
1412 5307 1566 5380 priorem
1581 5305 1623 5364 de
1637 5304 1806 5364 camaria

1438 5409 1455 5465 t
1469 5415 1552 5464 mart.
1570 5405 1649 5464 lllb.

1182 5531 1299 5592 [aegon.
1311 5524 1357 5576 lib.
1369 5525 1401 5586 ll,
1416 5521 1489 5588 epist.
1502 5520 1556 5570 ete.
1567 5519 1625 5570 llss.
1637 5519 1675 5570 La
1685 5519 1760 5569 Parte
1772 5507 1897 5571 curceii]

1168 5631 1209 5686 De
1223 5621 1385 5698 recipiendo
1400 5621 1503 5680 clerico
1517 5619 1548 5676 Ρ.
1568 5618 1596 5674 lu
1611 5617 1781 5674 canonicum
1796 5607 1907 5671 mundat.

1190 5719 1921 5804 Honorius,etc.,dilcctisflliisabbatistirpcn.
