4106 6328
129 416 167 476 45
486 412 542 473 1v.
556 441 594 456 -
616 411 661 473 IN
682 411 1035 474 ANNUNTIATIONE
1055 408 1208 471 BEATAE
1228 408 1392 470 MARIAEz
1724 406 1764 465 46

130 570 242 636 militat
257 569 362 632 forma
383 585 450 632 nou
465 570 624 648 corporis.
637 574 751 652 »Deus
773 571 861 633 enim
877 571 912 633 ln

129 682 258 744 corpore
276 667 386 727 minus
407 666 546 742 pulchro
566 667 674 744 diligit
692 669 822 729 animas
838 669 913 744 pul-

130 763 279 824 chriores.
301 763 402 836 Quasi
418 762 543 824 diceret
560 765 608 825 :0
632 780 737 826 sacrae
752 764 911 841 virgines,

129 879 182 926 vos
202 860 340 923 interius
364 860 512 938 pulchrae
530 861 610 923 estis
628 862 663 922 in
678 862 797 924 militia
813 863 913 938 Regis

128 959 247 1032 aeterni,
263 959 359 1031 idest,
377 959 509 1022 servitis
529 959 655 1022 aeterno
668 961 762 1037 Regi,
773 960 826 1021 cui
847 977 914 1022 non

129 1059 229 1138 placet
240 1055 451 1135 pulchritudo
468 1057 618 1134 corporis
633 1059 690 1119 sed
704 1059 914 1136 pulchritudo

129 1157 249 1218 mentis.
263 1159 311 1216 De
323 1155 383 1218 tali
398 1155 645 1232 pulchritudine
662 1156 915 1233 intelligendum

127 1253 265 1331 estquod
278 1253 400 1315 dicitur
414 1253 450 1314 in
462 1254 616 1316 Psalmo:
631 1256 916 1330 Corccnptottlteor

127 1355 276 1414 decorem
302 1352 419 1424 tunm,
451 1355 539 1426 qnod
566 1355 640 1428 ipse
668 1353 720 1414 est
746 1356 916 1415 Dominus

125 1455 212 1513 Dens
226 1451 307 1511 tuus
327 1448 430 1528 (Psal.
446 1452 496 1522 44,
521 1447 585 1530 12).
606 1451 646 1512 Εῖ
664 1449 747 1511 illud
766 1450 807 1512 de
830 1450 915 1514 libro

127 1547 323 1624 Sapientiae:
340 1549 484 1622 Oqucm
502 1551 657 1624 penetro
669 1548 721 1610 est
741 1549 838 1612 costo
850 1565 914 1626 qe-

126 1647 258 1708 neratto
269 1660 349 1707 caena
362 1646 522 1708 claritate
538 1645 631 1725 (Sap.
647 1661 692 1720 1v,
710 1644 754 1726 1).

161 1743 276 1804 Odoris
301 1743 448 1806 suavitas
469 1743 562 1805 tanta
583 1745 635 1807 θεῖ
652 1744 688 1804 in
711 1744 805 1814 flore,
828 1746 914 1823 quod

126 1841 228 1916 ipsum
243 1840 305 1902 Dei
328 1841 434 1902 filium
457 1842 590 1904 videtur
612 1842 789 1916 delectare,
811 1842 845 1905 et
866 1845 916 1907 est

126 1937 467 2017 incomprehensibilis
485 1940 611 2002 habens
635 1943 804 2003 auctorem
832 1941 915 2003 bea-

125 2037 282 2099 titudinis.
303 2038 395 2099 Unde
412 2038 605 2100 Ambrosius
620 2060 627 2099 :
644 2038 757 2111 «Quis
775 2038 917 2116 virgini·

126 2135 219 2195 tatem
235 2133 384 2196 humano
407 2137 513 2214 possit
539 2137 675 2212 ingenio
698 2138 917 2215 comprehen-

126 2231 200 2292 dere
218 2231 319 2310 atque
338 2235 410 2310 ejus
430 2234 599 2295 auctorem
616 2249 714 2310 quem
737 2250 915 2311 possumus

124 2330 302 2402 aestimare,
336 2331 405 2393 nisi
439 2331 689 2394 immaculatum
716 2333 777 2394 Dei
810 2333 915 2395 fllium

125 2432 213 2507 cnjus
227 2446 309 2492 caro
324 2445 391 2492 non
413 2428 497 2492 vidit
515 2430 771 2508 corruptionem,
792 2431 916 2495 divini-

123 2528 170 2590 tas
188 2543 255 2590 uon
282 2529 335 2589 est
359 2528 497 2604 experta
514 2527 794 2604 contagionemt»
813 2531 914 2602 Quasi

124 2624 263 2687 diceret:
281 2625 371 2687 Odor
391 2624 566 2686 suavitatis
580 2625 616 2687 in
631 2626 783 2689 castitate
798 2625 848 2688 est
862 2628 916 2688 in-

126 2722 441 2801 comprehensibilis,
462 2724 496 2786 et
516 2739 583 2785 non
607 2724 658 2786 θεῖ
679 2725 816 2798 mirum,
833 2742 916 2804 quo-

127 2821 212 2882 niam
238 2822 358 2884 auctor
380 2824 453 2898 ejus
477 2822 529 2883 est
554 2821 642 2883 tilius
669 2822 744 2895 Dei,
770 2824 803 2884 θῖ
830 2825 917 2886 sicut

126 2934 198 2980 earo
219 2923 296 2998 ejus
324 2935 391 2980 non
409 2919 493 2982 vidit
511 2921 766 2998 corruptionem,
785 2921 832 2984 ita
853 2938 915 2985 nec

126 3019 234 3080 sancta
257 3017 437 3094 virginitas
462 3017 625 3100 patietur,
655 3019 712 3080 sed
738 3021 847 3098 potius
880 3021 915 3082 in

128 3131 224 3192 regno
250 3115 540 3192 augmentabitur,
559 3117 690 3194 quaudo
710 3118 838 3194 angelis
860 3136 916 3181 so-

128 3213 274 3276 ciabitur.
291 3217 339 3276 De
361 3213 419 3275 tali
445 3213 545 3276 odore
566 3214 688 3276 dicitur
710 3215 746 3276 in
770 3216 915 3279 canticis

126 3313 335 3374 canticorum
358 3311 400 3374 ad
417 3328 573 3389 sponsam
597 3335 604 3374 :
621 3315 712 3375 Odor
729 3315 916 3377 vestimen-

125 3410 236 3472 torum
251 3412 394 3473 tuornrn
406 3411 498 3472 stent
511 3413 597 3472 odor
611 3411 724 3474 tbnrts
734 3410 842 3491 (Cant.
868 3428 913 3488 rv,

162 3608 289 3682 Sponsa
316 3604 367 3667 θεῖ
394 3605 503 3667 fidelis
529 3606 656 3679 anima,
681 3607 915 3670 vestimentum

125 3703 191 3778 ejus
206 3703 285 3765 sunt
300 3705 448 3780 corporis
460 3703 617 3765 membra.
634 3704 722 3766 Odor
734 3706 916 3769 vestimen-

124 3803 224 3862 torum
245 3802 383 3864 castitas
409 3802 442 3864 et
466 3803 595 3880 puritas
619 3801 854 3865 membrorum.
876 3804 916 3866 Et

123 3899 194 3960 nota
222 3899 312 3976 quod
338 3899 488 3962 dicitur:
510 3900 592 3962 odor
617 3900 912 3974 vestimentorum,

124 3998 202 4072 quod
217 3998 324 4074 Virgo
350 4015 417 4060 non
440 3998 537 4060 debet
559 3998 682 4061 babere
708 3999 914 4061 solummodo

123 4108 217 4156 unum
239 4093 426 4156 membrum
445 4100 585 4170 castum,
611 4098 670 4159 sed
685 4098 797 4160 omnia
812 4098 915 4160 vesti-

123 4195 237 4266 menta,
253 4194 353 4266 idest,
367 4195 479 4256 omnia
508 4196 658 4272 corporis
687 4195 835 4258 membra
856 4196 915 4257 de-

123 4287 193 4353 bent
206 4307 282 4352 esse
298 4307 381 4368 pura
397 4293 430 4353 et
445 4293 547 4364 casta,
565 4293 601 4354 ut
615 4294 800 4370 peremnia
815 4311 915 4355 mem·

123 4383 176 4448 bra
187 4390 334 4466 respiret
347 4389 429 4452 odor
443 4390 628 4464 suavitatis,
641 4389 736 4463 idest,
753 4392 913 4455 munditia

123 4485 285 4560 puritatis.
315 4487 379 4549 Sed
414 4488 492 4548 talis
519 4487 601 4550 odor
633 4488 677 4550 sit
710 4489 799 4551 sicut
832 4490 915 4551 odor

123 4581 234 4644 thuris.
252 4585 343 4646 Odor
361 4585 470 4648 thuris
484 4585 626 4648 offertur
642 4588 720 4648 Deo.
737 4587 826 4648 Odor
839 4603 916 4648 ves-

123 4679 331 4744 timentorum
355 4683 406 4745 θεῖ
430 4685 517 4746 sicut
540 4683 623 4746 odor
643 4685 763 4757 thuris,
783 4685 914 4762 quando

123 4779 243 4852 puritas
259 4782 409 4842 omnium
433 4780 657 4843 membrorum
676 4783 815 4844 offertur
833 4786 913 4856 Deo,

123 4875 283 4952 videlicet,
298 4880 496 4942 conservata
516 4895 576 4957 pro
591 4896 705 4942 amore
717 4881 833 4958 ipsius.

157 4977 208 5036 Ad
225 4979 404 5054 Virginem
419 4979 662 5052 desponsatam
682 4983 760 5040 otro
777 4983 834 5040 ont
851 4995 916 5041 no-

123 5081 196 5130 men
209 5071 290 5132 erat
308 5075 433 5145 Josepb
453 5076 494 5135 de
518 5077 618 5136 domo
642 5077 765 5136 Dootd.
783 5076 915 5152 Septem

125 5163 161 5225 de
190 5159 311 5230 causis
338 5169 402 5231 fuit
433 5170 632 5249 desponsata
663 5173 766 5234 Beata
793 5174 913 5235 Maria.

125 5261 231 5326 Prima
260 5265 299 5326 ut
326 5267 554 5342 generationis
586 5268 666 5330 ordo
699 5284 759 5346 per
790 5270 915 5347 loseph

124 5357 303 5438 texeretur;
318 5365 463 5426 secunda
483 5365 518 5427 ut
541 5367 655 5442 partus
678 5366 809 5428 diabolo
825 5369 917 5429 cela-

125 5457 227 5535 retur3
243 5461 343 5523 tertia
359 5461 395 5523 ut
414 5477 519 5538 puero
543 5463 702 5525 nutritius
721 5465 917 5541 providere-

127 5555 186 5630 tur;
199 5559 318 5634 quarta
344 5560 380 5620 ut
406 5559 529 5621 Christi
549 5561 581 5622 et
609 5562 766 5623 Ecclesiae
790 5563 915 5640 myste-

127 5652 207 5714 rium
231 5656 440 5732 signaretur3
471 5658 586 5735 quinta
619 5675 661 5720 ne
689 5661 796 5722 mater
823 5661 916 5723 velut

128 5750 272 5816 adultera
301 5753 522 5834 lapidaretur;
547 5757 642 5819 sexta
661 5773 703 5819 ne
729 5757 915 5835 virginibus

967 569 1156 648 exemplum
1170 567 1317 630 infamiae
1338 566 1557 645 praeberetur3
1573 565 1714 644 septima
1727 567 1765 627 ut

969 668 1016 730 sio
1044 666 1179 730 castitas
1204 666 1381 743 virginalis
1396 665 1695 739 commendaretur,
1719 680 1763 726 ne

969 766 1155 843 conjugalis
1185 765 1382 826 castimonia
1408 763 1598 826 laederetur.
1630 761 1761 836 Prima,

968 865 1005 926 ut
1019 862 1244 940 generationis
1265 862 1345 923 ordo
1368 878 1426 938 per
1441 862 1563 938 Joseph
1580 861 1762 932 texeretur,

969 963 1055 1040 quod
1068 977 1135 1022 non
1151 961 1201 1022 est
1213 960 1416 1022 consuetudo
1438 960 1567 1021 Sanctae
1584 959 1766 1042 scripturae

969 1061 1083 1121 texere
1105 1059 1356 1136 generationem
1382 1058 1558 1119 mulierum
1587 1057 1644 1118 sed
1673 1056 1766 1117 viro-

970 1175 1043 1220 rum
1072 1159 1104 1221 et
1125 1159 1199 1219 ideo
1223 1157 1395 1236 generatio
1424 1158 1534 1218 Beatae
1556 1156 1672 1216 Mariae
1697 1171 1764 1216 uon

969 1258 1099 1336 poterat
1112 1257 1191 1318 sciri
1206 1256 1272 1318 nisi
1287 1271 1347 1334 per
1362 1255 1613 1332 generationem
1627 1254 1761 1330 loseph.

970 1355 1064 1418 Unda
1088 1354 1299 1432 Evangelista
1321 1375 1329 1415 ε
1351 1355 1456 1415 Jacob
1483 1352 1604 1430 pertntt
1638 1354 1765 1426 Josepn

969 1457 1087 1522 etrum
1119 1456 1248 1515 Morare
1278 1455 1321 1514 de
1346 1467 1415 1528 qno
1441 1451 1545 1512 notes
1577 1451 1630 1512 est
1664 1452 1766 1512 Jesrcs

969 1549 1077 1632 (Matt.
1100 1549 1202 1630 1,16).
1218 1552 1303 1612 Nam
1326 1566 1401 1612 cum
1417 1547 1506 1610 dicat
1523 1551 1565 1612 cte
1581 1563 1649 1625 que
1661 1547 1766 1610 notus

969 1650 1022 1711 est
1040 1650 1073 1711 θῖ
1095 1665 1161 1710 non
1187 1651 1229 1712 de
1250 1664 1326 1722 qno,
1349 1649 1500 1726 patenter
1520 1646 1665 1709 ostendit
1679 1645 1765 1723 quod

969 1747 1076 1810 omnis
1106 1746 1186 1809 ordo
1209 1746 1436 1824 generationis
1463 1761 1562 1822 quam
1588 1745 1763 1816 texuerat,
1852 1817 1854 1822 ,

969 1861 1036 1906 non
1060 1860 1120 1922 pro
1143 1844 1283 1922 Joseph,
1297 1843 1354 1904 sed
1381 1860 1440 1922 pro
1460 1843 1567 1904 Maria
1583 1841 1767 1918 descriptus

969 1942 1051 2004 erat.
1077 1943 1116 2004 nt
1142 1942 1217 2004 ideo
1238 1942 1397 2004 divinitus
1417 1942 1629 2018 procuratum
1653 1940 1714 2012 est,
1733 1940 1767 2000 ut

967 2041 1028 2103 tali
1043 2042 1115 2102 viro
1128 2039 1231 2102 Beata
1250 2041 1359 2101 Maria
1379 2040 1646 2118 desponsaretur,
1662 2037 1767 2116 quiet

969 2138 1257 2215 consanguinitate
1277 2139 1327 2199 illi
1345 2141 1554 2216 jungeretur,
1569 2137 1602 2199 et
1616 2140 1688 2215 eJ'us
1701 2152 1765 2212 ge-

969 2237 1175 2298 nerationem
1188 2236 1377 2298 ostenderet
1392 2237 1432 2298 de
1447 2237 1553 2312 regali
1567 2235 1704 2296 semine.

1010 2332 1163 2396 Secunda
1173 2335 1334 2412 otpertus
1344 2334 1475 2395 diabolo
1487 2333 1667 2410 celaretur;
1680 2332 1766 2410 quod

968 2433 998 2494 si
1026 2432 1179 2495 diabolus
1206 2423 1346 2496 vidisset
1366 2432 1498 2510 partum
1520 2431 1668 2506 Virginis
1693 2429 1766 2491 sine

969 2547 1101 2608 sponso,
1132 2531 1307 2609 quaesisset
1326 2530 1413 2591 unde
1437 2530 1593 2601 venisset,
1617 2529 1767 2589 utrumn

968 2632 1036 2691 Deo
1051 2647 1094 2690 an
1116 2645 1159 2690 ex
1179 2629 1410 2690 fornicatione.
1429 2629 1468 2690 nt
1492 2627 1654 2706 siquidem
1679 2627 1767 2688 esset

969 2744 1011 2789 ex
1025 2728 1255 2800 fornicatione,
1272 2727 1465 2804 inquisisset
1480 2743 1499 2788 a
1514 2724 1677 2786 ministris
1695 2723 1767 2784 suis

969 2825 1173 2888 daemonibus
1186 2825 1416 2889 fornicationis
1430 2823 1647 2902 principibus,
1661 2822 1690 2882 si
1704 2839 1769 2883 au-

968 2924 1034 2987 tem
1057 2939 1192 2986 causam
1221 2923 1454 2985 fornicationis
1482 2937 1549 2984 non
1567 2919 1762 2992 invenisset,

969 3025 1082 3085 natum
1111 3022 1151 3104 de
1171 3021 1301 3098 virgine
1326 3019 1532 3092 credidisset,
1551 3018 1650 3096 Juxta
1681 3018 1766 3090 illud

969 3121 1065 3183 Isaiae
1089 3141 1096 3180 :
1124 3124 1212 3182 Eece
1240 3123 1339 3195 virgo
1368 3122 1405 3180 tn
1437 3119 1538 3179 utero
1561 3116 1764 3188 concipiet...

970 3217 1026 3298 (Ιε.
1044 3233 1103 3291 vn,
1124 3214 1189 3297 14.)
1203 3216 1363 3279 Audierat
1381 3214 1533 3278 diabolus
1546 3214 1712 3276 Christum
1726 3212 1769 3275 de

968 3316 1106 3392 Virgine
1130 3315 1353 3388 nasciturum,
1377 3315 1410 3376 et
1440 3312 1577 3376 timebat
1606 3328 1666 3391 per
1689 3327 1765 3372 enm

969 3413 1120 3475 amittere
1134 3429 1240 3490 genus
1260 3413 1452 3474 humanum.
1473 3413 1512 3473 ut
1531 3412 1559 3472 si
1574 3411 1669 3486 virgo
1684 3409 1766 3470 des-

968 3511 1108 3589 ponsata
1123 3527 1190 3572 non
1205 3510 1332 3582 fuisset,
1350 3511 1464 3572 natum
1480 3509 1520 3570 de
1536 3509 1668 3584 virgine
1688 3524 1768 3584 cog-

968 3610 1126 3682 novisset,
1150 3609 1183 3670 et
1206 3609 1235 3670 si
1255 3609 1475 3686 cognovisset,
1493 3623 1673 3684 numquam
1700 3608 1768 3666 Do—

968 3709 1093 3768 minum
1112 3707 1228 3784 gloriae
1246 3706 1477 3777 crucifixisset,
1502 3705 1597 3776 idest,
1615 3703 1767 3778 crucifigi

968 3805 1114 3867 fecisset.
1138 3805 1201 3865 Sed
1215 3803 1378 3880 praevenit
1392 3805 1463 3880 ejus
1483 3801 1639 3863 astutiam
1652 3800 1765 3862 diviua

968 3902 1194 3974 Providentia,
1226 3902 1259 3962 et
1281 3900 1454 3962 abscondit
1472 3899 1681 3960 divinitatem
1705 3914 1765 3960 os-

967 4000 1106 4062 tendens
1116 3999 1356 4060 humanitatem
1377 4001 1412 4060 ut
1430 3997 1508 4059 dum
1527 3998 1586 4058 ille
1598 3996 1766 4060 hominem

968 4098 1083 4160 videns
1101 4097 1134 4160 et
1150 4100 1253 4159 Deum
1282 4097 1446 4169 nesciens,
1472 4096 1595 4174 injuste
1617 4094 1766 4172 cruciligi

968 4195 1136 4258 Christum
1156 4195 1281 4258 faceret
1302 4195 1359 4273 qui
1377 4211 1443 4256 non
1456 4193 1635 4266 meruerat,
1653 4209 1767 4254 omnes

967 4294 1118 4355 homines
1126 4293 1218 4370 Juste
1232 4293 1399 4355 amitteret
1413 4308 1495 4369 qnos
1509 4290 1654 4354 tenebat.
1672 4291 1766 4352 Unde

967 4391 1046 4456 Job:
1063 4396 1106 4453 In
1121 4395 1226 4454 oculis
1238 4395 1313 4464 ejus
1331 4394 1431 4466 quest
1445 4395 1546 4452 benzo
1560 4390 1672 4465 captet
1687 4405 1767 4451 enm

969 4487 1055 4568 (Job.
1071 4505 1125 4562 ει,
1144 4487 1208 4568 19.)
1224 4491 1312 4550 Deus
1326 4489 1425 4565 coepit
1441 4504 1527 4560 eum,
1544 4487 1631 4549 idest
1645 4487 1765 4548 diabo-

968 4587 1047 4659 lum,
1075 4587 1171 4664 quasi
1194 4586 1293 4648 hamo
1322 4586 1452 4662 capitur
1474 4585 1586 4662 piscis.
1607 4588 1645 4646 In
1667 4585 1766 4645 hamo

967 4684 1092 4746 ferrum
1109 4683 1334 4757 absconditur,
1346 4699 1421 4744 esca
1437 4683 1632 4754 ostenditur,
1640 4683 1672 4743 et
1689 4683 1767 4742 dum

968 4781 1069 4858 piscis
1086 4797 1197 4842 escam
1211 4780 1372 4844 devorare
1387 4780 1492 4856 putat,
1509 4779 1639 4855 capitur
1654 4778 1765 4840 hamo.

969 4880 1018 4942 lta
1033 4878 1173 4954 contigit
1187 4877 1329 4939 diabolo.
1345 4879 1429 4938 Dum
1444 4876 1573 4954 putavit
1582 4893 1693 4938 escam
1708 4877 1768 4938 de-

967 4992 1099 5049 vorare,
1127 4976 1225 5047 idest,
1256 4974 1379 5037 Christi
1406 4991 1540 5044 carnem
1560 4975 1767 5050 crucifigere,

969 5077 1084 5154 captus
1099 5075 1150 5138 est
1158 5073 1259 5142 ferro,
1274 5073 1361 5135 idest
1375 5073 1567 5149 divinitate;
1583 5074 1689 5136 etheo
1701 5073 1769 5135 fac-

968 5177 1037 5236 tum
1053 5173 1103 5234 est
1114 5173 1150 5233 in
1164 5171 1269 5234 oculis
1280 5174 1364 5250 ejus,
1378 5171 1466 5233 idest
1477 5171 1609 5242 vidente
1622 5171 1766 5244 diabolo,

969 5273 1047 5350 quia
1058 5271 1212 5347 cognovit
1222 5270 1317 5330 illurn
1331 5285 1426 5347 quem
1441 5253 1591 5345 crucifigi
1610 5268 1764 5341 faciebat,

969 5385 1042 5430 esse
1054 5371 1181 5446 justum
1195 5368 1228 5431 et
1239 5369 1400 5440 sanctum,
1411 5383 1479 5429 non
1491 5369 1602 5428 tamen
1612 5366 1768 5440 cognovit

968 5483 1044 5529 enm
1058 5483 1132 5526 esse
1147 5468 1262 5528 Deum.
1278 5468 1349 5526 Hoc
1361 5465 1458 5526 modo
1466 5465 1549 5528 vidit
1565 5480 1686 5536 escam,
1700 5480 1766 5525 non

969 5565 1114 5625 hamum.

1009 5661 1121 5723 Tertia
1149 5661 1186 5722 ut
1211 5675 1314 5737 puero
1345 5657 1503 5721 nutritius
1523 5658 1763 5736 provideretur,

969 5759 1054 5840 quod
1078 5757 1216 5822 decebat
1241 5759 1276 5820 ut
1305 5773 1388 5835 puer
1412 5757 1550 5820 baberet
1577 5756 1762 5828 nutritium,
