4072 6314
139 333 201 398 589
767 331 996 392 EPISTOLAE.
1019 330 1098 392 LIB.
1123 330 1163 391 11.
1736 323 1796 384 590

15 474 30 568 ¹:
138 489 936 567 3333133131,311331331331131333133331311331,
994 487 1084 551 tione
1099 487 1280 550 summaria
1302 499 1407 562 usque
1429 483 1512 546 adeo
1539 481 1601 543 fuit
1622 482 1662 543 ad
1687 483 1794 558 ipsius

137 591 272 670 quando
298 590 339 651 de
366 605 459 651 mera
480 589 612 667 justitia
641 588 865 650 cathedralem
893 587 941 649 ihi
995 584 1120 659 negotii
1143 581 1461 644 consummationem
1485 593 1687 656 processum,
1708 579 1794 655 quod

12 676 76 766 ff·
136 689 306 750 restauret
315 689 488 760 honorem,
506 687 540 749 et
551 687 687 749 obedire
703 688 864 764 cogantur
878 686 941 747 cle·
996 697 1096 760 super
1105 681 1169 744 hoc
1182 681 1312 742 demum
1327 677 1545 741 deliberatum
1555 677 1683 738 exstitit
1696 693 1715 738 a
1731 676 1796 738 ira·

138 789 214 859 rici,
229 786 285 864 qui
299 802 358 864 pro
369 787 519 864 tempore
534 785 635 848 fuerit
646 785 850 858 cathedrale,
865 799 943 861 quo·
995 779 1101 842 tribus
1116 781 1151 840 in
1164 778 1341 848 communi,
1359 793 1422 839 nec
1437 775 1599 853 superfuit
1614 774 1715 847 aliud,
1730 775 1797 835 nisi

49 878 61 968 ζ’
137 887 231 947 31331
248 885 276 945 31
297 885 398 946 etiam
415 886 649 962 componentes
664 883 796 961 aliquod
814 885 939 959 praeju-
996 876 1175 955 publicatio
1191 875 1371 938 voluntatis
1391 874 1551 952 ejusdem,
1573 889 1647 950 qum
1667 873 1796 935 tantum

20 975 53 1000 “²¹
136 979 222 1041 dicii
234 979 275 1041 ad
288 980 438 1056 posteros
458 977 717 1049 transtulissent,
739 975 797 1037 sed
809 975 941 1036 vacanti
997 974 1084 1037 facto
1101 975 1276 1036 ridebatur
1304 971 1465 1049 exposita,
1492 988 1592 1049 quum
1624 971 1712 1032 idem
1738 985 1798 1047 per

12 1063 64 1146 'j·³··
138 1091 263 1139 nocere
276 1091 344 1137 non
371 1075 510 1153 3313331,
534 1077 566 1137 31
589 1075 699 1136 futuro
725 1072 942 1152 praejudicare
997 1073 1364 1135 civeslnteramnenses
1375 1070 1526 1132 ecclesiae
1537 1068 1703 1132 vestraead
1714 1085 1795 1144 opus

12 1162 51 1257 ''f'‘
139 1175 286 1251 pastori,
314 1173 461 1250 alioquin
487 1173 623 1250 possent
659 1171 814 1248 subjecti,
843 1185 943 1248 quum
997 1169 1100 1232 futuri
1127 1169 1269 1248 pastoris
1283 1169 1320 1230 in
1335 1168 1497 1240 domibus,
1517 1166 1794 1244 possessionibus,

139 1271 267 1334 vellent
288 1273 370 1349 juga
385 1286 520 1332 suorum
542 1270 754 1348 praelatorum
772 1268 940 1340 excutere,
997 1270 1030 1330 et
1044 1267 1120 1330 aliis
1135 1283 1195 1345 pro
1217 1267 1336 1345 majori
1356 1267 1450 1344 parte
1469 1264 1585 1327 fecerit
1607 1264 1795 1342 providere.

13 1359 56 1422 ''³1'-
139 1371 173 1430 si
188 1370 237 1430 sic
251 1368 456 1446 praelationis
471 1368 590 1431 electio
605 1367 792 1445 subjaceret
803 1365 943 1428 arbitrio
997 1367 1067 1428 Nos
1087 1367 1198 1428 autem
1218 1365 1339 1443 praeter
1359 1362 1530 1441 praedicta,
1549 1362 1797 1424 considerantes

12 1462 59 1508 11ιὶ
139 1465 378 1543 subjectorum.
397 1465 508 1528 Satius
530 1465 608 1543 quia
623 1480 682 1542 pro
706 1479 773 1526 non
785 1463 864 1526 dato
877 1463 943 1524 ba·
998 1463 1205 1536 commodum
1225 1463 1422 1533 animarum,
1449 1460 1535 1538 quod
1555 1458 1797 1521 habitatoribus

12 1557 64 1608 22:
139 1563 249 1635 betur,
266 1563 352 1641 quod
367 1563 411 1624 ab
423 1579 464 1626 eo
479 1563 585 1635 datur,
601 1563 660 1640 qui
674 1562 775 1623 dandi
800 1562 944 1624 1133133-
998 1561 1062 1624 1331
1083 1577 1143 1640 333
1167 1561 1345 1639 specialem
1368 1560 1559 1636 episcopum
1585 1557 1717 1619 facilius
1735 1573 1798 1634 po-

12 1663 46 1706 2-‘i
141 1660 216 1723 buit
230 1661 436 1737 potestatem,
462 1661 495 1723 et
518 1661 583 1722 dici
609 1676 676 1722 non
698 1659 795 1722 debet
816 1659 943 1738 justum
997 1659 1076 1722 terit
1097 1659 1291 1736 provenire,
1326 1657 1532 1720 attendentes
1555 1656 1796 1726 nihilominus,

12 1765 32 1774 ’“
142 1757 365 1836 possessionis
390 1759 523 1820 titulum
550 1758 740 1830 contulisse,
766 1755 945 1835 311133331-
977 1756 1245 1836 :quodtempore
1258 1757 1370 1817 nostro
1383 1754 1642 1816 interamnensis
1656 1768 1800 1814 commu·

12 1866 51 1922 11,
141 1856 223 1918 dere
239 1855 390 1933 nequivit
407 1877 416 1916 ε
434 1856 564 1916 nullum
587 1854 793 1934 probabilem
810 1853 943 1916 titulum
999 1855 1087 1916 nitas
1113 1869 1173 1931 per
1200 1853 1421 1930 adjectionem
1447 1868 1514 1913 non
1547 1850 1710 1913 modicam
1738 1865 1798 1926 pro

27 1964 56 2006 's-
141 1953 228 2014 citra
243 1952 432 2030 spiritualia
445 1969 505 2031 per
518 1953 766 2016 concessionem
780 1951 943 2028 imperia·
976 1942 978 1950 ’
998 1950 1180 2028 3313333311
1196 1965 1311 2012 313333
1333 1951 1429 2027 31333
1444 1949 1597 2028 providit,
1615 1964 1657 2010 ne
1676 1946 1798 2009 divinas

12 2065 51 2105 :s
143 2049 210 2110 lem
220 2049 417 2126 Spoletanus
427 2049 601 2128 episcopus
609 2049 672 2112 fuit
679 2049 862 2111 assecutus.
874 2049 945 2109 Nec
998 2048 1116 2124 gratiae
1129 2047 1303 2110 videamur
1315 2047 1450 2123 ingrati,
1466 2061 1539 2123 quae
1554 2044 1595 2106 ad
1610 2045 1710 2107 talem
1726 2043 1797 2104 313-

12 2158 55 2220 rj·
141 2147 284 2220 confert,
301 2149 331 2209 si
345 2147 487 2210 forsitan
498 2147 634 2220 erravit,
651 2147 746 2225 quasi
753 2146 840 2224 juris
852 2146 945 2222 igna-
998 2146 1068 2207 tum
1083 2146 1366 2207 Interamnensem
1391 2143 1525 2204 reduxit
1550 2141 1737 2212 ecclesiam,
1763 2141 1800 2201 ut

12 2262 39 2303 3
142 2260 215 2318 rus,
247 2245 326 2307 talia
352 2245 393 2306 de
418 2261 519 2306 manu
542 2245 707 2322 recipiens
729 2243 852 2316 laicali,
870 2259 944 2306 cum
999 2243 1171 2320 proprium
1205 2243 1310 2320 possit
1346 2240 1508 2303 rehabere
1542 2241 1730 2316 pastorem,
1767 2239 1801 2298 et

12 2363 32 2404 ·.-:
47 2393 53 2400 .
143 2342 266 2403 stultus
281 2343 429 2405 melioris
438 2342 636 2405 conditionis
651 2359 726 2404 esse
738 2358 804 2404 non
815 2341 943 2412 debeat,
998 2355 1136 2402 necesse
1151 2356 1218 2401 non
1229 2339 1360 2412 habeat,
1373 2337 1475 2400 alicui
1490 2337 1651 2412 suffragia
1665 2335 1799 2396 mendi-

12 2461 43 2519 3·
143 2455 246 2516 quam
266 2439 404 2518 peritus.
429 2442 494 2501 Per
522 2439 791 2502 confirmationes
814 2453 945 2516 quoque
999 2454 1076 2500 care
1090 2437 1126 2498 in
1138 2437 1254 2500 eadem
1269 2437 1310 2498 de
1325 2436 1492 2498 communi
1507 2434 1646 2496 fratrum
1661 2432 1799 2494 nostro·

12 2561 46 2602 .;-
144 2539 372 2598 Romanorum
387 2537 583 2599 Pontificum
590 2552 711 2600 norum
724 2537 945 2615 possessionis
998 2551 1073 2596 rum
1094 2535 1246 2608 consilio,
1266 2533 1466 2613 episcopalis
1479 2532 1650 2608 dignitatis
1663 2530 1797 2593 restau-

12 2659 42 2701 ;.·:
143 2633 278 2696 1111111131
287 2634 740 2712 Spoletanusnonacquisivil
755 2635 943 2711 episcopus,
999 2647 1113 2694 ramus
1137 2633 1309 2705 honorem,
1333 2631 1527 2704 statuentes,
1556 2631 1591 2693 ut
1619 2628 1703 2692 nulli
1731 2627 1798 2690 nisi

16 2759 42 2816 31
145 2747 223 2792 cum
253 2731 448 2794 3313311113
477 2731 573 2795 modo
600 2732 841 2804 confirmarint,
871 2746 945 2808 (3133
1000 2733 1150 2792 Romano
1161 2729 1315 2791 Pontifici
1326 2729 1369 2791 sit
1383 2727 1542 2806 subjecta.

140 2828 244 2904 J'uste,
265 2843 306 2889 ac
330 2829 490 2891 canonice
517 2828 716 2906 possidebat.
740 2831 844 2890 Porro
868 2828 947 2889 licet
1040 2821 1798 2902 13133113133331111.13311331133311133133

19 2958 33 3015 l·
143 2921 275 3000 plebem
290 2925 421 2986 833313
435 2923 947 2987 1133133131333333333131111133-
1000 2924 1206 2987 3331313333
1222 2925 1379 2986 secundo.

17 3055 38 3096 :2
141 3021 200 3080 tur
220 3020 309 3083 inter
324 3021 409 3084 alias
429 3020 588 3084 ecclesias
612 3021 647 3082 13
670 3021 740 3082 3313
761 3020 946 3098 privilegiis
1369 3065 1434 3151 GV

143 3118 373 3192 confirmasse,
386 3135 452 3181 non
468 3120 602 3197 propter
614 3119 677 3180 1133
688 3118 849 3195 sequitur,
859 3117 946 3194 quod

12 3251 30 3294 ,1
141 3215 185 3277 de
213 3216 357 3279 ecclesia
375 3216 605 3278 intellexerint
632 3215 827 3287 cathedrali,
845 3230 946 3292 quum
1120 3209 1173 3270 nu
1190 3209 1400 3269 Ludootcom
1421 3208 1515 3282 repis
1529 3207 1679 3278 Philippi

142 3325 213 3374 non
240 3313 436 3390 simpliciter
461 3313 743 3374 interamnensem
769 3311 946 3374 ecclesiam
1260 3303 1543 3382 31133333311333.

142 3409 302 3482 dixerint,
322 3410 379 3470 sed
403 3407 531 3487 plebem
553 3411 683 3472 Sanctae
705 3409 821 3473 Mariae
839 3409 948 3470 Inter-
1149 3457 1153 3466 .
1306 3426 1497 3500 1311131118.

142 3507 324 3580 amomis,
341 3506 375 3569 θῘ
396 3506 480 3570 ῩΟΓῘΘ
496 3523 563 3568 non
584 3507 708 3584 absque
727 3506 868 3578 cautela,
886 3521 947 3568 ¹10⁰
1002 3531 1136 3598 [anun
1150 3531 1252 3585 Resueil
1263 3531 1306 3582 des
1318 3531 1463 3589 historiens,
1476 3535 1495 3581 1.
1507 3531 1574 3591 xix,
1587 3545 1614 3596 p.
1630 3529 1685 3580 117.
1699 3529 1799 3595 1133331.

144 3605 224 3666 ideo
238 3605 324 3682 quod
340 3604 465 3667 solebat
479 3604 702 3667 cathedralem
717 3604 966 3668 interamnem..
1266 3611 1314 3662 lib.
1334 3612 1365 3672 11,
1382 3611 1456 3674 epist.
1468 3610 1536 3674 aaa]

143 3717 216 3762 ⁸⁰⁸¹
239 3701 642 3780 ᾖιί511113111111111111111οᾰ
667 3701 946 3763 ὃῦἱνθΐῑῦῖῒῧῙθΠ]
1002 3716 1290 3791 Roganteludovico
1306 3716 1428 3790 Philippi
1442 3715 1799 3789 33313111331333133113

18 3826 26 3865 ¹„
144 3799 234 3861 hanc
248 3816 334 3872 esse,
346 3815 445 3876 quam
455 3800 548 3877 plebs
556 3799 751 3877 simpliciter
760 3799 848 3860 inter
862 3798 946 3860 elias
1036 3812 1135 3863 333133
1149 3820 1182 3862 33
1194 3813 1301 3863 3131133
1313 3805 1348 3861 ab
1360 3805 1396 3862 Α.
1411 3805 1438 3862 S.
1455 3806 1512 3861 1313
1525 3803 1671 3872 irritabat,
1686 3804 1800 3862 31133113

12 3877 29 3973 J
144 3896 297 3969 vocabat,
314 3911 373 3974 per
388 3897 473 3974 quod
489 3897 564 3974 plus
585 3896 794 3975 impetrantis
813 3896 947 3957 notatur
993 3923 995 3930 v
1037 3895 1093 3952 hac
1107 3894 1258 3952 relitteres
1272 3894 1349 3951 vires
1364 3909 1422 3951 non
1439 3892 1545 3950 hebere
1560 3892 1688 3950 decernit
1701 3895 1797 3950 Hono·

143 3992 300 4070 objectio,
315 4010 413 4071 quam
424 3993 608 4056 liberalitas
618 3994 857 4066 confirmantis,
872 4008 946 4054 oum
1037 3985 1106 4054 liuh
1122 3981 1798 4076 111111111111111111101111111191111181ῑῶ161ῐῦ

23 4129 25 4136 ,
145 4090 417 4153 coiiflrmationes
449 4091 639 4169 hujusmodi
667 4091 857 4168 suspicione
879 4105 946 4152 non
1037 4072 1278 4146 llilssfllibifflf·

17 4230 20 4235 ,
145 4189 295 4260 careant,
315 4188 370 4250 ubi
397 4205 517 4250 nomen
533 4188 751 4265 supprimitur
761 4188 944 4264 dignitatis.
1041 4191 1210 4252 Honorius
1233 4189 1445 4268 episcopus...
1462 4187 1582 4252 dilecto
1603 4189 1671 4251 lilio
1695 4187 1800 4250 nobili

16 4340 22 4350 ,
145 4285 366 4358 caeterumsi
386 4287 487 4347 etiam
511 4287 632 4347 tacitus
656 4286 770 4362 posset
789 4283 945 4362 praesumi
1000 4287 1074 4349 viro
1100 4288 1279 4360 Ludovico,
1307 4287 1448 4350 illustris
1475 4288 1566 4365 regis
1595 4289 1799 4349 Francorum

144 4397 340 4454 consensus,
361 4399 427 4444 non
448 4382 582 4444 deberet
596 4383 750 4444 sufficere
763 4382 842 4445 talis
855 4398 946 4460 prae·
1001 4385 1235 4462 primogenito
1252 4387 1316 4448 etc.

145 4482 301 4556 sumptio,
314 4481 504 4541 maximein
516 4479 703 4542 manifestae
714 4480 946 4558 praejudicium
1041 4483 1206 4544 inducunt
1216 4499 1278 4544 nos
1299 4484 1365 4544 tuae
1382 4482 1605 4544 consideratio
1627 4469 1798 4556 magnitu-

145 4575 322 4649 lihertatis‚
340 4579 417 4654 quia
438 4595 538 4655 quum
561 4579 668 4640 omnis
690 4594 744 4640 res
763 4593 823 4656 per
846 4593 947 4655 quas·
1002 4581 1100 4654 dinis,
1117 4583 1150 4643 et
1163 4581 1316 4656 specialis
1329 4595 1391 4655 qua
1407 4582 1439 4641 13
1454 4578 1685 4654 amplectimur
1696 4579 1802 4639 affec-

145 4689 287 4751 cumque
318 4691 438 4736 causas
469 4676 693 4747 contrahitur,
723 4691 783 4753 per
812 4675 946 4737 easdem
1000 4679 1048 4740 tio
1068 4678 1228 4750 caritatis
1253 4677 1289 4738 ut
1309 4676 1436 4738 devotis
1457 4678 1524 4737 tuae
1544 4675 1799 4750 magnificentiae

145 4771 346 4846 regulariter
382 4772 586 4834 dissolvitur.
627 4776 664 4833 13
695 4772 834 4845 talibus,
872 4789 946 4850 quae
1002 4777 1154 4854 precibus
1173 4791 1358 4846 assensum,
1377 4775 1535 4852 quantum
1556 4774 1716 4851 permittit
1734 4774 1798 4835 bo-

145 4868 285 4944 speciali
318 4869 491 4945 privilegio
526 4871 661 4930 Summo
690 4871 766 4931 sunt
793 4871 946 4931 Pontifici
1001 4876 1123 4945 nestas,
1140 4872 1336 4934 benevolum
1350 4872 1567 4949 praebeamus.
1583 4874 1663 4932 Cum
1686 4872 1797 4949 igitur,

144 4965 327 5038 reservata,
356 4966 441 5027 sicut
468 4967 504 5026 in
528 4966 749 5039 concedendo,
778 4967 826 5028 sio
855 4967 946 5029 etin
1000 4967 1176 5047 reprobato
1190 4983 1424 5046 perversorum
1445 4967 1558 5029 fallaci
1573 4968 1724 5042 consilio,
1742 4969 1799 5046 qui

144 5063 327 5125 3111333313
349 5079 528 5140 expressus
548 5063 756 5126 desideratur
777 5081 944 5126 assensus.
1001 5067 1034 5130 te
1059 5066 1171 5144 pravis
1196 5067 1408 5128 suasionibus
1434 5065 1636 5129 fascinantes
1659 5067 1801 5144 impule-

145 5159 284 5221 lnterim
318 5175 398 5222 vero
434 5161 673 5236 praenominato
701 5162 946 5246 praedecessore
1001 5164 1086 5237 rant,
1112 5164 1150 5226 111
1175 5164 1334 5226 deserens
1359 5165 1521 5228 imitanda
1550 5166 1799 5242 progenitorum

145 5257 259 5319 nostro
275 5255 405 5319 sublato
420 5256 461 5318 de
474 5258 593 5329 medio,
606 5258 693 5336 apud
705 5274 765 5319 nos
778 5258 946 5321 institistis
1001 5264 1133 5324 tuorum
1148 5261 1300 5339 vestigia,
1320 5263 1467 5340 erigeres
1488 5263 1520 5326 te
1541 5265 1655 5324 contra
1671 5265 1798 5324 Roma-

146 5354 351 5430 suppliciter,
366 5356 399 5416 et
411 5354 622 5432 supplicastis
637 5356 812 5428 instanter,
829 5355 946 5435 utjam
1001 5375 1078 5420 nam
1106 5359 1289 5422 Ecclesiam
1316 5364 1455 5423 matrem
1488 5362 1597 5432 tuam,
1629 5359 1801 5422 humiliter

146 5451 246 5512 finem
268 5451 483 5526 dignaremur
506 5451 586 5512 dare
606 5453 750 5528 negotio.
766 5455 872 5524 Quum
888 5470 947 5530 per
1002 5457 1087 5518 sicut
1095 5457 1228 5534 sapiens
1239 5457 1327 5519 iilius
1338 5457 1379 5520 ad
1390 5460 1462 5535 ejus
1474 5456 1683 5519 devotionem
1695 5457 1800 5519 redie-

146 5547 299 5609 eumdem
312 5563 377 5608 non
397 5548 602 5610 contentioso
612 5548 752 5627 judicic,
767 5551 822 5612 sed
837 5551 947 5628 cogni·
1001 5553 1059 5627 ris,
1070 5554 1237 5618 mediante
1251 5555 1371 5618 dilecto
1386 5554 1456 5615 illio
1471 5555 1585 5616 nostro
1601 5559 1637 5617 G.
1653 5554 1700 5636 (1)
1710 5555 1798 5617 tituli

182 5651 222 5728 (l)
239 5649 376 5710 Gualone.
