4080 6316
80 331 144 392 sn
364 403 369 410 ,
708 325 938 388 serendum.
963 319 1042 388 111.
1066 325 1106 385 11.
1675 321 1735 382 111

81 487 268 552 Ecclesiam
287 502 368 550 vero
390 487 520 550 8111111
539 485 656 548 Marias
674 485 710 547 in
725 485 882 558 Bracber,
939 485 1071 548 incarn.
1097 485 1189 546 Dom.
1208 497 1297 544 anno
1316 483 1516 558 MCCXVIII,
1542 481 1738 560 1111111111-

81 601 190 665 usque
207 585 248 646 ad
263 583 362 646 tinem
380 583 548 662 parochiae
565 583 716 644 Lemsniz
731 581 766 642 in
781 581 884 642 latum
939 581 1022 642 mini
1036 580 1176 642 Honorii
1191 595 1285 657 papae
1300 579 1390 643 tertii
1403 595 1491 642 anno
1507 581 1665 642 secundo.

81 701 160 745 cum
182 682 334 746 omnihus
360 680 527 754 ecclesiis,
553 680 687 752 mediis,
713 681 747 740 et
770 693 885 740 earum

81 781 295 859 pertinentiis
311 779 344 842 et
358 779 509 858 capellis,
531 795 604 857 quae
620 778 696 839 sunt
710 777 746 838 in
769 793 885 839 earum
1265 765 1413 854 GCCVI

82 879 239 941 terminis
253 877 453 940 constitutae.
468 876 627 940 Redditus
645 877 755 937 autem
774 874 885 938 futuro
1107 919 1160 978 Aa
1174 920 1370 994 episcopum
1394 920 1559 982 mmm

81 977 241 1054 episcopo
254 975 473 1051 assignandos
491 974 692 1038 invenerunt
710 972 884 1035 ecclesiam
1287 1041 1292 1051 Ι
1334 1039 1343 1056 ·
1564 965 1572 980 '

82 1073 266 1145 vaustorti,
283 1074 417 1134 etXXX
434 1087 567 1133 mansos
584 1072 624 1133 de
640 1085 786 1142 nemore,
799 1070 884 1147 quod
1240 1041 1343 1114 mun·
1358 1042 1438 1101 ¹²¹⁸·

84 1173 138 1234 est
152 1171 238 1249 apud
252 1170 402 1244 fluvium,
419 1170 477 1247 qui
496 1170 633 1232 vocatur
650 1169 761 1241 Gerol,
778 1168 887 1228 eccle-
987 1153 1109 1218 [negem
1119 1152 1164 1204 ¹¹¹³·
1175 1154 1206 1214 ¹¹»
1219 1169 1259 1220 ο1)·
1269 1155 1338 1204 ¹²⁶⁶·
1349 1155 1406 1206 ⁵¹⁸⁸·
1419 1156 1541 1208 narona
1554 1156 1588 1208 (¹¹¹
1600 1157 1694 1222 rnen]

84 1269 172 1330 siam
192 1267 359 1341 Leibentz,
374 1267 550 1330 ecclesiam
564 1269 689 1343 Togan,
710 1265 885 1328 ecclesiam
942 1261 978 1319 Ut
992 1259 1141 1334 provideat
1154 1259 1230 1333 quod
1251 1260 1326 1319 bona
1347 1261 1478 1320 ecclesie
1503 1263 1741 1322 Grandinaontcn.

85 1365 196 1440 Rahe,
229 1381 304 1427 cum
331 1365 484 1438 omnibus
512 1364 723 1442 pertinentiis
749 1379 885 1425 earum·
1171 1349 1292 1408 distrahi
1312 1364 1369 1408 101
1389 1351 1508 1423 possint.

84 1464 173 1536 118111,
204 1464 297 1525 salvo
322 1464 434 1525 tamen
453 1465 532 1540 jure
555 1477 784 1540 personarum,
814 1477 886 1539 (111ae
981 1467 1159 1540 Honorius,
1176 1469 1252 1541 etc,
1268 1467 1453 1530 venerabili
1477 1467 1611 1531 111111...
1631 1471 1744 1532 Picta·

84 1561 135 1623 ibi
168 1561 328 1624 hactenus
361 1561 501 1623 Domino
535 1560 728 1632 servierint,
759 1559 886 1620 curiam
941 1579 1016 1626 ven.
1033 1565 1200 1643 episcopo.

85 1674 217 1738 quoque
241 1659 436 1721 decimalem
463 1658 497 1720 iu
525 1658 669 1731 Saccah,
696 1660 729 1720 et
754 1657 887 1718 domum
982 1663 1196 1736 Detrimenta,
1218 1677 1292 1742 quae
1306 1663 1578 1727 Grandimonten.
1597 1664 1740 1726 ecclesia

85 1759 125 1818 in
140 1759 288 1830 Frlsaco,
313 1771 447 1834 quamn
471 1756 575 1818 nobili
596 1756 736 1818 muliere
760 1759 885 1827 Emma,
941 1759 1091 1837 tempore
1111 1765 1181 1837 jam
1203 1762 1303 1838 longo
1327 1777 1484 1839 perpessa
1503 1762 1555 1824 est
1580 1763 1613 1822 et
1634 1761 1744 1824 adhuc

87 1857 123 1918 et
137 1855 270 1917 domum
291 1855 327 1916 in
349 1855 484 1917 civitate
500 1855 599 1927 Sala,
622 1871 721 1933 quam
734 1853 775 1915 ab
797 1856 889 1914 Hen-
943 1857 1068 1935 patitur
1081 1857 1291 1921 incessanter
1304 1874 1347 1920 ex
1359 1858 1537 1932 discordia,
1548 1873 1646 1937 quam
1662 1874 1745 1920 con-

86 1953 160 2014 1111
181 1953 254 2014 cive
269 1953 354 2014 Salz.
381 1953 504 2025 emisti,
526 1968 569 2014 ex
595 1951 713 2030 quihus
735 1950 887 2013 omnibus
942 1955 1064 2016 cordiae
1080 1955 1495 2028 inimicusinterclericos,
1510 1959 1546 2018 et
1564 1972 1744 2018 conversos

88 2049 272 2110 secundum
287 2049 542 2111 aestimationem
560 2049 721 2111 bonorum
739 2048 887 2110 virorum
942 2051 1048 2129 ipsius
1072 2053 1223 2115 ecclesias
1251 2053 1437 2127 seminavit,
1467 2053 1527 2116 tibi
1555 2057 1633 2116 sunt
1660 2055 1743 2115 adeo

86 2150 312 2209 trecentarum
348 2162 535 2208 marcarum
564 2147 711 2208 redditus
738 2146 887 2224 plenarie
943 2133 1131 2224 manifesta,
1162 2151 1198 2214 ut
1222 2151 1379 2216 relationi
1398 2165 1513 2214 eorum
1533 2167 1593 2215 nos
1613 2167 1743 2230 nequa-

87 2245 266 2322 provenire
277 2245 467 2317 creduntur,
482 2245 651 2322 dequibus
665 2243 793 2306 futurus
805 2243 889 2320 epis·
943 2262 1041 2322 quam
1056 2248 1207 2324 oporteat
1220 2246 1404 2310 immorari.
1419 2249 1499 2309 Cum
1510 2249 1620 2310 autem
1631 2247 1744 2310 dilecti

87 2358 192 2420 copus
216 2341 398 2404 bononica
425 2343 547 2420 poterit
572 2342 763 2405 sustentari.
795 2341 888 2403 Unde
943 2343 1041 2404 lilii...
1065 2343 1168 2408 abbas
1189 2345 1428 2415 ⁴Pontiniacen.
1454 2345 1648 2407 cistercien.
1680 2361 1742 2406 or-

88 2440 185 2502 nobis
198 2456 257 2518 per
278 2439 429 2502 eumdem
451 2440 676 2518 praepositum,
704 2443 737 2501 et
758 2440 887 2502 litteras
944 2441 1043 2512 dinis,
1072 2445 1144 2504 et...
1161 2441 1254 2519 prior
1276 2443 1390 2504 Sancti
1404 2442 1549 2505 Victoris
1564 2441 1743 2511 Parisien„

86 2541 163 2605 tuas
185 2539 305 2600 iterum
330 2555 405 2600 cum
432 2538 593 2600 instantia
620 2537 826 2614 supplicasti,
854 2539 888 2598 ut
942 2538 1062 2616 quihus
1097 2540 1286 2616 satagentes
1319 2539 1538 2602 dissensionis
1570 2541 1744 2602 materiam

87 2653 163 2698 cum
177 2638 314 2714 paratus
328 2637 385 2709 sis,
408 2640 441 2699 ei
457 2636 553 2698 dioec.
570 2639 603 2698 et
617 2635 775 2708 redditus,
802 2635 889 2696 sicut
942 2637 1129 2714 extirpare,
1171 2637 1277 2714 ipsius
1320 2637 1471 2700 ecclesias
1519 2638 1744 2700 visitationem

88 2734 243 2812 superius
271 2735 322 2796 est
349 2749 561 2812 expressum,
594 2733 704 2796 1111111
732 2733 887 2810 episcopo
942 2735 1181 2807 commisimus,
1212 2735 1351 2799 dilectos
1377 2735 1463 2796 illics
1490 2737 1524 2796 C.
1543 2736 1687 2812 priorem
1712 2737 1745 2796 et

86 2833 277 2909 assignare,
307 2831 368 2894 tihi
388 2831 580 2894 facultatem
607 2831 742 2893 creandi
765 2847 888 2892 novum
942 2832 1082 2894 clericos
1115 2847 1242 2905 omnes,
1269 2829 1355 2895 sicut
1380 2833 1585 2910 accepimus,
1610 2835 1745 2910 propter

86 2929 279 3007 episcopum
313 2929 349 2990 in
384 2930 542 3008 praedicta
582 2931 717 2991 Seccov.
746 2929 887 2990 ecclesia
943 2930 1128 3007 periculum
1143 2931 1229 3008 quod
1244 2931 1418 2992 imminere
1431 2930 1603 3002 timebant,
1617 2931 1744 2992 eduxe-

83 3027 305 3101 traderemus,
329 3027 375 3089 ita
391 3027 478 3107 quod
497 3027 616 3090 electio
640 3029 673 3089 et
692 3026 888 3090 investitura
941 3026 1010 3089 rint
1029 3026 1070 3088 ab
1091 3027 1208 3090 eadem
1222 3027 1258 3088 in
1278 3028 1348 3090 suis
1367 3027 1520 3090 ecclesiis
1543 3029 1742 3100 moraturos,

83 3124 235 3203 ep’usdem
248 3125 406 3206 episcopi,
419 3125 461 3186 ad
476 3126 520 3196 te,
534 3142 574 3188 ac
587 3141 797 3187 successores
811 3125 887 3186 tuos
942 3140 1114 3203 quousque
1141 3140 1257 3186 eorum
1285 3139 1443 3202 processu
1467 3125 1618 3202 plenarie
1641 3125 1743 3187 intel-

84 3221 213 3303 absque
235 3223 325 3286 omni
353 3223 616 3286 contradictione
641 3223 816 3300 pertineat,
846 3221 887 3282 de
942 3223 1028 3285 lecto
1052 3222 1305 3299 provideamus,
1334 3225 1432 3300 prout
1463 3223 1611 3300 pensatis
1636 3238 1744 3298 nego-

84 3336 229 3398 quorum
261 3319 357 3382 honis
390 3320 478 3382 idem
511 3315 721 3399 episcopatus
756 3318 910 3404 dotatus¹
941 3313 1254 3383 tiicircumstaatiis
1280 3319 1468 3382 videremus
1490 3320 1740 3398 providendum.

84 3418 236 3480 noscitur
256 3418 288 3479 et
310 3417 445 3480 ditatus.
463 3417 642 3480 (turcensis
663 3419 774 3479 autem
799 3417 889 3494 epis·
942 3420 1012 3480 Nos
1026 3420 1179 3483 verentes
1194 3435 1236 3480 ue
1252 3418 1424 3482 conversis
1439 3418 1495 3495 qui
1511 3421 1746 3480 remanserunt

84 3532 201 3594 copus,
223 3516 280 3594 qui
295 3515 441 3577 vicarius
462 3515 569 3578 Salzb.
592 3515 751 3576 antistitis
768 3515 803 3575 in
827 3530 888 3576 sua
942 3516 978 3579 in
993 3517 1066 3594 ipsa
1086 3516 1314 3578 ecclesiastica
1327 3519 1400 3593 ejus
1415 3517 1608 3579 thesaurum
1620 3519 1745 3580 temere

85 3615 185 3675 dioec.
218 3630 292 3675 esse
322 3613 539 3690 dignoscitur,
561 3613 674 3673 inille
696 3628 826 3690 quoque
845 3612 889 3674 sii
942 3613 1217 3685 distrahentibus,
1232 3614 1319 3676 sicut
1340 3629 1401 3690 pro
1419 3616 1513 3691 parte
1534 3616 1606 3692 jam
1626 3613 1745 3676 iecisse

85 3713 280 3791 episcopatu
301 3711 458 3785 vicarius,
475 3713 634 3788 quantum
658 3709 888 3788 archiepisco·
942 3709 1108 3784 dicuntur,
1137 3710 1171 3772 id
1197 3710 1293 3772 nohis
1316 3726 1356 3772 eo
1378 3710 1522 3788 amplius
1548 3710 1742 3788 imputetur,

85 3809 175 3894 palis
190 3809 295 3886 exigit
305 3808 507 3887 jurisdictio,
536 3823 578 3870 ne
592 3808 628 3870 in
642 3808 705 3870 hoc
719 3807 818 3870 etiam
829 3809 887 3886 jus
943 3823 1007 3886 quo
1027 3807 1099 3886 ipsa
1118 3808 1260 3872 ecclesia
1283 3808 1463 3886 specialius
1491 3809 1533 3870 ad
1560 3811 1744 3872 Romanam

84 3907 194 3986 ipsius
209 3923 311 3984 grave
326 3905 535 3985 dispendium
552 3906 708 3984 patiatur.
734 3907 803 3968 Nos
818 3906 887 3982 igi·
943 3905 1124 3968 Ecclesiam
1156 3906 1304 3968 noscitur
1330 3905 1512 3983 pertinere,
1543 3906 1744 3969 fraternitati

84 4007 143 4069 tur
157 4004 269 4068 habito
283 4005 424 4070 11111111
437 4006 626 4068 nostrorum
641 4004 792 4078 consili0,
810 4005 888 4082 quia
942 4005 1020 4076 tuae,
1028 4004 1170 4081 1111111111
1178 4004 1250 4066 zelo
1261 4005 1294 4066 et
1304 4003 1512 4083 providentia
1522 4003 1744 4066 indubitatam

83 4105 182 4166 tuum
207 4104 243 4166 in
272 4104 335 4165 hac
363 4105 456 4182 parte
484 4103 690 4182 propositum
713 4103 754 4164 ad
783 4103 888 4165 divini
943 4102 1098 4164 fiduciam
1117 4101 1314 4176 obtinemus,
1339 4117 1399 4180 per
1413 4103 1604 4180 apostolica
1619 4104 1745 4180 scripta

83 4202 234 4265 nominis
262 4202 415 4279 gloriam,
443 4202 476 4266 et
499 4199 691 4264 christianae
716 4202 889 4279 religionis
943 4201 1166 4278 praecipiendo
1193 4201 1400 4274 mandamus,
1425 4203 1600 4281 quatenus,
1625 4217 1747 4262 secun-

84 4303 302 4378 augmentum
322 4299 548 4365 intelleximus
572 4299 753 4378 pertinere,
775 4299 888 4361 favore
942 4298 1020 4360 dum
1041 4299 1152 4360 daiam
1175 4298 1234 4361 tibi
1254 4315 1274 4360 a
1293 4301 1361 4362 Deo
1377 4299 1597 4377 prudentiam,
1610 4299 1744 4360 studeas

84 4399 170 4466 illud
204 4399 394 4476 apostolico
428 4399 686 4475 prosequentes,
723 4397 888 4475 postulata
943 4397 1129 4474 providere,
1144 4397 1231 4475 quod
1251 4397 1441 4476 hujusmodi
1461 4397 1623 4475 pendente
1641 4413 1746 4472 nego·

84 4497 311 4569 concedimus,
328 4495 427 4558 sicuti
448 4495 602 4574 superius
617 4496 695 4558 sunt
715 4509 886 4573 expressa,
941 4494 1000 4567 tio,
1013 4494 1391 4572 ipsiusecclesiaeboua,
1404 4496 1438 4556 et
1449 4495 1639 4571 specialiter
1651 4494 1742 4566 libri,

84 4595 161 4660 sine
185 4593 274 4673 juris
306 4592 501 4672 praejudicio
534 4593 648 4654 alieni.
681 4592 773 4654 Nulli
808 4609 888 4669 ergo
943 4595 976 4655 et
997 4593 1223 4656 ecclesiastica
1244 4594 1449 4664 ornamenta,
1466 4609 1526 4653 nec
1541 4592 1654 4654 clerici
1671 4592 1745 4652 dis-

84 4692 222 4755 omuiuo
238 4692 409 4753 hominum
423 4690 524 4756 liceat
535 4692 623 4752 hanc
638 4691 793 4769 paginam
809 4705 889 4754 nos-
942 4691 1077 4754 trabere
1089 4691 1232 4762 valeant,
1250 4705 1311 4752 nec
1323 4690 1487 4762 conversi,
1504 4690 1743 4784 1111111111-

84 4793 148 4853 trae
175 4790 400 4852 concessionis
428 4788 629 4866 intringere,
660 4789 713 4850 vel
746 4789 779 4850 ei
803 4805 888 4850 ausu
942 4789 1067 4852 tionem
1090 4804 1205 4850 eorum
1220 4804 1294 4866 quae
1305 4791 1375 4865 jam
1399 4788 1559 4850 distracta
1574 4787 1742 4857 dicuntur,

84 4889 266 4952 temerario
287 4888 465 4950 contraire.
483 4888 519 4949 Si
533 4889 608 4966 quis
627 4889 737 4950 autem
752 4887 815 4949 hcc
837 4888 889 4949 at·
942 4887 1136 4965 impendens
1147 4886 1290 4964 diligens
1305 4886 1462 4958 studium,
1476 4889 1509 4948 et
1519 4902 1653 4965 operam
1669 4886 1745 4948 1111-

84 4989 216 5052 tentare
229 4985 491 5065 presumpserit,
503 4985 767 5062 indignationem
780 4985 889 5048 omni·
943 5001 1066 5055 cacem,
1094 4983 1369 5056 contradictores,
1398 4984 1428 5044 si
1456 4983 1513 5062 qui
1539 4983 1664 5047 11111111
1690 4985 1743 5047 vel

84 5085 230 5166 potentis
255 5085 331 5158 Dei,
361 5085 394 5147 et
416 5084 588 5146 beatorum
615 5084 706 5146 Petri
730 5085 763 5146 et
793 5083 887 5145 Pauli
943 5082 1095 5155 rebelles,
1121 5083 1189 5144 tam
1204 5081 1430 5146 ecclesiastica
1451 5099 1548 5160 quam
1569 5083 1743 5160 temporali

83 5184 300 5262 Apostejus,
324 5181 506 5246 senoverit
525 5181 748 5243 incursurum.
770 5185 886 5254 Amen,
943 5180 1170 5253 districtione,
1203 5179 1333 5242 sublato
1367 5179 1601 5257 appellationis
1632 5181 1741 5256 irnpe-

84 5287 205 5348 amen.
223 5279 436 5358 (Separantur
449 5281 698 5354 suscmpttoncs
712 5282 889 5344 duodecim
943 5277 1099 5350 dimento,
1121 5293 1344 5356 compescens.
1369 5279 1574 5354 Praeceptum
1593 5279 1742 5338 nostrum

84 5375 344 5456 candicantium.)
942 5374 1055 5439 taliter
1078 5375 1285 5452 impleturus,
1313 5376 1400 5453 quod
1419 5376 1485 5438 11111
1507 5375 1657 5438 caritatis
1675 5373 1743 5436 111-

127 5477 247 5540 Datum
258 5477 372 5538 Romae
385 5472 472 5552 apud
484 5475 518 5536 S.
528 5461 888 5551 Petrumpermanum
942 5490 1003 5536 vor
1031 5473 1156 5535 clareat
1181 5472 1215 5534 in
1237 5475 1372 5545 1111111,
1396 5474 1429 5535 11
1457 5489 1517 5533 nos
1540 5488 1599 5551 per
1622 5476 1654 5535 te
1680 5473 1742 5551 ipsi

86 5573 240 5640 Rainerii
265 5573 388 5636 sanctae
420 5575 578 5636 Romanae
607 5572 764 5635 Ecclesiae
792 5572 887 5635 vice·
943 5571 1093 5634 ecclesiae
1110 5571 1235 5635 utiliter
1244 5571 1430 5650 providisse
1444 5571 1605 5633 laetemur.
1623 5573 1742 5634 Datum

86 5671 299 5746 cancellarii,
326 5673 356 5734 X
382 5669 450 5736 kal.
473 5669 564 5749 julii,
592 5670 773 5734 indictione
800 5673 886 5744 Vlll,
943 5670 1099 5734 Laterani
1114 5672 1231 5734 octavo
1242 5670 1317 5732 idus
1328 5668 1422 5748 iulii,
1438 5685 1526 5732 anno
1542 5670 1699 5732 secundo.
