4106 6328
99 397 133 455 l'l
371 391 410 452 ΙΙ.
429 420 472 436 -
491 391 536 452 IN
558 391 886 453 PURIFICATIONE
907 389 1058 454 BEATAE
1079 389 1231 451 MARIAE
1252 391 1454 454 VIRGINIS.
1698 395 1737 454 18

98 551 154 614 luit
168 550 358 613 mundatae
375 555 510 630 peccato
530 553 735 632 postmodum
750 555 786 615 in
801 569 885 616 con·
939 551 1019 614 iecit
1038 554 1126 612 Deus
1155 552 1187 613 et
1210 567 1277 613 non
1301 552 1418 627 homo,
1450 553 1632 614 secundam
1659 553 1738 616 iecit

96 651 241 726 ceptione
265 650 424 713 mundata
446 653 496 714 θεῖ
514 655 547 714 01
567 669 587 713 a
611 651 724 714 fomite
743 652 882 730 peccati,
941 667 1006 711 non
1033 653 1119 711 Deus
1148 651 1204 712 sed
1234 649 1348 724 homo;
1379 651 1513 712 tertium
1540 651 1620 713 lacit
1649 655 1736 713 Deus

95 749 138 808 ita
161 749 245 824 quod
270 751 386 826 postea
411 765 548 826 peccare
572 767 638 811 non
659 751 774 827 potuit,
801 750 886 812 sicut
941 749 1054 823 hom03
1072 751 1224 825 quartum
1237 749 1317 810 tacit
1329 750 1467 826 quisque
1481 749 1516 808 in
1529 751 1650 826 seipse.
1666 739 1754 811 Pri?

96 846 231 922 quodam
246 847 343 908 modo
360 863 422 909 nec
438 849 526 909 filius
542 851 626 925 ejus.
645 849 736 910 Unde
753 850 886 926 propter
940 865 1029 908 mum
1044 850 1094 908 est
1109 863 1151 908 ex
1166 847 1306 922 angelis,
1324 849 1504 908 secundum
1522 864 1565 908 ex
1582 849 1734 925 pellibus,

95 945 152 1004 hoc
176 944 257 1006 dicit
279 945 707 1024 Psalmusconsequenter:
730 953 823 1008 Deos
849 951 885 1010 111
940 946 1073 1007 tertium
1098 959 1141 1007 ex
1161 945 1362 1018 hominibus,
1389 949 1542 1023 quartum
1567 948 1738 1009 011111111-

94 1045 198 1102 aredio
211 1047 288 1114 eires
298 1059 368 1105 11011
377 1046 646 1106 coalmocebtinr
659 1044 761 1125 (Psal.
776 1047 825 1118 45,
837 1045 882 1126 5).
942 1044 1039 1105 tibus.
1063 1043 1212 1104 Primum
1241 1044 1427 1106 sanctificat
1454 1048 1541 1105 Deus
1566 1062 1625 1122 per
1647 1046 1737 1122 seip-

94 1142 127 1199 In
150 1140 222 1200 sola
248 1143 351 1204 Beata
374 1143 512 1218 Virgine
538 1144 611 1220 post
637 1145 885 1221 conceptionem
941 1159 1024 1215 sum,
1045 1141 1227 1203 secundum
1249 1159 1308 1219 per
1326 1142 1498 1210 famulum,
1521 1145 1656 1204 tertium
1678 1159 1737 1221 per

93 1237 203 1300 babuit
218 1239 370 1302 Christus
384 1241 564 1318 hospitium
576 1241 707 1318 quietis
724 1242 801 1320 quia
815 1243 885 1304 nul·
940 1241 1064 1315 tilium,
1096 1244 1248 1318 quartum
1280 1257 1340 1318 per
1378 1243 1536 1318 Spiritum
1567 1243 1733 1304 Sanctum.

92 1336 155 1396 lum
173 1337 303 1399 invenit
326 1339 361 1400 in
386 1355 426 1400 ea
443 1341 630 1416 peccatum,
656 1341 885 1404 neelamitem
940 1341 1087 1402 Primum
1115 1340 1301 1402 sanctificat
1330 1340 1415 1400 visio
1449 1341 1526 1412 Dei,
1556 1340 1736 1401 secundum

92 1436 226 1511 peccati.
245 1439 282 1497 ln
302 1437 379 1498 aliis
397 1437 526 1500 invenit
543 1439 722 1516 hospitium
739 1455 886 1502 commo·
940 1438 1052 1499 11110110
1072 1437 1149 1506 0101,
1170 1437 1304 1499 tertium
1320 1436 1451 1499 devotio
1471 1437 1564 1510 ildei3
1583 1438 1737 1515 quartum

91 1533 185 1594 tionis
207 1536 242 1595 et
258 1535 497 1608 tribulationis
522 1537 608 1613 quod
628 1537 755 1601 invenit
778 1539 813 1600 in
834 1539 884 1600 eis
939 1536 1062 1598 infusio
1090 1536 1232 1612 Spiritus
1261 1536 1384 1597 Sancti.
1420 1536 1520 1597 Beata
1547 1537 1650 1612 Virgo
1678 1552 1738 1612 per

92 1631 202 1692 saltem
222 1631 372 1696 fomitem
394 1634 533 1710 peccati.
554 1637 633 1696 Haec
655 1637 705 1697 est
726 1651 804 1697 arca
827 1637 884 1696 illa
940 1650 1057 1695 norem
1072 1634 1398 1717 menses-Dominum
1416 1635 1560 1710 portarit
1578 1635 1612 1694 in
1629 1635 1734 1696 utero.

91 1730 166 1800 Noe,
186 1747 250 1806 per
265 1747 363 1808 quam
383 1732 547 1795 salvatum
568 1733 618 1796 est
636 1751 741 1810 genus
761 1735 883 1795 huma·
982 1732 1138 1809 Legimus
1151 1733 1218 1794 tres
1230 1732 1462 1809 principaliter
1474 1734 1650 1794 Dominum
1665 1749 1738 1810 por-

91 1844 174 1888 uum.
190 1831 274 1891 Haec
291 1831 342 1892 est
364 1832 459 1907 virga
474 1835 597 1904 Aaron,
616 1849 690 1910 quoe
710 1833 788 1894 licet
812 1832 886 1894 lue-
939 1833 1039 1894 tasse.
1064 1831 1166 1892 Beata
1187 1831 1294 1892 Maria
1317 1831 1463 1908 portauit
1493 1831 1528 1891 in
1550 1831 1655 1902 utero,
1683 1831 1738 1892 Si-

90 1927 130 1986 111
152 1928 250 1988 arida
276 1928 316 1990 ab
340 1929 479 1992 humore
503 1930 610 2004 virili,
638 1930 747 1992 subito
772 1923 904 1994 tamen
939 1945 1025 1992 neon
1040 1929 1188 2001 iuulniS,
1210 1929 1335 2006 ioseph
1361 1929 1575 1992 innumeris
1596 1929 1735 2006 Signifi-

90 2041 223 2100 germen
239 2027 388 2103 protulit,
406 2030 440 2089 et
451 2029 486 2089 in
502 2027 645 2090 fructum
662 2028 797 2090 uberius
810 2032 885 2106 pul·
939 2031 1016 2091 cant
1027 2031 1095 2089 tres
1108 2028 1164 2090 isti
1179 2029 1247 2090 tres
1267 2029 1400 2090 ordines
1421 2029 1612 2090 electorum.
1629 2028 1737 2089 Maria

90 2123 213 2187 lolavil.
237 2124 299 2186 Hic
318 2126 369 2187 est
388 2126 490 2187 rubus
510 2127 544 2188 in
565 2143 629 2204 quo
650 2129 804 2205 apparuit
819 2133 885 2190 Do-
940 2127 1105 2204 significat
1128 2126 1380 2204 praedicatores3
1408 2129 1463 2205 qui
1486 2128 1574 2189 enim
1598 2125 1736 2190 verbum

90 2222 191 2283 minus
221 2224 342 2300 Mopsi,
369 2225 426 2301 qui
449 2225 623 2306 videbatur
647 2227 780 2302 ardere;
807 2227 883 2304 quia
939 2226 1000 2287 Dei
1014 2226 1184 2304 praedicat,
1202 2227 1297 2303 quasi
1320 2227 1485 2289 Christum
1501 2229 1536 2288 in
1550 2228 1737 2303 uteropor-

90 2320 223 2394 grauida
238 2322 372 2398 quidem
387 2325 542 2400 apparuit
556 2325 670 2400 Virgo,
687 2325 818 2402 quando
832 2325 885 2386 in·
939 2325 997 2393 tat,
1012 2326 1048 2387 ut
1062 2341 1137 2386 cum
1164 2325 1240 2386 aliis
1264 2325 1318 2386 vel
1343 2325 1427 2386 alios
1449 2327 1481 2386 ei
1500 2325 1619 2402 pariat.
1642 2324 1736 2385 Unde

90 2421 180 2480 renla
203 2419 257 2481 est
277 2419 310 2480 in
332 2421 425 2482 utero
449 2420 575 2484 habens
593 2445 600 2482 :
618 2423 682 2484 Sed
707 2439 773 2484 non
793 2437 887 2485 com-
939 2423 1084 2484 Paulus:
1100 2427 1212 2485 Filioll
1224 2427 1304 2494 raet,
1321 2439 1405 2496 piros
1419 2425 1547 2484 iterator
1560 2423 1734 2496 portorio,

90 2617 227 2692 sumpta,
245 2617 384 2692 eoquod
400 2617 441 2679 de
459 2619 583 2694 Spiritu
598 2620 719 2682 Sancto
735 2619 883 2697 estquod
940 2619 1003 2698 19).
1034 2619 1167 2681 Simeon
1200 2619 1367 2695 significat
1399 2619 1502 2680 bonos
1532 2619 1734 2696 operatores,

89 2711 120 2772 in
145 2729 184 2774 ea
218 2715 333 2777 natum
362 2717 422 2776 est.
452 2717 515 2778 Hic
538 2718 589 2779 θεῖ
614 2718 756 2780 thronus
785 2735 883 2795 quem
939 2719 1001 2790 Qui
1014 2718 1103 2778 enim
1119 2717 1243 2793 frangit
1258 2733 1376 2794 panem
1390 2717 1561 2788 esurienti,
1579 2719 1612 2778 et
1625 2715 1736 2777 omnia

88 2825 144 2871 reu
158 2812 316 2873 Salomon
341 2812 421 2875 lecit
443 2814 507 2876 sibi
526 2815 568 2876 de
588 2815 688 2878 ebore
711 2816 899 2892 grandem,
939 2833 1040 2894 opera
1054 2816 1292 2878 misericordiae
1308 2815 1387 2877 lacit
1402 2816 1522 2892 egenti,
1537 2814 1735 2876 rectevide-

90 2909 216 2984 quando
237 2910 415 2972 candorem
439 2913 627 2990 virgineum
645 2913 708 2975 sibi
727 2916 762 2976 in
782 2915 883 2976 habi·
938 2909 1080 2976 tuream
1094 2915 1227 2992 portare
1247 2914 1281 2976 in
1296 2915 1397 2986 ulnis,
1423 2914 1542 2992 quibus
1564 2911 1737 2990 injudicio

90 3007 232 3068 taculum
247 3009 428 3086 dedicauit3
448 3011 480 3073 et
494 3011 645 3075 introivit
659 3029 719 3090 per
736 3013 883 3076 clausam
940 3014 1102 3076 diciturus
1115 3013 1737 3080 03111011ιί10001101111111011111111111111

90 3107 212 3182 portam
248 3107 308 3168 lux
344 3108 377 3170 et
412 3109 510 3172 decus
548 3110 713 3172 universae
748 3112 883 3174 labricae
938 3117 1025 3175 occis
1041 3114 1182 3187 societte,
1205 3116 1291 3176 1111111
1311 3113 1478 3186 facistis...
1506 3110 1636 3190 (Matth.
1655 3125 1734 3182 xxv,

91 3204 209 3264 mundi.
233 3206 314 3266 Haec
333 3208 383 3269 est
405 3209 586 3286 portaquae
603 3211 782 3272 secundum
803 3213 886 3272 Eze-
938 3207 1736 3292 101101001111111101110010010100100001
1783 3287 1787 3294 ι

90 3300 225 3364 chielem
254 3303 291 3364 in
324 3304 421 3368 domo
449 3309 580 3369 Domini
607 3325 738 3386 semper
769 3310 883 3371 clausa
939 3311 1028 3371 enim
1055 3309 1227 3372 laboribus
1242 3325 1302 3386 pro
1322 3309 1453 3371 Christo
1473 3307 1665 3383 fatigantur,
1680 3306 1736 3383 qui

91 3401 301 3477 conspicitur.
317 3403 387 3464 Hoc
402 3406 453 3466 est
466 3406 625 3483 templum
641 3407 681 3468 de
696 3423 760 3485 quo
776 3408 884 3485 inquit
939 3408 1203 3486 persecutionem
1243 3423 1303 3484 pro
1334 3407 1465 3468 Christo
1497 3407 1680 3484 patiuntur,
1710 3405 1737 3465 ii

91 3497 270 3560 Malachias
282 3523 288 3560 :
300 3501 428 3563 Statim
440 3505 554 3566 caniet
564 3505 884 3580 adtemplrmzscnc·
938 3507 955 3567 J
959 3521 1051 3566 esum
1067 3504 1103 3565 in
1118 3505 1267 3565 humeris
1283 3503 1427 3581 portant.
1446 3502 1539 3565 Unde
1552 3503 1734 3563 Dominus:

92 3594 157 3656 11111
173 3613 280 3660 merim
303 3601 501 3662 dorniaclor
519 3617 620 3676 poem
641 3619 702 3666 cos
726 3607 884 3680 quaeritis
939 3604 1087 3671 1111101111
1110 3605 1232 3664 venire
1255 3602 1333 3675 post
1346 3616 1413 3673 me,
1427 3601 1738 3677 obnepelscmettp-

91 3694 119 3753 ol
149 3702 294 3773 nrzpelus
327 3699 525 3760 testamenti
551 3717 652 3775 quom
684 3717 745 3764 cos
779 3705 884 3766 ordtts
937 3701 1073 3772 01111101
1089 3701 1489 3763 tollatcrocomsunmet
1503 3699 1737 3770 scortatorem

92 3789 244 3868 (11111111,
267 3793 315 3874 1).
336 3797 398 3857 Hic
422 3799 472 3860 est
490 3798 670 3872 thalamus,
694 3801 734 3861 de
750 3817 815 3878 quo
837 3803 884 3864 ait
939 3795 1242 3877 (110111111154).
1266 3799 1356 3858 Crux
1375 3796 1459 3857 solet
1478 3795 1604 3873 portari
1619 3794 1653 3855 in
1672 3794 1738 3854 hu-

91 3891 185 3954 111111
204 3915 212 3954 :
229 3898 274 3954 In
290 3899 361 3956 sole
374 3896 490 3969 posuit
510 3897 767 3960 tabernaculum
781 3915 884 3962 sacram
939 3897 1051 3957 meris.

92 3990 121 4048 et
131 3993 200 4064 ipsc
217 3992 384 4066 tartonam
396 4009 545 4070 sponsos
555 3998 746 4069 procedens
757 4000 798 4060 de
814 3999 886 4060 llio·
980 3995 1142 4057 Similiter
1158 3995 1308 4056 Christus
1322 3993 1444 4057 dicitur
1459 3992 1519 4054 sol.
1537 3994 1573 4054 ln
1590 3991 1659 4054 sole
1675 4006 1738 4052 an-

91 4091 171 4150 inmo
183 4105 248 4152 suo
264 4088 367 4168 (Psal.
386 4093 434 4164 18,
451 4091 496 4172 6).
938 4094 1003 4154 tem
1020 4093 1076 4170 qui
1096 4093 1147 4156 est
1169 4093 1320 4156 Christus
1343 4093 1488 4170 quinque
1507 4089 1737 4168 principaliter

125 4187 225 4248 Beata
250 4188 359 4250 Mater
381 4189 504 4252 dicitur
523 4193 583 4266 sol,
609 4194 695 4271 quod
721 4193 808 4258 sicut
833 4197 883 4258 sol
938 4193 1163 4256 attenduntur.
1179 4193 1235 4253 Sol
1249 4193 1338 4252 enim
1355 4192 1390 4252 in
1406 4207 1442 4252 se
1454 4188 1736 4251 incommutabilis

92 4287 136 4345 est
162 4286 288 4347 clarior
317 4288 444 4350 cunctis
469 4289 707 4363 luminaribus,
736 4295 784 4356 sic
811 4295 882 4372 ipse
939 4292 999 4362 est,
1018 4307 1091 4352 cum
1116 4291 1196 4351 luna
1222 4289 1363 4365 singulis
1388 4287 1556 4352 mensibus
1588 4302 1738 4350 commu-

92 4381 216 4457 dignior
225 4385 278 4446 est
287 4386 441 4448 omnibus
453 4389 626 4451 creaturis.
639 4391 783 4453 Proinde
795 4396 882 4454 Deus
937 4389 1034 4451 tetur.
1050 4391 1088 4450 ln
1103 4389 1172 4450 sole
1183 4388 1275 4450 nulla
1288 4389 1339 4450 est
1353 4387 1495 4459 macula,
1515 4403 1589 4448 eum
1606 4401 1738 4463 semper

92 4482 193 4553 posuit
205 4481 461 4546 tabernaculum
477 4503 584 4559 suum,
598 4487 695 4561 idest,
708 4489 884 4554 habitatio·
937 4487 1067 4548 macula
1088 4487 1132 4550 sit
1155 4487 1190 4548 in
1209 4485 1300 4547 luna.
1319 4483 1736 4562 Solhahetplenitudinem

91 4593 158 4639 irem
177 4595 273 4642 suam
288 4581 324 4643 111
339 4583 431 4654 ea,et
446 4581 525 4646 fecit
541 4585 605 4647 sibi
616 4585 879 4662 tabernaculum,
937 4585 1084 4658 luminis,
1103 4601 1121 4646 a
1138 4600 1202 4662 quo
1220 4586 1252 4647 et
1273 4585 1340 4647 alia
1354 4585 1533 4645 luminaria
1549 4583 1661 4644 lumen
1679 4599 1737 4642 ac-

90 4674 177 4748 idest‚
193 4693 315 4757 corpus
334 4679 517 4744 humanum
533 4699 576 4744 ex
588 4699 639 4756 ea,
661 4685 779 4762 etipse
795 4689 881 4749 Deus
937 4684 1074 4760 cipiunt.
1093 4683 1148 4744 Sol
1165 4683 1242 4744 licet
1257 4685 1299 4746 sit
1321 4681 1548 4752 immutabilis,
1568 4680 1735 4742 interdum

91 4777 246 4847 processit
266 4777 427 4856 tanquam
451 4794 603 4857 sponsae,
621 4781 717 4856 idest,
733 4785 883 4862 splendi-
936 4782 1047 4843 tamen
1063 4781 1191 4858 patitur
1205 4780 1394 4856 ecclypsim.
1423 4779 1477 4840 Sol
1505 4793 1636 4854 semper
1649 4777 1738 4838 lucet

91 4868 143 4932 dus
157 4875 190 4936 et
200 4878 350 4937 ornatus.
366 4879 440 4938 Non
453 4879 542 4939 enim
555 4880 717 4956 processit
729 4883 881 4946 sordidus
936 4880 970 4940 in
991 4879 1055 4942 die.
1079 4881 1159 4940 Hac
1179 4879 1292 4939 eadem
1318 4878 1350 4939 θῖ
1370 4877 1406 4938 iu
1430 4891 1510 4938 vero
1529 4876 1598 4937 sole
1622 4875 1735 4938 nostro

90 4973 218 5042 peccato
252 4973 409 5050 originali
443 4976 496 5038 rel
530 4978 643 5054 aliqua
672 4980 881 5044 immunditia
937 4977 1078 5040 sollicite
1094 4975 1353 5038 consideremus.
1377 4976 1431 5036 Sol
1448 4975 1481 5036 in
1502 4991 1537 5037 se
1551 4974 1737 5037 incommu-

90 5069 221 5142 carnali‚
238 5069 326 5132 sicul
340 5072 400 5134 alii
415 5075 520 5151 pueri,
536 5076 622 5153 quod
638 5076 702 5138 iste
719 5081 882 5155 processit
935 5075 1048 5138 tabilis
1065 5076 1125 5146 est,
1138 5076 1172 5136 01
1185 5075 1258 5151 ipse
1278 5073 1430 5135 Christus
1446 5073 1627 5136 secundum
1644 5073 1734 5135 divi·

91 5161 125 5223 de
147 5167 293 5232 thalamo
320 5187 393 5243 suo,
416 5172 502 5235 idest
530 5173 570 5235 de
596 5175 747 5252 Virginis
773 5179 878 5241 utero.
935 5175 1051 5236 nitatis
1083 5173 1264 5251 potentiam
1295 5188 1425 5249 semper
1453 5169 1736 5233 incommutabilis

92 5262 230 5330 Quatuor
257 5268 336 5331 sunt
365 5270 425 5332 Dei
456 5265 673 5334 tabernacula
700 5291 820 5349 magna
849 5278 882 5340 et
936 5272 1137 5350 perseverat.
1153 5273 1238 5332 Nam
1250 5270 1380 5331 stabilis
1395 5286 1533 5331 manens
1548 5271 1602 5330 dat
1616 5270 1736 5330 cuncta

91 5359 228 5425 mirabili
268 5365 480 5429 distinctione
518 5369 677 5446 disparia.
717 5373 881 5438 Differunt
935 5369 1072 5432 moueri.
1084 5370 1178 5431 Unde
1194 5370 1265 5446 ipse
1278 5369 1425 5444 aitzidgo
1442 5385 1514 5428 sum
1527 5370 1614 5428 Deus
1626 5369 1734 5428 otnon

91 5471 224 5537 namque
245 5465 392 5537 nornine,
410 5465 582 5541 dignitate,
599 5468 683 5540 loco,
708 5473 878 5548 qualitate.
936 5469 1045 5530 mutor
1071 5465 1164 5547 (Mal.
1194 5483 1251 5540 111,
1273 5465 1318 5544 6),
1351 5466 1438 5542 apud
1462 5481 1558 5542 quern
1595 5468 1736 5527 nonest

92 5556 230 5620 Primum
243 5561 364 5622 dicitur
378 5566 540 5626 aeternum
555 5568 588 5627 et
600 5566 808 5643 admirabile,
826 5589 881 5634 εθ-
937 5567 1167 5629 transmutatio
1196 5582 1256 5626 1100
1275 5563 1519 5627 vicissitudinis
1557 5563 1736 5624 obumbra-

93 5655 226 5717 rundum
242 5659 469 5722 manufactum
487 5663 520 5724 et
539 5663 725 5739 umbratile,
745 5669 878 5732 tertium
933 5667 991 5728 tio.
1012 5667 1048 5726 ln
1075 5665 1144 5724 sole
1167 5663 1257 5725 nulla
1283 5663 1333 5724 est
1357 5661 1504 5728 macula,
1528 5663 1560 5723 et
1586 5662 1658 5737 ipso
1685 5663 1735 5724 est

94 5757 232 5816 mactum
265 5759 297 5820 et
328 5760 481 5835 quartum
510 5762 694 5838 spirituale.
731 5767 877 5832 Primum
934 5765 990 5843 qui
1026 5763 1242 5838 singulariter
1277 5763 1448 5836 ingressus
1488 5759 1538 5822 θεῖ
1574 5761 1732 5822 mundum
