3988 6308
276 329 337 390 aas
887 321 1064 382 uouoau
1085 319 1130 378 111
1153 315 1303 378 ornan.
1824 332 1868 392 250

277 491 311 553 et
327 487 535 560 Colcarubio,
560 487 593 549 et
613 485 654 547 ad
676 483 882 560 Avenogiam
905 482 939 543 et
952 495 1073 542 causas
1169 478 1389 542 sacrosancta
1415 480 1566 540 Romana
1579 479 1876 559 Ecclesiamcuein-

276 589 318 650 de
328 588 476 648 Gadiano
487 584 709 661 etHospinam
717 582 850 643 Delcam
867 581 899 641 et
911 581 1070 650 Estemas,
1129 576 1255 638 clinati.
1268 579 1449 638 Personam
1464 579 1566 649 tuam,
1578 577 1694 640 terram
1707 582 1736 641 et
1747 581 1872 658 honines,
1951 621 1956 675 3

276 689 310 749 et
324 689 461 747 Estenas
476 686 509 744 et
522 683 563 743 ad
575 684 705 759 portum
717 679 756 740 de
767 679 913 748 blaches,
928 679 961 738 et
973 677 1076 738 Avel-
1129 676 1355 752 possessiones
1365 678 1399 736 et
1413 675 1480 736 alia
1490 675 1587 748 bona,
1598 693 1668 754 quae
1680 679 1877 756 impraesentn-
1952 684 1957 755 ῐ

276 785 383 855 lanan,
410 781 441 844 et
466 783 564 858 portu
601 780 641 841 de
675 777 815 839 Alzober
842 778 876 838 et
901 776 1073 836 blarializa
1129 790 1203 834 rum
1219 773 1465 835 rationabiliter
1479 775 1638 852 possides,
1654 777 1874 843 autinluturun

277 898 381 959 nsque
398 882 502 955 orgaz
515 880 668 940 Castrum
688 877 729 937 de
742 875 862 950 Colgar
876 890 951 935 cum
965 873 1075 934 omni-
1125 873 1226 949 justis
1242 872 1349 934 modis
1364 873 1543 949 praestante
1554 873 1690 935 Domino
1704 877 1809 952 poteris
1820 881 1877 940 adi·

275 977 338 1038 bus
352 975 503 1038 terminis
521 975 601 1046 suis,
623 974 773 1034 Castrum
789 975 895 1048 Bogas
910 986 985 1032 cum
997 984 1073 1030 om·
1129 971 1223 1049 pisci,
1240 969 1301 1031 sub
1322 969 1411 1032 beati
1431 971 1523 1034 Petri
1538 971 1571 1033 et
1594 973 1702 1034 nostra
1716 977 1878 1050 protectione

274 1073 374 1134 nibus
399 1071 551 1134 terminis
578 1070 659 1141 suis,
689 1084 841 1144 campum
870 1065 971 1141 Regis
999 1081 1074 1126 cum
1130 1070 1339 1147 suscipimus,
1366 1069 1400 1131 et
1411 1070 1586 1146 praesentis
1607 1071 1716 1147 scripti
1733 1075 1880 1149 patrocinio

276 1171 432 1232 omnibus
457 1168 610 1231 terminis
639 1167 720 1238 suis,
747 1164 976 1239 Juncargordo
999 1179 1074 1224 cum
1129 1167 1386 1240 communimus,
1400 1167 1584 1229 districtius
1599 1167 1782 1243 inhibentes,
1797 1188 1829 1232 ne
1838 1189 1881 1234 re-

276 1269 430 1331 omnibus
439 1266 591 1330 terminis
602 1265 685 1337 suis,
701 1263 815 1326 villam
826 1263 867 1323 de
878 1259 984 1322 Molas
1000 1277 1074 1322 cum
1130 1264 1290 1326 nerabilis
1304 1264 1413 1328 irater
1433 1267 1548 1328 noster
1571 1268 1763 1328 Gneznensis
1782 1270 1883 1330 archie-

276 1365 588 1431 omnibusterminis
601 1364 682 1435 suis,
697 1364 836 1422 Ceruam
852 1360 985 1436 longam
1000 1375 1074 1420 cum
1131 1363 1285 1440 pisoopus
1300 1364 1336 1425 in
1348 1365 1394 1436 te,
1404 1365 1458 1426 vel
1470 1364 1593 1425 temam
1603 1367 1702 1435 tuam,
1714 1365 1820 1442 absque
1831 1383 1883 1427 na-

276 1465 430 1529 cmnibus
444 1460 861 1533 terminis‚villamsiccam
876 1474 951 1518 cum
967 1457 1076 1518 omni·
1130 1460 1251 1523 nilesta
1279 1461 1313 1523 et
1341 1461 1535 1524 rationabili
1558 1479 1670 1535 cansa,
1695 1464 1725 1524 et
1742 1465 1884 1525 monitione

275 1563 338 1624 bus
351 1562 502 1624 terminis
518 1560 599 1632 suis,
613 1554 1076 1636 Hyepascumomnibuster-
1130 1560 1303 1637 praemissa
1347 1559 1546 1621 sententiam
1576 1563 1884 1622 excommunicationis

277 1661 378 1722 minis
391 1661 472 1732 suis,
496 1658 682 1719 Cablannas
697 1672 772 1716 curn
786 1651 940 1715 omnibus
954 1653 1074 1714 termi-
1130 1659 1326 1736 promulget,
1342 1658 1392 1719 Ad
1406 1659 1567 1720 indicium
1579 1660 1689 1721 autem
1703 1659 1884 1737 hujusmodia

277 1761 331 1821 nis
345 1761 426 1830 suis,
444 1757 557 1819 villam
571 1755 611 1817 de
627 1753 808 1816 Paludibus
832 1768 907 1812 cum
922 1749 1075 1812 omnibus
1130 1757 1226 1819 nohis
1239 1758 1402 1834 percepta)
1424 1757 1641 1835 proteotjfflfis
1658 1773 1783 1818 censum
1801 1757 1886 1818 (popm

277 1856 428 1919 terminis
443 1855 525 1925 suis,
542 1853 656 1912 villam
666 1851 706 1911 de
721 1849 867 1910 Guardia
877 1864 953 1909 cum
967 1847 1076 1909 omni-
1131 1872 1318 1917 marcarum
1344 1856 1430 1928 auri,
1459 1871 1533 1932 quae
1557 1856 1597 1916 (ιθ
1621 1857 1717 1917 terno
1735 1857 1766 1916 jn
1786 1857 1887 1916 testium

277 1954 339 2015 bus
353 1952 516 2023 terminis,
532 1951 646 2010 domos
662 1951 695 2009 θῑ
710 1948 818 2008 terras
830 1945 871 2006 (10
883 1943 1074 2006 Monte-hl·
1131 1969 1254 2014 annum
1278 1955 1310 2014 te
1327 1953 1511 2030 promisisti
1527 1952 1710 2015 liberaliter
1727 1953 1887 2022 soluturum,

278 2053 377 2123 bano,
391 2050 527 2112 Aldeam
539 2048 578 2110 de
594 2044 732 2108 Potuelo
744 2043 978 2106 cumterminis
993 2041 1073 2112 suis,
1130 2049 1226 2110 nohis
1253 2050 1286 2112 et
1316 2049 1564 2113 successoribus
1594 2051 1718 2113 nostris
1745 2050 1888 2126 pompm

278 2149 497 2212 hereditatem
530 2147 571 2207 de
600 2145 690 2206 Olias
722 2145 755 2204 et
791 2141 1010 2204 hereditatem
1035 2139 1076 2200 de
1130 2148 1223 2209 Nulli
1235 2163 1329 2225 ergo,
1341 2149 1562 2210 etcmnostrae
1572 2149 1780 2226 protectionis
1793 2146 1890 2208 eriphi.

278 2247 491 2324 Baganciolo,
508 2243 645 2306 Aldeam
657 2243 696 2302 de
706 2241 863 2315 Terrigos
878 2255 952 2300 cum
967 2238 1077 2300 omni·
1131 2245 1374 2319 biu0n13‚0t0„,
1384 2247 1503 2324 Siquis
1513 2247 1729 2320 mmmm
1742 2247 1842 2307 patum
1850 2246 1892 2303 La.

246 2365 249 2376 ·
278 2343 339 2404 hus
354 2342 505 2405 terminis
519 2341 599 2412 suis,
618 2337 907 2416 Exquirivascum
923 2335 1075 2396 omnibus
1130 2344 1250 2415 perani,
1271 2346 1299 2406 v
1317 2344 1392 2405 idus
1409 2342 1582 2416 februarii,
1602 2341 1891 2421 ponfififfltugmsffi

277 2439 442 2506 terminis,
452 2437 663 2499 Valdetorres
674 2451 748 2495 cum
761 2431 914 2494 omnibus
925 2430 1076 2493 terminis
1132 2457 1220 2503 anno
1234 2441 1352 2518 primo,

279 2537 360 2610 suis,
382 2534 520 2598 Potnelo
541 2549 616 2596 cum
645 2531 798 2595 omnibus
820 2529 971 2592 terminis
993 2529 1075 2600 suis,

279 2635 429 2696 Lucches
445 2649 519 2695 cum
541 2630 693 2693 omnibus
714 2628 869 2690 terminis
885 2626 966 2698 suis,
983 2624 1076 2686 Biel-
1486 2605 1581 2694 CCX

280 2731 360 2792 ches
379 2747 454 2791 cum
473 2727 625 2791 omnihus
653 2725 805 2788 terminis
834 2723 915 2796 suis,
940 2722 1078 2783 Aldeam

282 2829 392 2906 campi
410 2843 484 2889 cum
507 2824 659 2887 omnihus
680 2823 832 2887 terminis
858 2821 938 2893 suis,
965 2822 1078 2892 Quexo

282 2941 356 2988 cum
372 2924 524 2986 omnibus
539 2921 691 2984 terminis
708 2919 789 2988 suis,
807 2918 980 2980 Valmores
1003 2932 1078 2978 cum

283 3023 436 3087 omnibus
455 3020 608 3082 terminis
632 3019 712 3090 suis,
731 3017 869 3078 Ulnetar
881 3031 955 3077 cum
971 3014 1080 3076 omni·
1428 3023 1447 3080 9
1464 3020 1535 3079 repr,
1557 3023 1640 3080 1217.

281 3121 342 3182 hus
356 3120 507 3184 terminis
523 3119 604 3190 suis,
620 3117 740 3178 vallem
757 3115 797 3176 de
810 3117 903 3176 Mera
918 3130 993 3175 cum
1008 3129 1081 3175 om-
1195 3147 1323 3212 mm,
1335 3146 1633 3198 „mmmmm
1651 3152 1670 3198 t.
1688 3147 1708 3204 1.
1721 3161 1745 3211 p.
1757 3145 1778 3202 ι,
1793 3143 1856 3203 ΨΜ

283 3221 381 3283 nibus
396 3218 547 3281 terminis
571 3216 652 3288 suis,
678 3215 792 3276 villam
817 3212 989 3274 Umbrales
1004 3227 1079 3272 cum

1173 2777 1225 2836 Ad
1236 2777 1429 2836 Hernicum
1444 2779 1684 2837 Gerozucusem
1698 2777 1869 2850 episcopum

1337 2873 1371 2935 et
1384 2873 1624 2949 suffropaneos
1642 2876 1728 2946 ejus.

283 3319 437 3392 omnibus
448 3315 600 3378 terminis
615 3313 696 3381 suis,
714 3310 903 3372 Arclrellam
919 3309 952 3370 et
964 3308 1080 3370 villam
1135 3298 1295 3358 Gneznensi
1312 3298 1527 3372 archiepiscopo
1548 3313 1654 3372 pacem
1679 3314 1696 3356 a
1714 3297 1782 3356 duce
1799 3294 1829 3352 de
1842 3290 1902 3350 datis

284 3417 325 3478 de
339 3418 540 3477 'salamanca
566 3427 642 3472 cum
665 3409 818 3470 omnibus
832 3406 984 3469 terminis
997 3406 1078 3475 suis!
1169 3403 1235 3446 cum
1255 3387 1327 3446 duee
1344 3389 1470 3446 Poloniae
1486 3389 1587 3445 initam
1605 3403 1640 3446 se
1655 3387 1830 3446 confirmasse
1845 3395 1900 3437 nun·

283 3515 409 3587 domos,
424 3513 539 3574 vineas
555 3506 824 3571 ethaereditatem
846 3505 886 3566 de
901 3503 1034 3566 Medina
1048 3503 1081 3564 et
1170 3475 1238 3532 ⁰¹³1·

283 3614 323 3674 de
340 3613 446 3674 Utana
460 3626 534 3672 cum
545 3606 698 3670 omnibus
708 3604 863 3666 terminis
880 3603 960 3675 suis,
971 3601 1081 3662 heere·
1174 3621 1343 3683 Honorius
1369 3622 1556 3698 episcopus,
1600 3635 1722 3682 smus
1759 3623 1900 3678 servorum

283 3711 429 3781 nitatem,
454 3709 570 3770 lineas
593 3707 626 3767 θῖ
646 3704 760 3765 d⁰¹¹¹⁰⁸
785 3702 826 3763 ‘¹³
848 3699 1025 3762 ΡΓθΖῘθΗΖθ
1048 3698 1080 3760 θῑ
1135 3720 1205 3791 Dei,
1220 3719 1405 3781 venerabili
1425 3719 1522 3780 fratri
1541 3717 1731 3780 Gneznensi
1750 3709 1903 3786 archiepis-

282 3809 407 3879 domos,
422 3807 462 3866 de
477 3804 607 3879 Burgis
618 3801 704 3863 sicut
718 3817 757 3862 ea
775 3799 886 3861 omnia
897 3797 987 3877 juste
1002 3813 1081 3875 pos-
1135 3834 1217 3896 0090
1234 3820 1268 3880 ὃς
1281 3816 1502 3893 suffraganeis
1517 3820 1599 3894 ejus,
1626 3817 1769 3878 salutem
1782 3813 1813 3874 et
1824 3823 1902 3886 apos.

283 3907 370 3968 sides
385 3906 418 3966 et
430 3903 538 3981 quiete
550 3901 611 3963 tibi
627 3902 659 3961 et
669 3915 727 3976 per
738 3899 771 3960 te
784 3897 934 3960 ecclesiae
947 3895 1081 3957 Toleta-
1134 3917 1267 3980 topicam
1282 3915 1555 3976 benedictionem,

282 4021 346 4075 nae,
370 3999 567 4062 auctoritato
588 3997 771 4074 apostolica
794 3996 1027 4057 confirmamus
1047 3993 1081 4055 et
1174 4013 1422 4076 praesulem
1437 4013 1497 4074 nisi
1517 4010 1640 4076 nonus
1656 4012 1723 4075 vrri
1737 3999 1903 4072 thornua

283 4099 456 4178 praesentis
480 4095 595 4172 scripti
620 4093 805 4170 patrocinio
824 4093 1077 4153 communimus.
1135 4113 1229 4174 ducis
1251 4112 1293 4172 (10
1314 4110 1410 4172 galis
1434 4111 1620 4188 recepimus
1641 4105 1858 4187 supplicantis,
1879 4097 1904 4156 „p

283 4189 1077 4271 Nulliergo,etc...nostraecontlrmationis,etc...
1135 4209 1407 4287 compositionem
1433 4208 1536 4285 pacis,
1559 4223 1634 4284 ω
1658 4207 1746 4270 inter
1771 4206 1864 4282 ipsum
1882 4193 1905 4255 p

284 4296 319 4360 Si
329 4295 404 4373 quis
417 4293 538 4362 δώῃ,
553 4289 642 4352 θῑΟ···
654 4289 772 4350 Datum
783 4287 951 4378 Laterani,
964 4289 989 4349 V
1004 4287 1079 4347 idus
1133 4308 1278 4371 nobilem
1290 4307 1399 4368 virum
1413 4305 1656 4368 Wlodislarum
1667 4307 1816 4382 patruum
1830 4307 1904 4358 suun

282 4392 454 4463 februarii,
468 4389 680 4470 pontificatus
695 4385 801 4447 nostri
816 4401 903 4448 anno
918 4385 1037 4463 primo.
1134 4405 1229 4468 nohis
1255 4402 1480 4466 mediantibus
1503 4403 1700 4475 intorvenst,
1727 4399 1810 4463 sicut
1829 4397 1904 4473 jura.

625 4547 741 4635 GOEX
1133 4504 1244 4565 mento
1259 4501 1390 4563 tirmata
1409 4501 1470 4570 est,
1491 4500 1524 4562 et
1544 4500 1580 4560 iu
1597 4500 1767 4577 publicam
1786 4491 1905 4594 scriptu·

1134 4618 1206 4667 ram
1218 4599 1362 4672 redacta,
1380 4598 1595 4674 dignaremur
1612 4595 1804 4674 apostolico
1821 4599 1908 4652 munt-

367 4720 419 4780 Ad
440 4717 679 4778 Wlodtstuoum
690 4713 812 4772 decem
826 4710 868 4769 de
882 4709 988 4770 Ketis.
1134 4699 1223 4760 mine
1234 4695 1403 4758 roborare.
1417 4695 1578 4768 Quocirca
1587 4692 1801 4756 universitati
1811 4685 1906 4749 restra

586 4841 693 4902 mehr·
708 4841 787 4899 4247·
1133 4812 1193 4875 per
1218 4795 1408 4872 apostolica
1430 4793 1555 4870 scripta
1580 4790 1814 4870 praecipientes
1833 4795 1908 4845 man-

409 4973 415 4985 ,
746 4966 751 4976 ,
1135 4895 1262 4965 damus,
1300 4893 1466 4969 quatenus
1504 4889 1780 4967 compositionem
1813 4885 1905 4960 ipsam,

345 4975 472 5038 [Thanar¹
485 4972 649 5021 bionumenta
660 4965 785 5024 Polomse,
801 4970 819 5015 t.
836 4967 855 5024 l,
867 4979 892 5029 p.
907 4965 930 5024 l,
941 4975 968 5014 n·
979 4964 1017 5031 ³]
1134 4993 1219 5054 sicut
1234 5005 1292 5068 pro
1304 4989 1391 5051 hono
1401 4987 1494 5066 pacis
1509 4987 1645 5066 provido
1660 4987 1750 5049 sacta
1764 4984 1821 5054 est,
1836 4973 1909 5039 som,

280 5091 488 5154 W¹⁰di⁸¹flv¹¹¹¹¹
502 5086 604 5144 duoeffi
619 5083 655 5141 de
668 5082 747 5140 ¹¹³¹ss
759 5097 824 5139 ΜΠ)
840 5080 972 5138 ⁰¹¹¹¹¹il³¹¹³
984 5081 1077 5140 h⁰ffll·
1135 5088 1291 5152 citudinis
1303 5087 1424 5148 restrae
1440 5085 1594 5148 curantes
1604 5083 1793 5146 ministerio
1803 5083 1909 5140 conser-

317 5181 411 5250 nibus‚
429 5185 501 5234 terra
520 5181 548 5231 et
563 5173 625 5230 aliis
638 5171 793 5229 bonissuis
804 5170 857 5228 sub
871 5171 947 5228 beati
961 5172 1038 5229 Petri
1052 5179 1080 5229 et
1134 5186 1217 5258 varj,
1244 5186 1272 5246 si
1296 5199 1361 5262 qua
1384 5183 1530 5261 partium
1549 5181 1591 5242 ab
1608 5197 1648 5243 ea
1664 5183 1790 5244 temero
1803 5169 1911 5238 resilire

317 5286 369 5330 ⁸1¹³
383 5265 557 5343 Pf⁰te⁰¹i⁰⁰e
567 5261 696 5333 milit·
1135 5281 1393 5360 praesumpserit,
1405 5283 1477 5359 ejus
1488 5279 1794 5358 praesumptionem,
1804 5267 1911 5334 sublato

322 5396 488 5462 Honorius
499 5392 684 5470 episcopus,
698 5402 814 5449 servus
825 5403 995 5450 servorum
1007 5389 1077 5462 Dei,
1135 5378 1369 5458 appellationis
1381 5375 1562 5450 obstaculo,
1575 5392 1634 5454 per
1641 5389 1818 5437 censuram
1826 5365 1912 5430 eccle·

283 5499 402 5562 dilecto
431 5493 500 5554 tilio
530 5487 633 5550 nobili
668 5486 741 5547 vire
767 5485 973 5547 Wlodislavo
1004 5486 1079 5547 duci
1135 5477 1304 5540 siastioam
1327 5475 1554 5558 compescatis.
1582 5475 1705 5535 Datum
1725 5457 1911 5532 Lateranill

282 5601 323 5660 de
335 5595 440 5665 KaliS,
458 5589 598 5652 salutem
608 5588 641 5648 et
651 5583 866 5662 apostolicam
876 5583 1081 5646 benedictio-
1135 5577 1209 5638 idus
1245 5573 1416 5647 februarii,
1456 5571 1669 5651 pontificatus
1709 5568 1814 5632 nostri
1843 5569 1914 5623 anno

283 5711 369 5758 nem.
1136 5691 1254 5752 pruno.
