3984 6306
304 387 362 448 331
764 387 940 450 HONORII
957 389 1002 448 111
1017 389 1166 450 orditi.
1188 419 1229 434 -
1250 391 1482 454 SERMONES.
1579 387 1582 392 ’
1852 403 1893 464 332

304 561 378 608 sua.
407 545 492 608 Nam
511 544 597 608 sicut
614 545 697 608 dicii
714 544 832 608 beatus
857 547 1047 624 Gregorius,
1068 549 1101 611 et
1155 545 1254 627 (loel.
1270 563 1306 620 11,
1324 547 1388 630 la).
1403 549 1543 627 Propter
1556 549 1739 626 secundum,
1755 569 1805 616 seu
1817 557 1893 619 utte-
1960 567 1965 628 i

306 644 406 706 etiem
418 644 623 720 Augustinus
639 659 647 699 s
664 661 683 704 s
699 643 754 706 Sic
771 646 998 723 unusquisque
1020 648 1100 708 tunc
1153 646 1274 722 geritur
1288 648 1434 724 peccate,
1447 647 1569 710 dicitur
1584 651 1804 722 :confitemini
1814 657 1893 716 uter·

304 741 368 803 erit
389 740 615 818 conspicibilis
635 741 753 812 alteri,
773 743 860 804 sicud
883 758 970 804 nunc
994 745 1100 820 potest
1154 744 1275 805 ulmam
1288 747 1428 818 peccata
1450 747 1569 808 vestra
1583 745 1665 825 (lac.
1684 763 1714 820 v,
1730 747 1784 828 lc).
1798 752 1896 812 Contes-

303 853 376 899 esse
392 839 618 916 conspicibilis
634 839 697 900 sibi
716 839 793 917 ipsi.
815 857 834 901 s
857 840 912 901 Sic
930 840 1028 902 bomo
1047 841 1101 904 vi·
1154 841 1205 904 sio
1225 843 1314 904 enim
1334 843 1488 920 quamvis
1511 845 1673 908 sacerdoti
1695 843 1824 922 detegat,
1843 850 1896 910 aliis

303 935 393 998 debit
405 937 628 1000 conscientias
649 937 796 998 omnium
812 937 996 1010 hominum,
1014 939 1101 1001 sicut
1154 941 1264 1000 umen
1280 939 1433 1002 occultat.
1450 943 1589 1018 Propior
1603 941 1741 1014 tertium,
1754 959 1805 1004 seu
1817 945 1896 1006 utnon

302 1051 392 1096 nunc
406 1050 473 1096 non
490 1034 597 1112 potest
608 1035 722 1100 vidore
737 1052 830 1100 suam
843 1057 851 1111 ς
866 1035 945 1114 quia
961 1053 1027 1098 non
1040 1053 1101 1114 po-
1155 1035 1358 1113 imputentur
1381 1039 1527 1115 peccata,
1550 1038 1673 1100 dicitur
1697 1061 1705 1100 r
1726 1042 1826 1102 Facite
1841 1059 1897 1120 crgo

302 1133 370 1194 test
394 1133 493 1194 homo
510 1149 710 1208 cognoscere
729 1135 876 1210 peccata,
901 1134 954 1197 vel
982 1135 1099 1196 nierita
1154 1137 1274 1210 dipuos
1287 1136 1422 1209 fructus
1432 1137 1647 1210 poestttcnttoe
1660 1135 1747 1216 (Luc.
1762 1153 1804 1211 lli,
1817 1138 1853 1217 8).

305 1246 379 1300 sua,
390 1231 446 1292 sed
459 1231 538 1292 tunc
550 1230 635 1292 bene
650 1235 826 1308 cognoscet
837 1232 958 1294 aliena.
973 1232 1099 1294 Gaudia
1195 1234 1265 1292 Hoc
1279 1233 1330 1294 est
1344 1233 1489 1296 triduum
1501 1234 1582 1295 illud
1594 1233 1679 1312 quod
1690 1237 1807 1312 Moyses
1818 1237 1900 1298 eduxit

303 1325 475 1390 beatorum
502 1331 579 1390 suut
597 1330 738 1402 occulta,
763 1329 841 1406 quia
870 1345 968 1391 nemo
994 1330 1101 1407 potest
1156 1329 1312 1406 populum
1332 1331 1435 1391 lsrael
1462 1331 1503 1392 de
1525 1333 1680 1408 AEgypto.
1706 1333 1762 1394 llis
1785 1347 1900 1409 mamque

304 1440 506 1500 cognoscere
534 1429 657 1504 quanta
682 1427 749 1489 sint
774 1427 923 1488 coelestia
949 1428 1097 1504 praemia.
1154 1425 1261 1490 tribus
1276 1426 1392 1490 diebus
1409 1428 1452 1490 de
1466 1429 1609 1506 AEggpto
1630 1428 1664 1491 et
1683 1431 1793 1492 mentis
1812 1431 1899 1491 mulu-

306 1521 400 1584 Unde
411 1523 530 1586 isaias:
543 1526 741 1586 Ocmusmn
751 1526 848 1597 cidit,
861 1529 964 1596 Deus,
975 1527 1101 1598 absque
1154 1523 1249 1586 sione
1274 1525 1501 1600 egrediuntur.
1531 1529 1610 1589 llaec
1635 1527 1712 1590 sunt
1732 1543 1823 1604 pana
1841 1529 1901 1588 tosta

305 1620 350 1690 te,
361 1635 438 1694 quoe
447 1621 659 1695 proeparostl
667 1623 885 1698 diligentibus
892 1623 925 1684 tc
938 1620 996 1700 (ls.
1009 1637 1099 1694 cxiv,
1155 1637 1229 1698 quse
1249 1621 1475 1684 offerebantur
1491 1623 1527 1684 in
1550 1624 1757 1687 sacrificium.
1777 1627 1843 1686 linc
1858 1624 1902 1684 tria

304 1714 351 1797 i).
369 1717 453 1790 Quia
466 1719 581 1794 siquis
596 1718 712 1783 condus
726 1721 918 1780 sanctorum
931 1718 991 1779 illa
1005 1718 1098 1788 vidit,
1155 1719 1190 1779 in
1205 1719 1264 1780 illa
1279 1720 1421 1795 pectoris
1435 1721 1591 1782 tunsione
1602 1737 1670 1799 qua
1687 1723 1807 1800 pectora
1821 1724 1903 1782 nostra

305 1830 372 1876 non
385 1814 469 1876 vidit
477 1815 542 1876 nisi
552 1832 613 1893 per
622 1818 665 1877 te.
676 1816 736 1877 Vel
747 1817 811 1878 ita:
827 1816 939 1878 nullus
949 1816 1008 1883 illa
1017 1816 1102 1880 vidit
1155 1815 1569 1892 tundimusdesignantur.
1582 1818 1631 1880 Ibi
1640 1819 1905 1896 namqustriapriu·

305 1913 428 1990 praeter
440 1913 484 1984 te,
495 1914 571 1990 quia
584 1914 620 1974 tu
633 1913 723 1974 solus
735 1913 919 1989 cognovisti
933 1929 1008 1990 quae
1020 1929 1103 1991 prte-
1156 1913 1309 1990 cipaliter
1322 1915 1547 1988 attenduntur,
1561 1915 1659 1984 idest,
1675 1917 1772 1990 laesio,
1785 1915 1905 1986 seruent

306 2011 432 2086 parasti
446 2009 661 2086 diligentibus
671 2011 714 2072 te.
729 2013 799 2072 Hoc
814 2010 1037 2087 significatum
1052 2012 1102 2074 est
1156 2027 1284 2074 manus.
1306 2014 1342 2072 ln
1358 2011 1494 2074 laesione
1506 2013 1617 2074 cordis
1632 2012 1791 2085 contritio,
1806 2015 1834 2074 in
1848 2027 1905 2072 sono

305 2109 342 2170 in
365 2109 450 2180 velo,
469 2108 556 2186 quod
582 2108 746 2185 pendebat
770 2109 849 2170 ante
875 2109 1101 2172 sanctuarium
1156 2109 1224 2170 oris
1243 2109 1419 2181 confessio,
1441 2109 1476 2172 in
1502 2126 1603 2177 manu
1624 2112 1735 2188 operis
1752 2110 1905 2173 satisfactio.

308 2206 380 2268 Dei.
407 2207 492 2266 Nam
517 2207 745 2267 sanctuarium
768 2206 935 2283 significat
960 2207 1101 2283 patriam
1157 2206 1285 2286 Eiquia
1298 2207 1369 2283 ipse
1382 2206 1516 2284 reliquit
1532 2208 1626 2270 nobis
1644 2209 1821 2286 exemplum
1832 2209 1860 2267 ul
1870 2223 1907 2266 se·

306 2303 484 2365 coelestem.
499 2304 615 2370 velum
629 2319 708 2380 ergo
718 2305 796 2367 ante
808 2304 1033 2366 sanctuarium
1049 2303 1101 2364 si·
1156 2319 1297 2380 quamur
1311 2304 1452 2380 vestigia
1473 2308 1556 2381 ejus,
1579 2307 1614 2367 et
1632 2323 1694 2370 nos
1710 2321 1795 2382 ergo,
1809 2305 1906 2370 iratres,

307 2400 442 2477 gnificat
465 2401 551 2479 quod
573 2400 680 2462 celata
705 2404 820 2464 sunta
843 2401 938 2463 nobis
953 2402 1100 2463 coelestia
1156 2401 1338 2477 cogitemus
1362 2417 1436 2480 quae
1458 2405 1549 2464 recta
1572 2404 1661 2476 sunt,
1686 2403 1906 2480 loquamurque

304 2497 403 2560 bona.
423 2499 498 2571 Sed,
516 2499 605 2564 sicut
630 2499 771 2575 legimus
793 2499 829 2567 in
854 2499 1010 2578 passione
1036 2501 1103 2560 llo-
1156 2515 1238 2562 sana
1252 2501 1342 2572 sunt,
1354 2515 1532 2578 operemur
1545 2517 1618 2579 quae
1629 2503 1782 2573 Deiecit,
1798 2496 1909 2561 murel·

305 2595 601 2672 miniqucdvelum
613 2596 1101 2673 templiscissumestasummo
1154 2597 1377 2660 dentesetiem
1388 2597 1599 2660 maledictum
1607 2595 1907 2676 promolediotoquia

307 2708 412 2769 usque
431 2693 597 2765 deorsum,
620 2693 667 2755 ita
688 2694 798 2754 velum
819 2693 934 2770 templi
957 2693 1101 2755 coelestis
1156 2691 1908 2770 etipse,cummalediceretur,noumaledicebat,

306 2789 476 2852 scindetur
489 2790 525 2850 in
547 2789 602 2850 die
622 2789 749 2864 judicii,
766 2792 799 2852 et
812 2791 911 2852 erunt
926 2791 1101 2860 manifesta
1156 2791 1213 2854 sed
1238 2792 1371 2868 peccata
1394 2791 1507 2854 nostra
1523 2793 1660 2869 pertulit
1674 2794 1709 2854 in
1730 2806 1852 2869 corpore
1869 2801 1908 2848 suo

307 2887 444 2971 praemia
459 2886 639 2948 electorum
652 2886 722 2949 Dei.
1154 2901 1256 2964 super
1270 2887 1395 2962 lignum
1412 2888 1448 2948 ut
1461 2889 1606 2965 peccatis
1621 2887 1869 2967 mortuijustitia
1880 2883 1911 2942 vi·

346 2984 514 3062 Supplicia
529 2983 758 3047 damnatorum
771 2984 849 3046 sunt
866 2985 1007 3059 occulta,
1023 2987 1101 3064 quia
1156 2999 1284 3044 vamus.
1300 2983 1412 3046 Nolite
1433 2985 1572 3047 reddere
1592 2985 1701 3048 vicem
1724 2980 1911 3050 maledicenti-

306 3097 404 3144 nemo
429 3082 537 3159 potest
557 3081 654 3159 plene
684 3097 885 3158 cognoscere
912 3084 1024 3161 qualia
1047 3085 1100 3147 vel
1156 3080 1227 3152 bus,
1242 3081 1320 3158 quia
1335 3081 1364 3142 si
1380 3081 1468 3143 mala
1482 3098 1597 3144 eorum
1616 3085 1715 3146 modo
1730 3086 1802 3145 suni
1814 3081 1909 3158 operta,

306 3180 428 3257 quanta
445 3180 512 3242 sint
530 3179 652 3244 interni
670 3179 849 3256 tormenta3
871 3180 904 3242 et
927 3181 1002 3244 ideo
1021 3182 1100 3244 mali
1155 3179 1269 3241 veniet
1279 3178 1349 3238 dies
1355 3178 1485 3255 judicii,
1502 3180 1537 3240 in
1552 3197 1617 3258 quo
1630 3181 1852 3247 revelabuntur
1861 3191 1912 3237 on·

307 3277 468 3340 audenter
486 3279 636 3354 peccant,
654 3277 731 3355 quia
750 3277 904 3340 nesciunt
924 3279 1012 3340 mala
1027 3295 1100 3356 qun
1156 3275 1212 3336 nia
1224 3277 1359 3353 peccata
1371 3292 1497 3339 eorum.
1508 3278 1657 3341 Etnolite
1665 3273 1912 3356 gloriaridebonis

307 3374 549 3452 superventura
571 3375 648 3439 sunt
665 3373 725 3437 eis.
745 3373 839 3438 Unde
864 3377 1023 3441 Dominus
1044 3377 1100 3438 vi-
1155 3373 1286 3445 vestris,
1319 3374 1398 3451 quia
1425 3376 1505 3436 tunc
1532 3377 1834 3440 manifestabuntur.
1853 3369 1912 3443 Quia

307 3471 389 3532 dens
416 3471 584 3534 civitatem
608 3471 700 3534 flevit
722 3487 823 3548 super
848 3472 940 3536 illam
959 3472 1099 3535 dicens:
1156 3469 1242 3547 quod
1257 3471 1331 3534 dico
1345 3470 1440 3533 vobis
1454 3471 1489 3533 in
1504 3472 1663 3546 tenebris,
1679 3475 1774 3549 idest,
1786 3474 1818 3533 in
1827 3467 1912 3546 liguris

306 3569 386 3652 quia
399 3570 431 3630 si
443 3569 656 3645 cognovisses
667 3570 700 3632 et
712 3571 760 3643 tu,
777 3569 1026 3648 intelligendum
1037 3573 1098 3644 est,
1155 3568 1189 3630 et
1211 3567 1478 3642 obscuritatibus,
1500 3569 1601 3632 dicite
1625 3571 1662 3633 in
1693 3572 1822 3643 lumino,
1842 3563 1912 3630 idest.

304 3667 415 3732 fleres.
429 3667 553 3729 Civitas
569 3667 619 3730 est
633 3668 744 3730 anima
756 3683 830 3745 quae
845 3667 874 3729 sl
891 3669 1102 3746 cognovisset
1155 3667 1284 3742 aperte3
1310 3667 1343 3728 et
1361 3666 1446 3744 quod
1462 3668 1498 3728 in
1512 3683 1595 3730 aure
1613 3670 1748 3744 auditis,
1773 3663 1914 3747 predicato

305 3765 897 3842 suturajudicin,tleret.Nuncautem
908 3766 1100 3828 abscondita
1155 3779 1255 3840 super
1267 3765 1363 3835 tecta,
1379 3763 1475 3836 idest,
1490 3765 1632 3842 publice.
1645 3769 1719 3830 Mos
1730 3767 1814 3829 enim
1825 3759 1914 3826 eratin

305 3864 382 3925 sunt
391 3863 632 3940 ahooulisejus,
644 3864 702 3925 sed
710 3864 745 3924 in
751 3864 877 3941 jndicio
889 3866 987 3926 erunt
996 3865 1101 3925 mani·
1155 3859 1324 3922 Palestina
1334 3861 1481 3937 regione,
1497 3862 1555 3924 ubi
1569 3878 1635 3924 non
1653 3867 1733 3928 sunt
1750 3867 1830 3928 tecta
1843 3872 1916 3921 cacu-

249 4037 251 4041 Υ
304 3960 388 4022 lesta
410 3981 418 4020 ε
442 3960 579 4024 Dicebat
596 3963 693 4023 lesus
712 3961 902 4037 discipulis:
917 3961 1099 4024 cumbodie
1154 3957 1290 4031 minata,
1301 3958 1388 4019 sicut
1402 3960 1523 4021 suntin
1539 3961 1691 4037 partibus
1705 3963 1791 4034 istis,
1805 3953 1917 4022 sedium

305 4057 456 4118 homines
471 4058 561 4134 pleni
575 4058 643 4118 sint
657 4058 843 4134 iniquitate,
859 4059 892 4120 et
906 4058 1002 4119 nobis
1011 4059 1101 4120 inte·
1154 4055 1265 4132 plana3
1277 4057 1490 4133 etproptoroa
1496 4057 1696 4137 quicumque
1702 4059 1829 4122 volebat
1835 4056 1916 4119 lacero

304 4156 383 4218 runt
397 4155 559 4226 convicia,
573 4156 750 4217 vosautem
765 4155 913 4231 religiosi
929 4157 1019 4218 estis
1037 4157 1097 4218 bi·
1153 4165 1339 4212 sermonem
1350 4151 1391 4211 ad
1401 4151 1569 4228 populum,
1577 4152 1724 4219 tenenat
1735 4169 1831 4232 super
1842 4147 1916 4212 oola,
1962 4169 1963 4178 Ν

305 4267 405 4332 gnum
429 4253 479 4314 est
502 4251 538 4312 ut
560 4251 666 4313 vicem
681 4251 857 4317 reddamus
878 4252 945 4324 eis,
969 4253 1098 4316 etmala
1153 4247 1249 4320 idest,
1273 4248 1413 4324 publice.
1433 4249 1493 4310 Vel
1508 4249 1630 4312 aliteri
1654 4253 1743 4330 quod
1758 4252 1827 4312 dico
1845 4243 1916 4310 vobit

306 4365 420 4411 eorum
433 4350 634 4426 detegamus,
652 4349 746 4411 Unde
758 4350 861 4411 David
877 4371 884 4410 :
900 4351 1001 4412 Beati
1015 4367 1100 4425 quo·
1153 4344 1361 4417 intenebris,
1377 4344 1473 4418 idest,
1488 4347 1574 4424 quod
1590 4349 1689 4411 modo
1704 4349 1779 4412 dico
1797 4344 1879 4409 vobis
1894 4340 1918 4398 1¹¹

304 4463 386 4516 rum
399 4451 558 4512 remim
575 4449 657 4509 sunt
676 4447 885 4522 iniquitates,
902 4449 936 4510 et
951 4463 1098 4522 quorum
1154 4443 1322 4518 mysterio,
1340 4443 1439 4508 dicite
1453 4443 1489 4504 in
1508 4443 1645 4507 lumine.
1663 4448 1807 4524 Recepto
1821 4439 1918 4518 spiritu

305 4545 394 4610 teoto
411 4547 494 4608 sunt
508 4545 649 4619 peccata
663 4543 733 4624 (Ps.
756 4546 806 4616 31,
831 4543 875 4622 1).
898 4545 1028 4606 Beatus
1042 4549 1099 4606 vir
1155 4541 1276 4602 Sancto
1289 4540 1364 4616 post
1373 4541 1511 4608 mortem
1522 4557 1629 4608 meam
1640 4541 1857 4620 praedicabitis
1866 4547 1919 4598 cum

302 4648 358 4706 ont
372 4643 631 4718 novzsmpncoott
638 4645 806 4710 Dominus
813 4640 1034 4722 peccutnss’s.
1046 4645 1096 4716 30,
1154 4637 1275 4700 dducia
1291 4636 1443 4699 veritatis
1459 4638 1591 4715 publica
1612 4641 1645 4702 et
1668 4643 1743 4703 sine
1757 4642 1874 4703 timore.
1893 4629 1919 4692 Et

303 4742 349 4820 s).
371 4742 406 4803 si
426 4741 515 4803 enim
530 4740 629 4802 nomo
647 4739 738 4816 tegit,
755 4742 842 4802 oeus
857 4739 990 4815 neoni,
1016 4741 1050 4802 ot
1069 4741 1098 4802 sr
1154 4734 1285 4810 qoooin
1297 4749 1379 4796 auro
1393 4735 1527 4808 auditio,
1541 4737 1637 4812 tuost,
1656 4739 1731 4800 ³010
1743 4738 1920 4810 amirupor-
1953 4709 1962 4796 l

304 4839 402 4906 homo
417 4839 549 4916 detegit,
571 4840 658 4900 Deus
673 4837 765 4913 tegit,
789 4837 987 4914 Detegamus
1004 4853 1096 4914 ergo,
1154 4831 1276 4908 cilitiis,
1308 4831 1486 4915 predone
1515 4849 1615 4911 super
1646 4837 1737 4898 tecta
1768 4828 1921 4898 existentes

304 4936 435 5007 iratres,
458 4935 491 4998 et
511 4951 572 4998 nos
597 4935 703 5006 modo,
726 4936 761 4997 ut
775 4938 862 4996 Deus
888 4950 928 4996 ea
948 4935 1039 5011 tegat
1064 4936 1098 4996 in
1154 4929 1348 5006 complendo
1360 4945 1472 5008 opere,
1481 4930 1738 5010 idest:oovpora
1746 4935 1921 5004 vestraque

304 5033 427 5100 futuro,
450 5034 564 5094 etnon
583 5031 695 5093 videat
718 5031 759 5092 ad
783 5031 975 5094 vindictam.
1001 5032 1099 5092 Scitis
1154 5027 1231 5088 sunt
1255 5027 1424 5090 domicilia
1452 5028 1652 5102 ammarum,
1674 5029 1828 5110 exponite
1850 5037 1921 5087 mar-

305 5131 394 5194 enim
414 5130 491 5206 qnia
506 5129 587 5194 Cain
603 5129 744 5204 tegendo
763 5128 797 5190 et
811 5128 1001 5193 excusando
1017 5144 1098 5206 peo-
1153 5125 1252 5202 tyrio.

305 5231 427 5300 catum,
444 5228 478 5288 in
493 5226 735 5304 desperationis
749 5227 904 5304 laqueum
917 5226 1052 5302 iooidit;
1068 5228 1100 5288 et
1194 5222 1286 5284 Nihil
1300 5223 1450 5300 opertum
1470 5223 1556 5308 quod
1578 5241 1645 5287 non
1663 5227 1838 5288 reveletur.
1862 5216 1921 5280 lbi·

305 5343 324 5388 e
348 5326 462 5388 contra
488 5323 593 5386 David
617 5338 677 5400 por
700 5323 944 5391 contessionem
966 5324 1098 5387 veniam
1155 5320 1284 5397 pliciter
1293 5319 1530 5384 revelabuntur
1539 5323 1667 5390 occulta
1679 5325 1769 5384 mala
1780 5315 1923 5400 injudicio
1960 5311 1961 5396 l

305 5420 1100 5500 impetravitEtsidolemuscordeetconiitemur
1154 5418 1213 5479 Dei
1231 5439 1238 5478 :
1254 5421 1282 5480 A
1297 5417 1430 5494 propria
1444 5418 1815 5492 bominisoouscientia,
1826 5435 1843 5478 a
1854 5411 1923 5476 diu'·

306 5537 375 5592 ore,
390 5519 1100 5596 satisfaciamusnibilominusopere.Prop-
1154 5532 1197 5578 na
1208 5516 1588 5593 justitia,asanctcrum
1605 5521 1752 5582 caterva.
1777 5521 1821 5579 De
1838 5513 1924 5592 primo
1960 5529 1961 5570 v

304 5625 356 5684 ter
365 5620 518 5698 primum,
531 5634 590 5682 seu
600 5617 840 5688 remissionem,
852 5617 989 5678 dicitur:
1001 5619 1100 5678 Scin-
1154 5615 1234 5676 dicit
1247 5613 1423 5690 Apostolus
1440 5616 1717 5691 :Cogitationem
1735 5618 1873 5677 tuomum
1884 5618 1926 5668 oo·

304 5720 375 5784 dite
389 5720 493 5780 corda
506 5715 625 5781 vestra
638 5715 672 5778 ct
682 5731 750 5778 nou
763 5715 968 5788 vestimentu
982 5715 1100 5776 vestra
1152 5713 1348 5776 cusanttwn
1369 5711 1430 5774 aut
1448 5714 1555 5776 ctiam
1566 5714 1821 5790 defendentium
1839 5713 1872 5772 tn
1883 5707 1926 5766 de
