4082 6342
114 304 175 364 497

114 460 284 540 compleri.
302 460 495 538 llapropter,
518 457 630 524 dilecti
645 459 679 522 in
694 461 825 524 cbristo
838 461 910 533 lilii,

113 562 176 632 etc,
191 573 297 633 risque
307 577 319 619 .·
329 558 554 636 impertientes
565 573 749 620 assensum.
758 559 911 621 Decimae

112 661 182 719 tam
208 657 377 719 novalium
405 673 503 734 quam
531 656 676 720 aliarum
703 659 868 720 terrarum
891 672 912 718 a

112 754 316 816 monasterio
340 755 450 817 vestro
466 757 542 816 ante
554 755 710 832 generale
729 755 911 816 Concilium

112 851 358 914 rationabiliter
372 853 406 914 et
420 852 528 928 quiete
543 867 725 929 possessas,
751 852 837 914 sicut
854 867 911 913 eas

108 952 201 1026 Juste
216 951 248 1010 et
263 948 400 1025 pacifice
418 949 605 1026 possidetis,
620 949 713 1011 vobis
728 950 761 1010 ot
779 965 839 1026 per
853 965 911 1010 vos

111 1047 179 1123 ipsi
195 1046 396 1109 monasterio
415 1047 613 1110 auctoritate
627 1048 816 1123 apostolica
831 1062 913 1108 con·

112 1145 299 1216 firmamus,
327 1144 360 1206 et
384 1145 560 1221 praesentis
590 1145 705 1222 scripti
727 1144 911 1222 patrocinio

113 1242 374 1316 communimus3
391 1241 573 1305 districtius
584 1241 772 1304 inhibentes
781 1257 823 1303 ne
838 1241 911 1322 quis

112 1355 214 1417 super
226 1339 295 1401 illis
310 1355 369 1400 vos
384 1338 565 1417 praesumat
585 1344 708 1400 temere
723 1339 909 1402 molestare.

112 1436 206 1499 Nulli
214 1451 304 1512 ergo,
320 1436 807 1509 etc.‚n0straecontlrmationis,
822 1437 913 1499 etin·

112 1533 484 1610 bibitionisiniringare,
493 1533 545 1595 vel
556 1533 867 1608 ei,etc.,contraire.
877 1535 911 1596 Si

112 1633 188 1709 quis
212 1632 332 1704 autem,
357 1635 433 1701 etc„
458 1631 682 1694 incursurum.
703 1633 822 1694 Datum
848 1633 912 1693 Fe-

111 1729 236 1794 rentini
249 1729 411 1795 kalendas
422 1729 619 1813 septembris
644 1745 731 1793 anno
754 1730 910 1794 secundo.

450 1907 578 1996 XXIV

111 2061 365 2134 coepiscopum
376 2059 411 2120 et
421 2059 608 2132 capitutum
620 2060 910 2121 Suesstmteusem.

411 2182 424 2238 1
444 2187 519 2254 sept.
537 2180 615 2239 1117.

323 2287 433 2352 [Regast.
449 2286 493 2338 lib.
504 2287 536 2346 ll,
553 2287 625 2352 epist.
637 2286 706 2352 tlt]

115 2385 234 2444 blandai
245 2392 276 2442 ut
285 2385 437 2462 praebenda
447 2385 578 2448 canonici
588 2385 751 2458 assignetur
762 2386 865 2444 elerico
878 2387 910 2444 ll.

153 2512 332 2584 Hormina,
353 2513 428 2584 etc,
440 2511 624 2574 venerabili
635 2510 730 2573 fratri
745 2511 911 2591 episcopo,

81 2625 83 2630 ·
113 2611 149 2670 et
162 2607 292 2676 dilectis
305 2609 384 2670 liliis
398 2607 535 2690 capituli
551 2607 763 2674 suessionen.

158 2705 550 2770 Prornissionembabens
565 2705 653 2778 vitae,
666 2721 739 2783 quae
750 2722 838 2767 nunc
850 2707 910 2778 est,

114 2809 148 2866 et
163 2803 294 2876 ltrturae,
310 2804 416 2880 pietas
432 2819 492 2864 nos
505 2803 646 2874 induxit,
661 2805 698 2866 ut
711 2819 771 2881 pro
794 2803 913 2866 dilecto

114 2901 428 2978 magistroRoberto
443 2901 680 2963 clericolatore
688 2902 912 2978 praesentium,

115 3001 170 3062 cui
184 2999 332 3062 scientiae
345 2999 467 3061 donum
482 3003 515 3063 et
525 3000 603 3061 vitae
622 2999 776 3059 meritum
792 2999 916 3059 suffra-

113 3098 189 3174 gari
220 3097 383 3169 dicuntur,
407 3113 522 3176 preces
548 3094 641 3159 vobis
670 3097 914 3174 porrigeremus

113 3195 334 3272 Apostolieas,
350 3196 384 3256 et
402 3195 604 3265 mandatum,
633 3195 669 3255 ut
697 3194 806 3270 ipsum
827 3193 915 3254 recl-

114 3291 240 3370 peretis
264 3292 299 3352 in
323 3292 521 3354 canonicum
545 3293 578 3353 et
598 3291 633 3352 in
658 3291 805 3362 fratrem,
829 3289 914 3370 quod

114 3391 227 3452 lacere
250 3390 418 3462 renuistis,
448 3389 658 3466 praebendam
679 3405 752 3466 qnae
768 3389 916 3466 postmo-

114 3489 194 3548 dum
217 3487 252 3548 in
272 3488 414 3549 ecclesia
437 3489 547 3549 vestra
568 3487 701 3549 vacavit
723 3485 782 3547 alii
802 3484 916 3548 conle-

114 3587 245 3657 rentes,
276 3585 362 3647 sicut
386 3584 482 3645 nobis
508 3584 703 3646 dilectorum
731 3583 913 3648 illiorum...

114 3682 466 3754 decani,tbesaurarli‚
482 3683 551 3746 et...
567 3681 713 3753 official„
725 3680 913 3754 belvacen„

114 3797 199 3858 quos
222 3779 330 3841 eidem
345 3779 525 3841 monitores
538 3779 777 3849 concessimus,
795 3777 915 3840 relatio

114 3877 308 3939 declaravit.
325 3877 484 3938 Nolentes
496 3877 599 3953 igitur
613 3875 841 3952 imperfectum
861 3891 916 3935 ra-

114 3977 268 4052 linquare
288 3974 375 4053 quod
395 3973 656 4036 misericorditer
670 3973 913 4044 inchoavimus

115 4075 157 4134 de
187 4072 308 4134 clerico
343 4073 550 4144 memorato,
581 4087 639 4149 per
671 4072 799 4132 iterata·
820 4069 915 4132 vobis

116 4171 242 4248 scripta
267 4171 490 4248 praecipiendo
519 4169 725 4242 mandamus,
752 4169 915 4247 quatenus

113 4270 213 4348 juxta
228 4268 329 4345 primi
344 4267 492 4330 mandati
506 4268 655 4330 tenorem
665 4268 700 4327 in
719 4267 916 4328 canonicum

115 4368 265 4428 vestrum
288 4366 322 4427 et
345 4365 481 4426 fratrem
503 4364 674 4442 recipiatis
692 4365 843 4426 eumdem
859 4385 867 4438 ;
885 4363 917 4425 et

116 4465 340 4542 praebendam,
355 4464 382 4524 si
398 4463 508 4541 quain
521 4462 660 4524 ecclesia
673 4462 746 4539 ipsa
762 4464 869 4534 vacat,
885 4461 917 4522 ei

115 4561 302 4624 liberaliter
322 4561 512 4637 assignetis.
531 4561 680 4621 Scieutes
702 4575 762 4620 nos
787 4557 917 4620 dilectis

117 4661 233 4722 filiis...
249 4660 384 4731 decano,
400 4658 540 4730 cantori,
554 4657 586 4719 et
601 4657 760 4734 magistro
773 4659 810 4717 G.
823 4659 914 4718 Gom.

117 4760 279 4820 canonico
289 4754 917 4834 ilamensipernostrasdedisselitteras

117 4859 150 4919 ln
159 4856 336 4927 mandatis
347 4856 383 4916 ut
394 4854 458 4916 nisi
472 4853 670 4916 curaveritis
684 4851 817 4914 efficere
831 4850 916 4928 quod

116 4955 359 5025 mandavimus
385 4953 448 5030 ipsi
474 4967 533 5012 vos
553 4951 594 5011 ad
614 4951 646 5011 id
669 4965 917 5028 percensuram

117 5052 378 5116 ecclesiasticam
391 5049 614 5127 appellatione
623 5051 751 5112 remota
766 5047 916 5124 compel-

117 5153 204 5220 lant,
224 5150 289 5212 nlsl
313 5147 439 5226 aliquid
460 5148 624 5224 objectum
640 5145 740 5208 inerit
759 5148 791 5208 et
806 5147 919 5207 osten-

119 5267 203 5322 sum,
227 5245 470 5326 propterquod
497 5244 530 5306 id
553 5260 619 5305 non
645 5243 750 5322 possit
772 5243 825 5304 vel
852 5259 917 5304 non

118 5347 236 5410 debeat
250 5344 435 5421 adimpleri.
450 5344 568 5406 Datum
579 5340 750 5404 Ferentini
765 5340 917 5404 kalendis

119 5443 316 5524 septembris
332 5457 419 5504 anno
435 5439 591 5503 seeundo.

160 5643 196 5705 ln
212 5639 362 5702 eumdem
379 5636 447 5698 lere
461 5635 592 5698 modum
612 5633 836 5712 scriptumest
856 5651 916 5695 su-

740 301 969 363 EPISTOLAE.
993 303 1070 364 LIB.
1095 305 1135 364 11.

1704 309 1765 368 les

966 478 1027 539 per
1038 462 1102 526 boc
1116 461 1241 526 eisdem
1257 463 1490 530 executoribus
1505 464 1615 528 verbis
1628 481 1763 544 compa-

965 561 1074 622 tenter
1088 561 1235 624 mutatis.
1251 561 1341 633 Quod
1358 561 1386 623 si
1402 578 1467 624 non
1476 578 1589 624 omnes
1603 565 1678 637 etc,
1692 567 1763 626 Duo

966 665 1125 732 vestrum,
1139 659 1215 732 etc,
1230 660 1348 721 Datum
1361 662 1397 722 ut
1411 676 1523 738 supra.

1311 821 1418 908 XXV

1006 965 1058 1024 Ad
1073 965 1222 1024 iliricum
1236 964 1484 1026 Pataviensem
1496 965 1530 1027 et
1539 965 1726 1028 nocerium

1139 1062 1391 1124 olomucensem
1406 1065 1590 1138 episcopos.

1264 1184 1278 1240 1
1295 1191 1369 1257 sept.
1389 1184 1467 1243 1117.

1028 1287 1145 1353 [ΒοοιοΙι,
1157 1289 1219 1341 Cod.
1231 1290 1367 1355 diplomat.
1382 1287 1510 1353 lloravira
1521 1291 1552 1352 11,
1563 1291 1603 1354 tl,
1613 1306 1640 1343 n.
1650 1291 1703 1357 80.]

967 1397 1025 1454 llos
1037 1397 1187 1469 episcopos
1197 1398 1342 1455 constituit
1355 1405 1462 1456 tutores
1474 1399 1581 1468 uxoris,
1603 1405 1631 1456 et
1644 1399 1765 1456 illiorum

1073 1483 1208 1557 leopoldi
1218 1484 1299 1544 ducis
1308 1489 1430 1545 dustria
1444 1487 1646 1561 crucesignati.

1006 1602 1172 1663 Honorius
1187 1603 1491 1682 episcopusservus
1506 1621 1677 1667 servorum
1693 1605 1764 1675 Dei,

967 1700 1211 1761 venerabilibus
1250 1701 1420 1774 fratribus,
1460 1701 1651 1764 Pataviensi
1682 1704 1763 1764 et...

967 1797 1175 1858 Olomucensi
1184 1798 1348 1876 episcopis
1360 1801 1392 1861 et
1404 1799 1523 1861 dilecto
1535 1799 1641 1861 lilio...
1655 1798 1767 1861 abbati

967 1895 1090 1956 sanctae
1103 1896 1212 1957 crucis
1228 1897 1437 1960 Pataviensis
1448 1897 1612 1970 dioecesis‚
1626 1897 1766 1958 salutem

967 1993 999 2052 et
1011 1991 1227 2067 apostolicam
1241 1990 1517 2055 benedictionem.

1007 2091 1112 2161 Quum
1126 2088 1266 2151 dilectus
1281 2090 1369 2151 illius
1385 2090 1505 2152 nobilis
1518 2091 1580 2163 vir,
1596 2089 1664 2150 dux
1677 2093 1767 2150 Aus-

966 2185 1077 2247 trlae...
1106 2188 1275 2266 assumpto
1303 2189 1426 2250 sanctae
1452 2188 1561 2251 crucis
1591 2186 1764 2264 signaculo

968 2284 1142 2360 magnifice
1150 2285 1214 2348 iter
1223 2285 1449 2363 arripueritad
1462 2285 1645 2346 subsidium
1653 2287 1765 2345 Terrae

968 2383 1109 2456 Sanctae,
1133 2399 1194 2443 nos
1216 2383 1285 2443 suis
1296 2383 1397 2459 J'ustis
1417 2381 1695 2460 postulationibus
1711 2381 1766 2441 in-

967 2479 1082 2541 clinati
1105 2495 1282 2556 personam
1301 2496 1395 2540 suam
1419 2495 1531 2540 cum...
1544 2493 1660 2550 uxore,
1675 2477 1764 2546 tiliis,

966 2577 1056 2638 terra
1072 2577 1289 2656 omnibusque
1301 2577 1397 2638 bonis
1411 2577 1480 2638 suis
1496 2575 1557 2638 sub
1571 2575 1660 2637 beati
1675 2575 1767 2636 Petri

967 2675 1554 2753 etnostraprotectionesuscepimus.
1564 2673 1765 2745 statuentes,

969 2772 1061 2832 ntea
1089 2773 1199 2836 omnia
1220 2771 1281 2832 snb
1302 2771 1439 2850 speciali
1458 2771 1656 2848 Apostolicae
1672 2768 1767 2831 sedis

969 2867 1769 2946 protectioneacdeiensioneconsistantdonecde

968 2967 1076 3030 reditu
1091 2983 1151 3028 suo
1164 2967 1216 3028 vel
1233 2966 1325 3027 obitu
1339 2967 1524 3028 certissime
1537 2965 1766 3043 cognoscatur.

969 3063 1110 3146 Ideoque
1136 3063 1329 3126 discretioni
1359 3064 1478 3126 vestrae
1503 3078 1562 3139 per
1579 3060 1769 3139 Apostolica

969 3161 1092 3237 scripta
1111 3160 1317 3232 mandamus
1335 3161 1497 3242 quatenus
1513 3174 1662 3231 uxorem,
1681 3157 1768 3220 lilios

969 3259 1135 3323 etterram
1160 3260 1231 3336 ejus
1252 3273 1318 3319 non
1329 3257 1526 3338 permittatis
1546 3256 1587 3318 ab
1602 3253 1769 3335 aliquibus

969 3357 1150 3430 molestari,
1163 3356 1392 3419 molestatores
1401 3355 1576 3428 indebitos,
1593 3355 1622 3416 si
1636 3355 1692 3434 qui
1701 3353 1770 3414 iue-

968 3455 1046 3526 riut‚
1063 3471 1123 3531 per
1146 3470 1321 3518 censuram
1343 3454 1602 3515 ecclesiasticam
1618 3452 1768 3530 appella-

968 3553 1059 3614 tione
1069 3552 1262 3630 postposita,
1275 3553 1532 3627 compescentes.
1550 3550 1642 3621 Quod
1658 3550 1687 3610 si
1702 3566 1769 3610 non

970 3649 1136 3711 omnesiis
1158 3647 1379 3726 exsequendis
1399 3648 1575 3725 potueritis
1594 3647 1767 3719 iuteresse,

970 3744 1035 3806 duo
1050 3746 1196 3806 vestrum
1210 3744 1426 3806 nibilominus
1446 3744 1680 3825 exsequantur.
1702 3745 1771 3804 Da·

969 3843 1038 3910 tum
1053 3841 1233 3914 Ferentini,
1248 3840 1400 3903 kalendis
1415 3841 1622 3920 septembris,
1631 3840 1769 3918 pontifl-

971 3941 1064 4003 catus
1074 3939 1179 4002 nostri
1194 3955 1281 4003 anno
1297 3938 1453 4001 secundo.

1306 4107 1433 4196 XXVI

973 4255 1025 4314 Ad
1047 4255 1211 4316 Summum
1233 4255 1429 4328 episcopum
1447 4253 1482 4314 et
1501 4257 1541 4316 F.
1567 4254 1601 4315 et
1621 4259 1663 4316 P.
1681 4258 1772 4316 Ber-

1000 4351 1165 4412 trcedum
1181 4353 1440 4416 credidicconos
1454 4353 1740 4428 Caesarauqrestoe.

1270 4464 1287 4522 6
1302 4470 1375 4537 sept.
1391 4463 1469 4521 1117.

1025 4570 1191 4637 [Lopperaam
1202 4569 1323 4634 Descript.
1339 4568 1370 4620 de
1381 4569 1465 4628 Osma.
1476 4573 1496 4619 t.
1512 4568 1553 4628 lll,
1565 4569 1606 4629 tto,
1620 4584 1645 4620 n.
1660 4568 1713 4634 11]

972 4679 1075 4737 Sancto
1089 4679 1225 4752 episcopo
1242 4683 1270 4733 et
1286 4677 1317 4733 F.
1334 4681 1362 4732 at
1380 4675 1410 4732 P.
1427 4674 1576 4732 Bertrandi
1591 4674 1769 4734 archidiaco-

1007 4767 1286 4840 niscnsurangnstae
1299 4763 1426 4834 mandat,
1443 4771 1473 4820 ut
1486 4764 1678 4822 oxoniensem
1693 4765 1768 4838 epis-

1007 4871 1111 4928 capum
1138 4855 1166 4911 in
1198 4854 1410 4927 possessionem
1440 4852 1515 4912 vllloe
1540 4851 1624 4911 dictoe
1649 4855 1770 4924 Oxoma,

1007 4960 1094 5017 quam
1105 4945 1132 5001 ei
1142 4943 1307 5016 Alpbonsue
1321 4957 1370 4999 rex
1382 4941 1513 5000 Castelloe
1528 4943 1557 4998 in
1577 4941 1721 5000 voluntate
1733 4945 1774 5001 ul-

1007 5034 1074 5091 tima
1090 5033 1239 5106 legaverit,
1263 5031 1448 5106 corporaliter
1462 5030 1600 5091 inducant
1619 5039 1649 5090 et
1670 5030 1769 5090 delen·

1008 5122 1077 5183 darii
1088 5121 1245 5182 inductum.
1295 5149 1297 5154 v

1012 5239 1180 5302 Honorius
1224 5239 1412 5317 episcopus,
1447 5255 1566 5302 servus
1599 5255 1771 5302 servornm

972 5338 1043 5411 Dei,
1064 5335 1249 5400 venerabili
1272 5335 1369 5399 tratri
1393 5337 1560 5414 episcopo,
1587 5338 1619 5399 at
1640 5336 1771 5400 dilectis

973 5435 1109 5499 filiusll.
1126 5437 1159 5497 et
1177 5437 1215 5496 P.
1236 5433 1413 5497 Bertrandi
1427 5434 1674 5496 archidiaconis
1694 5437 1770 5496 Gae-

973 5535 1179 5611 saraugustae
1195 5533 1347 5605 salutem,
1371 5532 1403 5595 et
1423 5531 1641 5610 apostolicam
1663 5531 1770 5598 bene-

972 5633 1160 5718 dictionem.
