3986 6304
272 335 331 397 aar
891 327 1305 398 nouonumoraaa.
1563 279 1567 287 ’
1841 334 1890 399 aaa

272 495 438 570 hominos,
467 495 501 558 et
528 491 765 556 conscientiam
790 493 958 557 maculant
982 492 1069 572 apud
1123 489 1258 553 ciallum
1266 487 1423 563 videaris,
1436 486 1469 552 et
1479 487 1657 566 praesulum
1666 487 1825 554 avaritiam
1833 493 1894 556 inl.

273 598 388 657 Deum.
406 597 492 654 Sane
507 593 594 654 inter
607 592 710 654 multa
726 592 842 668 gravia
855 592 938 654 dete
953 609 972 654 a
987 592 1070 652 mul·
1122 588 1199 651 tari.
1226 587 1359 650 Eisdem
1383 581 1544 665 praete'rea
1566 587 1749 665 injunxisti,
1770 590 1802 652 ut
1822 593 1892 668 apud

273 693 317 754 tis
327 693 439 754 nostro
449 689 649 768 apostolatui
662 691 823 762 reserata,
837 705 910 767 quae
923 690 1069 752 scribere
1124 687 1308 749 Pruvinum
1323 685 1430 764 prima
1453 684 1618 748 dominica
1634 686 1707 764 post
1719 689 1892 765 pracceptum

274 789 380 868 pudor
394 788 492 858 essct,
509 804 551 849 ex
564 788 658 865 parte
673 787 794 848 nobilis
809 787 958 849 mulieris
973 788 1070 850 Blan-
1124 786 1159 846 in
1182 784 1396 863 processione
1424 799 1461 844 se
1484 799 1559 846 cum
1583 783 1687 860 virgis
1708 783 1742 845 in
1762 785 1892 848 manibus

274 888 345 948 chae
365 886 544 949 comitissae
568 885 758 962 Campaniae
783 885 847 948 luit
864 886 1069 964 propositum
1124 881 1374 960 praesentarent,
1400 883 1566 958 recepturi
1585 881 1753 944 humiliter
1768 882 1895 960 discipli-

274 999 386 1047 coram
400 982 508 1056 nobie,
525 983 610 1061 quod
631 983 765 1060 quidam
786 985 950 1046 mercator
972 983 1070 1045 Atre-
1124 997 1219 1057 nam3
1237 979 1382 1042 secunda
1393 995 1474 1041 vcro
1489 979 1655 1042 dominica
1675 979 1757 1056 apud
1779 983 1892 1053 Trecas,

273 1083 383 1144 baten.
409 1081 496 1160 apud
518 1081 699 1143 Pruvinum
719 1083 753 1142 in
773 1080 931 1143 nundinis
945 1081 1071 1162 consti·
1124 1095 1164 1140 ac
1188 1078 1307 1140 deinde
1331 1077 1507 1141 dominicis
1525 1077 1666 1154 singulis
1689 1069 1895 1156 persingulas
1973 1105 1974 1150 ι

272 1183 374 1253 tutus,
401 1181 437 1242 ut
456 1179 577 1242 dicitur
600 1179 687 1241 infra
708 1177 949 1241 immunitatem
968 1179 1068 1240 cimi-
1124 1176 1284 1244 ecclesias
1301 1175 1509 1238 cathedrales
1526 1176 1706 1254 provincie
1730 1178 1893 1252 Senoncn.;

271 1280 360 1352 terii,
378 1295 437 1340 sau
453 1279 603 1340 ecclesiae
620 1277 733 1339 Sancti
748 1277 879 1355 aygulfi
892 1277 958 1338 loci
984 1280 1070 1356 ejus·
1125 1275 1268 1337 cadaver
1282 1291 1412 1353 quoque
1425 1274 1600 1337 homicidae
1613 1273 1771 1353 praedicti,
1783 1274 1896 1336 velluc-

273 1377 359 1450 dem,
395 1376 576 1454 instigante
610 1375 747 1438 humani
775 1375 907 1452 generis
934 1375 1069 1438 inimico
1125 1389 1181 1435 cas
1196 1374 1231 1435 in
1247 1372 1366 1451 quibus
1381 1372 1592 1452 pependerat,
1607 1371 1897 1452 adpraedictamec-

273 1475 448 1553 quemdam
463 1491 559 1536 suurn
578 1474 753 1537 occidisset
772 1473 954 1546 concivem,
981 1474 1014 1535 et
1028 1471 1070 1534 ad
1125 1471 1262 1534 alesiam
1289 1487 1309 1532 a
1338 1487 1402 1548 qua
1429 1471 1598 1534 extractus
1626 1470 1744 1544 iuerat,
1772 1469 1896 1548 propriis

272 1583 406 1651 poenam
419 1571 504 1634 tanti
518 1571 677 1634 facinoris
692 1571 893 1644 evitandam,
916 1570 958 1634 ad
973 1587 1069 1634 eam·
1125 1569 1271 1631 humeris
1287 1569 1509 1647 deportarent,
1526 1570 1559 1633 et
1574 1569 1747 1632 visitarent
1759 1567 1839 1630 beati
1849 1570 1897 1631 Ja-

274 1669 348 1732 dem
363 1669 549 1742 ecclesiam,
575 1668 609 1730 in
637 1686 702 1746 qua
724 1668 832 1730 lorum
852 1667 1071 1730 exercebatur
1125 1667 1199 1730 cobi
1211 1667 1340 1736 limina,
1354 1667 1407 1729 vel
1418 1666 1507 1729 irent
1517 1668 1552 1729 in
1562 1665 1896 1743 terramAlbigensium

248 1767 452 1859 publicum,
481 1766 702 1843 confugisset,
726 1767 923 1844 praepositus
948 1765 981 1828 et
1011 1781 1071 1828 sex
1125 1781 1251 1827 moram
1261 1765 1384 1827 ibidem
1396 1779 1456 1843 per
1466 1765 1688 1843 quadraginta
1700 1763 1895 1838 dieslacturi;

267 1865 374 1943 jurati
399 1865 546 1942 deputati
562 1865 603 1925 ad
629 1864 812 1926 custodiam
833 1864 1068 1935 nundinarum,
1125 1862 1158 1925 et
1176 1863 1216 1924 de
1236 1866 1359 1925 caetero
1386 1863 1421 1924 in
1438 1865 1529 1924 terra
1547 1862 1725 1924 comitissae
1740 1861 1837 1940 ipsius
1854 1859 1897 1920 vel

271 1980 338 2026 non
349 1964 499 2026 valentes
509 1961 754 2025 multitudinem
765 1962 879 2041 populi
889 1962 1071 2024 refraenare
1125 1961 1294 2022 haeredum
1309 1959 1898 2024 suorumballuvamsinetuavclsuc

271 2062 472 2123 homicidam
491 2061 697 2140 insequentis
721 2061 884 2133 eumdem,
914 2076 933 2122 a
958 2061 1070 2137 priore
1125 2059 1268 2121 cessoris
1282 2059 1331 2120 tui
1347 2059 1481 2122 licentia
1494 2073 1560 2120 non
1575 2059 1771 2136 reciperent,
1784 2059 1816 2118 in
1829 2060 1899 2134 ejus·

271 2159 377 2238 ipsius
393 2160 543 2221 ecclesiae
558 2159 735 2237 petierunt,
751 2159 787 2220 ut
798 2159 853 2220 vel
868 2157 1069 2221 homicidam
1124 2157 1199 2220 dem
1214 2157 1393 2219 comitissae
1408 2172 1448 2218 ac
1462 2157 1568 2234 ipsius
1582 2156 1753 2220 haeredum
1767 2154 1898 2234 prejudi-

271 2259 367 2320 illum
383 2259 418 2319 in
433 2257 506 2334 ipsa
523 2256 666 2318 ecclesia
687 2255 812 2318 laceret
830 2254 1001 2325 custodiri,
1016 2255 1069 2317 vel
1125 2255 1213 2316 cium
1233 2256 1266 2318 et
1284 2271 1485 2332 gravamen:
1502 2272 1577 2317 cum
1594 2256 1645 2318 sic
1659 2271 1715 2318 eos
1729 2254 1784 2334 qui
1797 2253 1897 2330 culpa·

271 2356 357 2434 quod
373 2355 513 2432 ipsihoc
533 2354 865 2432 agerentpateratur,
882 2353 1069 2416 deuectam
1124 2353 1208 2414 biles
1249 2369 1316 2416 non
1355 2353 1509 2427 luerunt,
1543 2354 1704 2433 obsequio
1736 2349 1898 2430 privaveris

270 2454 364 2515 tuum
378 2470 438 2532 pro
453 2470 491 2516 eo
508 2453 593 2531 quod
609 2453 644 2513 in
659 2455 717 2514 tua
731 2451 879 2526 dioecesi,
896 2467 994 2529 quam
1008 2467 1068 2513 co·
1124 2450 1340 2512 subditorum.
1359 2451 1453 2513 Unde
1467 2451 1666 2528 prepositus
1680 2452 1713 2513 et
1720 2449 1819 2528 Jurati
1832 2463 1899 2524 pra·

270 2551 409 2613 mitissae
424 2551 604 2628 praedictae,
618 2550 653 2610 in
667 2552 762 2628 ouJus
774 2549 945 2612 territorio
961 2549 1070 2610 fuerat
1125 2548 1204 2609 dicti
1225 2548 1313 2610 ferre
1337 2565 1404 2610 non
1417 2549 1568 2611 valentes
1589 2549 1798 2626 asperitatem
1819 2560 1899 2607 man·

269 2649 460 2727 hujusmodi
477 2648 606 2710 facinus
630 2647 866 2726 perpetratum,
880 2647 1071 2724 requirere-
1123 2646 1203 2718 dati,
1230 2646 1271 2707 ad
1293 2647 1441 2708 nostram
1470 2646 1675 2708 audientiam
1696 2643 1897 2724 appellarunt.

269 2748 325 2810 tur
338 2747 582 2824 beneplacitum
596 2744 789 2807 voluntatis.
816 2747 962 2822 Cumque
977 2743 1070 2822 prior
1125 2745 1206 2804 Cum
1226 2743 1330 2820 igitur
1353 2759 1493 2806 censura
1516 2743 1743 2806 ecclesiastica
1766 2757 1822 2822 pro
1838 2739 1900 2801 ani-

270 2845 341 2922 ipse
360 2844 479 2906 horum
496 2849 650 2906 neutrum
665 2843 798 2904 allicere
819 2841 989 2913 voluisset,
1003 2840 1069 2918 ipsi
1124 2855 1253 2902 marum
1275 2840 1426 2903 instituta
1450 2840 1557 2904 salute
1584 2842 1618 2904 et
1638 2842 1680 2903 ad
1700 2838 1897 2903 cohibendum

271 2940 366 3019 quasi
394 2940 605 3003 multitudine
639 2940 860 3001 mercatorum
893 2937 1066 3014 compulsi,
1123 2939 1284 3002 malitiam
1294 2954 1528 3016 perversorum
1539 2940 1579 3001 ad
1590 2940 1743 3001 avaritia
1758 2936 1899 3016 quaestum

270 3037 471 3100 homicidam
495 3038 645 3100 eumdem
666 3038 851 3099 extractum
866 3035 907 3098 ab
927 3036 1011 3114 ipsa,
1035 3039 1069 3098 et
1122 3052 1189 3098 non
1213 3035 1330 3098 debeat
1350 3036 1546 3115 retorqueri,
1564 3037 1804 3099 fraternitatem
1823 3033 1900 3095 tuan

270 3136 463 3198 distractum
489 3151 548 3214 per
577 3136 722 3198 castrum
758 3135 868 3196 fecere
896 3133 1065 3210 suspendi,
1122 3151 1305 3208 monemus,
1329 3136 1363 3196 et
1385 3135 1602 3196 exhortamur
1624 3135 1661 3196 in
1690 3133 1833 3203 Domino,
1852 3143 1901 3207 per

269 3235 454 3312 praesertim
469 3250 543 3295 cum
559 3233 730 3296 videratur
747 3232 833 3310 quod
849 3231 997 3309 eJusdem
1011 3247 1069 3293 eo-
1122 3234 1304 3310 apostolica
1329 3232 1391 3294 tibi
1418 3233 1543 3311 scripta
1575 3232 1797 3311 praecipiendo
1819 3242 1900 3289 man-

269 3332 380 3394 olesiae
397 3347 464 3392 non
486 3331 620 3392 deberet
633 3330 841 3392 immunitate
855 3329 1011 3406 gaudere,
1027 3345 1067 3391 eo
1121 3329 1250 3404 dantes,
1269 3331 1431 3408 quatenus
1448 3347 1517 3393 non
1537 3345 1611 3410 quae
1634 3331 1705 3404 tua,
1729 3329 1786 3410 sed
1808 3325 1901 3404 potius

268 3428 355 3507 quod
370 3428 526 3490 violando
548 3427 708 3500 eamdem,
725 3427 831 3504 ipsius
845 3425 1008 3488 beneflcio
1031 3443 1067 3489 se
1121 3445 1195 3506 quac
1209 3432 1228 3493 J
1231 3445 1290 3491 esu
1300 3429 1423 3490 Christi
1436 3429 1513 3490 sunt
1528 3445 1693 3506 quarens,
1711 3427 1804 3506 prout
1818 3421 1900 3484 debi-

267 3526 457 3589 rcddiderat
471 3525 655 3603 indignum.
674 3528 723 3587 Tu
745 3524 888 3603 denique
901 3524 954 3585 his
970 3525 1069 3586 audi·
1120 3527 1190 3589 tum
1205 3527 1383 3604 pastoralis
1399 3526 1501 3608 cilicii
1516 3527 1675 3604 postulat,
1697 3527 1729 3588 et
1745 3521 1901 3587 maturitas

266 3625 310 3688 tis
326 3625 501 3704 praedictos
518 3626 643 3703 septem
661 3639 723 3686 nec
738 3623 856 3686 citatos
871 3638 933 3685 nec
952 3622 1065 3685 moni·
1121 3625 1321 3704 persuadere
1336 3623 1432 3687 debet
1446 3625 1565 3697 aetatis,
1582 3639 1657 3702 qnae
1673 3640 1692 3687 a
1707 3623 1833 3686 senecta
1841 3621 1901 3698 Jan

265 3725 318 3786 tos
342 3722 694 3786 excommunicationis
709 3722 827 3800 laqueo
838 3722 1018 3796 innodasti,
1034 3721 1067 3783 et
1121 3723 1262 3786 ventur
1282 3723 1318 3785 in
1334 3723 1479 3799 senium3
1497 3723 1545 3784 sic
1566 3722 1757 3800 huJusmodi
1775 3717 1900 3782 manda-

267 3822 413 3884 castrum
438 3822 588 3895 Pruvini,
619 3819 705 3899 quod
734 3836 801 3881 non
829 3819 870 3881 ad
895 3820 984 3894 illos,
1008 3819 1065 3881 sed
1120 3822 1190 3885 tum
1211 3821 1318 3898 perte
1340 3821 1448 3898 ipsum
1467 3819 1602 3882 studeas
1616 3819 1794 3892 moderari,
1818 3815 1850 3876 ut
1867 3810 1901 3873 ab

267 3921 377 3997 potius
404 3919 446 3980 ad
470 3919 675 3982 comitissam
694 3919 728 3980 et
750 3917 855 3980 fllium
877 3933 990 3992 suum,
1008 3919 1066 3996 qui
1121 3919 1174 3979 his
1191 3918 1355 3980 similibus
1369 3917 1482 3980 taliter
1500 3918 1730 3996 conquiescas,
1744 3918 1778 3978 in
1794 3915 1900 3990 bruns-

268 4017 353 4079 nibil
385 4017 613 4096 commiserat,
646 4017 815 4094 pertinere
847 4014 1063 4092 dignoscitur,
1120 4017 1210 4077 modi
1218 4015 1606 4094 sententiisprolcrendis
1613 4015 1807 4092 gravitatem
1816 4023 1900 4090 quam

269 4114 472 4192 supposuisti
496 4115 667 4175 sententiae
685 4113 854 4174 interdicti
868 4112 903 4173 in
919 4113 1065 4190 ipsorum
1120 4113 1214 4175 decet
1230 4114 1353 4175 Christi
1372 4114 1561 4191 pontificem
1575 4113 1775 4186 exhibendo,
1791 4110 1825 4171 ut
1837 4105 1901 4168 ani-

269 4209 498 4289 praeJ'udicium
522 4213 554 4272 et
577 4225 768 4286 gravamen.
787 4211 924 4270 Domum
947 4207 1067 4288 hujus-
1120 4225 1249 4272 marum
1277 4211 1407 4272 lucrum
1442 4213 1552 4289 potius
1592 4227 1744 4289 quaeram
1769 4202 1899 4271 videaris

269 4307 358 4370 modi
373 4307 548 4368 sententiis
556 4307 653 4385 Juxta
669 4306 809 4368 formam
827 4305 983 4368 Ecclesiae
998 4323 1065 4369 non
1120 4324 1218 4386 quam
1234 4308 1412 4387 quaestum,
1431 4309 1466 4372 et
1485 4309 1527 4370 de
1547 4324 1687 4370 numero
1702 4305 1828 4371 censeri
1845 4314 1900 4362 non
1973 4313 1974 4354 3

270 4406 343 4468 sine
358 4404 552 4470 difficultate
566 4403 713 4466 maxima
726 4403 880 4477 relaxati,
896 4404 1064 4482 cupidita·
1119 4407 1227 4485 possis
1243 4407 1389 4481 illorum,
1413 4407 1472 4484 qui
1484 4407 1646 4484 quaestum
1664 4402 1828 4469 aestimant
1840 4400 1901 4478 pie-

268 4503 447 4568 tismotum
461 4504 569 4580 potius
580 4519 678 4581 quam
691 4501 808 4564 domus
817 4502 948 4563 Domini
958 4503 1065 4564 zelum
1119 4505 1237 4580 tatem3
1255 4505 1311 4567 scd
1326 4506 1436 4583 potius
1448 4505 1484 4566 in
1498 4503 1594 4567 domo
1610 4505 1742 4566 Domini
1754 4499 1844 4582 quasi
1857 4498 1901 4557 lu-
1973 4525 1974 4528 ¹

268 4601 559 4680 sequens,eisdem
573 4599 759 4679 praecepisti
774 4597 1066 4678 praeposito'etju·
1120 4618 1220 4665 cerna
1248 4618 1349 4681 super
1373 4602 1609 4665 candelabrum
1635 4601 1811 4665 constituta
1834 4593 1899 4658 aliis

268 4701 361 4774 ratis,
379 4701 539 4762 uteorum
554 4699 693 4777 quilibet
704 4697 877 4760 intraocto
891 4696 961 4759 dies
973 4698 1065 4774 quin·
1119 4701 1231 4762 lumen
1246 4701 1396 4779 praebeas
1417 4717 1477 4778 per
1500 4700 1699 4779 exemplum,
1720 4701 1754 4763 et
1776 4711 1833 4759 nos
1852 4689 1900 4770 qui

261 4797 426 4876 quaginta
440 4799 581 4876 quatuor
596 4797 698 4859 libras
714 4795 906 4858 Pruvinien.
921 4794 1066 4873 tibiper-
1118 4797 1185 4859 tuis
1209 4799 1298 4860 curis
1324 4797 1466 4861 libenter
1494 4798 1673 4860 deferimus
1698 4794 1899 4874 inquantum

269 4896 423 4967 solveret,
447 4897 480 4957 at
497 4895 645 4973 ejusdem
665 4895 766 4958 castri
785 4894 988 4973 presbyteris
1008 4911 1066 4956 sa·
1119 4910 1194 4957 cum
1209 4898 1276 4958 Deo
1293 4896 1327 4959 et
1346 4899 1460 4959 nostra
1475 4911 1650 4974 possumus
1664 4893 1844 4962 honestate,
1864 4883 1899 4947 ad

268 4991 461 5055 tisiacerent
475 4992 515 5053 de
528 4991 751 5054 oblationibus
766 4993 798 5054 et
811 4993 898 5065 aliis,
914 5008 996 5070 quas
1007 5007 1065 5054 oc-
1119 5007 1232 5054 eorum
1243 4995 1481 5056 correctionem
1496 5010 1596 5072 qnam
1607 5009 1780 5072 perperam
1791 4983 1899 5051 diceris

268 5091 404 5154 casione
417 5089 598 5150 amiserant
612 5089 790 5162 interdicti,
808 5091 840 5151 et
856 5091 1020 5162 remissio,
1035 5090 1064 5152 si
1118 5092 1293 5164 attentare,
1310 5109 1429 5154 manus
1443 5093 1575 5154 nostras
1593 5107 1761 5170 apponere
1772 5103 1836 5151 non
1850 5097 1900 5144 co-

269 5203 367 5268 quam
379 5186 445 5264 ipsi
460 5185 643 5263 presbytcri
665 5187 714 5247 eis
734 5187 807 5247 sine
823 5187 879 5249 tuo
899 5203 1063 5251 consensu
1117 5205 1245 5265 gamur.
1274 5190 1430 5268 Alioquin
1458 5190 1588 5252 dilectis
1621 5189 1700 5250 liliis
1735 5185 1842 5250 abbati
1871 5177 1899 5239 et

267 5286 426 5357 lacerant,
443 5300 510 5346 aron
521 5283 657 5356 valeret,
672 5283 709 5344 ut
723 5284 772 5344 sic
785 5284 820 5344 in
833 5286 865 5346 te
879 5285 962 5346 illud
980 5301 1062 5362 pro·
1117 5287 1221 5364 priori
1239 5287 1370 5348 Sanctae
1383 5287 1557 5349 Cenovesaa
1574 5286 1783 5357 parisiensis,
1796 5281 1827 5344 et
1838 5291 1900 5339 ma-

268 5383 435 5463 pheticum
457 5381 670 5460 impleretur:
696 5396 716 5441 a
736 5380 858 5442 minori
881 5382 1002 5459 quippe
1021 5383 1062 5446 ad
1117 5384 1221 5461 gistro
1236 5386 1274 5444 G.
1292 5384 1452 5445 canonico
1471 5383 1652 5447 Bituricen.
1668 5380 1806 5446 Parisiis
1819 5389 1899 5440 com-

267 5484 430 5561 majorem
446 5496 561 5543 omnes
579 5477 731 5540 avaritiae
746 5477 888 5551 student,
905 5483 969 5542 eta
985 5497 1064 5556 pro-
1117 5482 1262 5543 moranti
1276 5480 1393 5542 damus
1408 5481 1531 5544 nostris
1544 5482 1665 5544 litteris
1680 5483 1715 5543 in
1726 5471 1897 5558 praeceptis,

268 5581 368 5660 pheta
386 5595 489 5658 usque
508 5579 549 5640 ad
573 5577 779 5639 sacerdotem
803 5575 913 5638 cuncti
933 5575 1064 5640 faciunt
1116 5580 1153 5640 ut
1173 5579 1263 5640 circa
1278 5580 1702 5659 predictorumpraeposiu
1727 5578 1760 5640 et
1776 5571 1899 5653 jurato'-

268 5679 396 5756 dolum3
416 5693 489 5741 oum
505 5677 539 5738 in
555 5676 618 5738 hoc
633 5675 798 5741 mnarum
812 5671 967 5736 videlicet
987 5674 1063 5738 old-
1115 5691 1190 5738 rum
1209 5675 1365 5741 delictum
1381 5677 1540 5756 inquisita
1554 5679 1587 5741 ct
1601 5677 1733 5757 cognita
1754 5667 1893 5738 variato,
