3994 6326
254 286 314 344 ora
870 281 1046 350 nononu
1074 285 1116 344 m
1139 283 1287 346 ornan.
1671 353 1676 362 ,
1842 291 1891 348 cn

252 445 453 505 trumentum
479 443 587 517 vobis,
615 444 648 504 et
675 458 735 519 per
764 457 822 503 vos
848 443 1048 504 monasterio

252 543 363 604 vestro
378 541 574 602 auctoritate
593 540 782 616 apostolica
804 541 1049 610 confirmamus,

251 641 285 700 et
294 637 468 716 praesentis
479 638 592 716 scripti
602 638 785 714 patrocinio
796 639 1048 712 communimus,

252 739 347 815 cujus
362 735 569 797 instrument
581 737 730 798 tenorem
745 737 785 798 de
803 737 904 799 verbo
919 737 960 798 ad
973 753 1051 799 ver-

251 833 328 895 bum
375 833 529 904 duximus
571 833 791 911 praesentibus
823 835 1048 897 inserendum.

250 931 480 993 'fenerantem
495 933 567 1006 ejus
582 931 632 993 est
644 931 742 994 talis:

291 1027 1049 1100 lnnomineSanctae,etindividuaeTrlnitatis,

252 1141 359 1187 amen.
373 1129 469 1188 Anno
482 1125 523 1186 ab
537 1127 771 1188 lucarnatione
783 1126 884 1188 Verbi
895 1127 952 1188 Dei
961 1127 1049 1198 1217,

251 1239 365 1284 mense
378 1223 529 1300 Augusti,
546 1223 728 1288 indictione
744 1225 870 1302 quinta,
887 1223 1051 1287 Robertns

251 1322 311 1382 Dei
335 1322 442 1398 gratia
471 1323 624 1384 Catacen.
659 1324 832 1400 episcopus
861 1323 990 1386 dilectis
1016 1321 1051 1382 in

251 1419 383 1481 Christo
404 1419 564 1481 fratribus
587 1420 720 1481 domino
740 1422 839 1482 Petro
867 1418 1050 1482 venerabili

252 1515 363 1578 abbati
382 1518 581 1594 nquaevivae,
606 1534 678 1596 quae
701 1518 867 1595 quondam
887 1532 1052 1578 monoco-

252 1618 307 1676 rtc
330 1613 512 1686 dicebatur,
535 1617 568 1678 et
589 1615 849 1686 successoribus,
871 1631 1051 1691 eorumque

252 1709 410 1772 fratribus
434 1711 469 1774 in
494 1716 698 1790 perpetuum.
725 1713 908 1777 Pastcralis
929 1713 1051 1773 minis-

212 1877 214 1882 ,
244 1805 328 1870 'terii
347 1809 455 1871 debito
478 1809 657 1886 mancipati
674 1811 863 1871 necessario
887 1809 1051 1871 sollicitu-

252 1904 339 1966 dinis
365 1907 564 1983 Apostolicae
584 1906 723 1968 formam
742 1907 891 1984 cogimur
912 1907 1049 1979 imitari,

251 2006 406 2064 curantes
419 2004 458 2064 ad
476 1987 727 2074 aedificationem
745 2005 931 2066 commissae
957 2003 1051 2065 nobis

251 2099 369 2162 eccles.
380 2117 445 2161 non
457 2102 563 2162 solum
577 2101 727 2180 plantare
742 2102 777 2162 in
789 2103 925 2164 dioecesi
939 2106 1051 2164 nostra

250 2197 384 2280 virtntis
400 2200 598 2275 exemplum,
614 2201 670 2260 sed
687 2202 720 2261 et
731 2199 842 2276 rigare
855 2201 1049 2278 plantatum,

250 2297 355 2358 donec
368 2298 455 2356 Deus
469 2297 625 2373 plantatis
641 2297 823 2374 rigatisque
839 2297 1052 2375 perfectionis

250 2393 375 2456 tribuat
389 2394 651 2470 incrementum
680 2395 757 2474 quia
783 2396 840 2474 qui
861 2395 998 2473 plantat,
1020 2397 1053 2458 et

251 2493 418 2570 quirigat,
435 2493 469 2554 et
483 2492 699 2555 similitudine
713 2493 918 2565 intentionis,
936 2495 969 2556 et
981 2493 1053 2571 pie-

251 2589 319 2651 tate
346 2589 456 2667 operis
476 2607 579 2651 uuum
604 2592 692 2663 sunt,
719 2591 805 2652 idem
821 2593 934 2667 agunt,
952 2607 1052 2668 quum

252 2687 1054 2766 otiosumstudiumsitrigantis,nisipraecesserit

252 2784 398 2846 officium
414 2785 640 2861 plantationis,
658 2787 690 2846 et
700 2802 833 2846 rursum
849 2801 1053 2862 supervacue

253 2883 289 2942 in
313 2881 518 2960 plantatione
545 2882 699 2945 sudatum
723 2883 776 2954 sit,
805 2883 858 2944 cui
878 2882 1053 2959 rigationis

252 2977 450 3042 beneficium
459 2997 524 3042 non
540 2981 710 3043 successit.
727 2983 796 3043 Hoc
810 2981 923 3058 itaque
934 2981 1055 3042 discre-

253 3077 355 3139 tionis
387 3078 484 3140 oculo
508 3078 716 3156 praecedente
740 3095 800 3156 per
825 3079 884 3140 Dei
912 3079 1053 3155 gratiam

253 3191 387 3250 gressus
411 3175 552 3247 nostros
577 3176 627 3237 sic
642 3176 797 3254 prosequi
817 3178 939 3250 nestrae
953 3193 1051 3238 voca-

254 3273 357 3356 tionis
377 3288 459 3348 opns
474 3271 688 3346 intendimus,
712 3275 748 3334 ut
765 3273 900 3350 atpium
923 3273 1054 3350 praede-

255 3385 424 3430 cessurum
451 3369 641 3432 nostrorum
667 3372 872 3448 propositum
903 3372 1056 3433 attenda-

256 3483 347 3536 mus,
372 3468 542 3544 accepturi
568 3467 653 3529 sicut
680 3467 896 3540 confidimus,
922 3467 1054 3531 illorum

257 3565 443 3628 mercedem
459 3580 606 3642 operum,
624 3582 763 3642 quorum
779 3565 1003 3628 addiderimus
1020 3567 1055 3628 in

257 3663 446 3741 perfectiori
462 3661 661 3725 sufficientia
675 3663 960 3741 complementum.
971 3665 1055 3726 Hinc

255 3763 315 3833 est,
333 3761 419 3839 qnod
441 3761 627 3838 exponente
647 3761 691 3830 te,
708 3761 900 3840 praescripto
916 3778 1057 3824 venera-

254 3857 333 3920 bilis
348 3859 461 3932 abbas,
477 3861 585 3932 Petra,
596 3876 696 3938 quum
710 3862 947 3922 monasterium
963 3863 1056 3923 tuum

256 3960 441 4034 opportuna
464 3955 665 4034 praediorum
689 3957 831 4020 utilitate
853 3957 1058 4020 sufficienter

256 4071 323 4115 non
340 4054 440 4116 fuerit
458 4054 657 4127 ordinatum,
681 4056 826 4128 Fratres,
851 4057 907 4132 qui
928 4056 970 4117 ad
997 4055 1057 4117 Dei

257 4150 429 4212 servitium
454 4153 701 4228 congregantur
738 4152 772 4213 iu
801 4153 915 4215 eodem
943 4152 1055 4215 multis

257 4263 369 4310 rerum
378 4248 542 4327 pecuniis,
556 4248 844 4312 etdifficultatibus
857 4252 1054 4326 atteruntur,

256 4347 292 4408 in
306 4361 366 4406 suo
375 4348 446 4425 jam
462 4346 631 4424 proposito
646 4346 704 4408 vix
721 4347 913 4421 subsistunt,
932 4351 965 4410 et
979 4348 1056 4428 quia

257 4444 443 4521 spiritualis
465 4443 537 4506 haec
563 4445 728 4507 structura
758 4445 960 4518 dissolvitur,
992 4446 1057 4507 nisi

258 4541 355 4605 citius
385 4542 603 4616 subventione
632 4543 863 4620 temporalium
888 4543 1055 4616 fulciatur,

258 4658 318 4702 nos
334 4641 411 4703 licet
422 4641 579 4702 immeriti
590 4643 726 4718 agentes
737 4641 841 4702 inhac
849 4641 1057 4718 pontificatus

258 4738 391 4815 specula
406 4739 497 4800 vices
509 4737 642 4811 Christi,
658 4739 714 4817 qui
725 4739 876 4816 quamvis
891 4755 1001 4800 rerum
1015 4740 1058 4801 sit

260 4834 423 4908 Salvator,
444 4837 477 4898 et
505 4852 652 4913 operum,
681 4837 872 4914 specialiter
893 4837 1057 4900 tamenin

259 4931 348 4993 omni
364 4947 499 4994 suorum
508 4936 716 4994 sacramento
729 4934 903 5007 dictorum,
916 4934 1057 4996 salutem

258 5027 404 5106 praetulit
429 5029 627 5098 animarum,
655 5031 787 5108 cognita
812 5047 983 5094 servorum
998 5032 1057 5092 Dei

258 5125 468 5198 necessitate,
480 5133 548 5187 tam
564 5128 658 5202 gravi
674 5129 814 5190 materia
829 5130 920 5202 moti,
947 5145 1057 5191 causae

210 5289 216 5302 ,
259 5241 441 5303 pauperum
457 5224 511 5302 pia
532 5223 731 5287 liberalitate
751 5225 905 5290 duximus
921 5243 1058 5290 succur-

259 5323 416 5396 rendum,
447 5324 582 5385 illorum
611 5324 806 5385 aemulantes
834 5326 1057 5404 apostolicam

260 5421 443 5494 caritatem,
461 5437 543 5498 quos
558 5420 738 5498 unicuique
756 5424 853 5498 juxta
869 5424 955 5502 quod
982 5425 1056 5485 sin-

1104 443 1205 520 igitur
1227 441 1467 506 deliberatione
1494 459 1568 506 curn
1595 445 1717 508 nostris
1745 443 1893 508 fratribus

1104 539 1227 614 habita,
1241 541 1320 614 Deo,
1334 541 1423 602 sicut
1434 541 1612 614 credimus,
1624 542 1823 620 inspiranto,
1835 545 1893 606 zelo

1104 642 1187 716 eJus,
1217 639 1251 702 et
1272 640 1424 716 respectu
1450 638 1648 708 devotionis,
1673 642 1706 702 et
1728 641 1893 717 religionis

1102 737 1181 809 tuae,
1206 736 1411 814 fratrumque
1444 738 1586 810 tuorum,
1619 754 1679 815 pro
1712 741 1894 802 nostromn

1104 851 1234 912 qnoque
1246 833 1393 896 remedio
1408 836 1628 912 peccatorum,
1650 837 1821 898 communi
1833 853 1895 898 cou-

1105 933 1193 1004 silio,
1210 935 1243 995 et
1255 949 1421 994 consensu
1438 933 1599 1006 unanimi,
1617 935 1732 995 nostra
1748 935 1782 994 et
1801 937 1894 996 nostri

1104 1029 1242 1106 capituli
1266 1029 1436 1092 voluntate
1459 1031 1694 1102 concessimus,
1725 1031 1759 1092 et
1786 1047 1896 1092 conce-

1104 1127 1212 1187 dimus
1222 1127 1283 1189 tibi
1293 1130 1363 1205 jam
1378 1127 1658 1190 dictovenerabili
1668 1127 1782 1190 abbati
1795 1131 1894 1201 Petro,

1105 1225 1235 1302 tuisque
1245 1224 1504 1298 successoribus,
1525 1225 1694 1298 fratribus,
1710 1225 1744 1288 et
1765 1242 1896 1288 monas·

1103 1321 1188 1383 ferio
1218 1323 1406 1399 Aquaviva
1438 1323 1473 1384 in
1504 1325 1700 1401 perpetuum
1728 1324 1896 1386 ecclesiam

1105 1421 1295 1482 sanctorum
1309 1421 1423 1482 Trium
1438 1422 1622 1482 Puerorum
1638 1421 1737 1482 sitam
1756 1423 1794 1482 iu
1820 1423 1897 1483 teni·

1105 1520 1216 1579 mento
1226 1517 1375 1589 Barbari,
1387 1518 1551 1595 qnondam
1565 1519 1816 1590 monasterium,
1831 1519 1898 1580 licet

1105 1615 1331 1694 irreligiosum
1357 1616 1528 1678 vicinitate
1553 1616 1765 1678 saecularium
1786 1633 1896 1694 perso-

1105 1729 1222 1780 narum
1238 1735 1245 1787 ;
1261 1712 1317 1775 sed
1333 1729 1422 1775 nunc
1433 1713 1579 1776 funditus
1591 1713 1789 1788 desolatum,
1806 1717 1897 1792 atqua

1105 1809 1319 1884 destructum,
1345 1810 1385 1882 de
1414 1827 1489 1890 quo,
1513 1829 1613 1888 quum
1637 1812 1680 1873 sit
1701 1811 1776 1872 loco
1796 1815 1897 1874 vestro

1105 1909 1262 1982 vicinum,
1288 1909 1427 1985 penuria
1456 1909 1662 1981 monasterii,
1684 1909 1718 1970 et
1742 1909 1898 1986 fragilitas

1106 2007 1210 2068 status
1236 2006 1339 2069 vestri
1371 2007 1553 2067 remedium
1591 2009 1837 2085 consequetur,
1871 2013 1899 2068 et

1105 2102 1897 2180 sufficiensfulcimenturn.Ipsamergoecclesiarn

1106 2204 1295 2263 sanctorum
1311 2201 1425 2262 Trtum
1441 2204 1624 2262 Puerorum
1649 2217 1726 2264 cum
1753 2202 1898 2262 omnibus

1105 2299 1307 2371 tenimentis,
1325 2297 1531 2370 obedientiis,
1547 2301 1580 2360 et
1594 2299 1809 2374 pertinentiis
1824 2301 1898 2371 suis,

1106 2395 1306 2468 hominibus,
1315 2395 1523 2468 molendinis
1536 2397 1643 2474 aquis,
1654 2397 1772 2473 sylvis,
1787 2397 1898 2468 vineis,

1106 2496 1139 2556 et
1152 2493 1307 2570 virgultis
1323 2493 1504 2566 offerimus,
1521 2493 1649 2566 damus,
1666 2495 1769 2572 atque
1782 2512 1898 2556 conce-

1106 2589 1293 2663 dimustibi,
1307 2594 1340 2654 et
1349 2591 1597 2654 successoribus
1609 2592 1687 2664 tufa,
1697 2607 1738 2654 ac
1749 2592 1899 2654 fratribus

1106 2689 1227 2750 vestris
1240 2689 1282 2750 ad
1297 2705 1379 2766 opus
1403 2691 1436 2751 et
1451 2688 1713 2761 subventionem,
1738 2693 1899 2752 sustenta-

1106 2786 1377 2865 tionemqnejam
1401 2786 1479 2848 dicti
1504 2787 1698 2849 monasterii
1718 2789 1900 2866 Aquaevivae

1108 2883 1141 2945 in
1170 2886 1381 2962 perpetuum,
1414 2884 1569 2947 similiter
1600 2885 1836 2958 concedentes,
1869 2890 1899 2946 ut

1107 2997 1276 3060 uunquam
1302 2983 1483 3044 teneamini
1500 2985 1544 3054 tn,
1570 2983 1603 3044 et
1628 2999 1840 3045 successores
1856 2983 1897 3045 tui

1108 3080 1345 3141 monasterium
1356 3079 1402 3140 ibi
1416 3081 1624 3154 construere;
1642 3080 1699 3142 sed
1712 3081 1787 3158 ipsa
1798 3081 1898 3142 omnia

1109 3176 1215 3253 plene,
1233 3176 1348 3249 libere,
1365 3177 1515 3255 pacifice,
1529 3178 1561 3254 et
1571 3177 1681 3256 quiete
1695 3194 1754 3254 pro
1770 3181 1897 3240 susten-

1109 3273 1244 3347 tatione,
1273 3275 1308 3336 ut
1325 3277 1396 3352 jam
1412 3275 1558 3336 diximus
1573 3276 1770 3337 monasterii
1788 3278 1899 3354 Aqua-

1109 3371 1193 3432 viva*
1208 3371 1406 3449 possideatis
1420 3371 1455 3434 in
1469 3373 1655 3449 grangiam,
1673 3374 1706 3434 et
1720 3374 1897 3450 possessio-

1110 3483 1184 3529 nem
1197 3471 1352 3542 vestram,
1365 3469 1499 3531 sicutde
1507 3471 1629 3543 vestra,
1639 3472 1898 3533 etsuccessorum

1109 3568 1294 3628 vestrorum
1325 3567 1426 3629 fuerit
1456 3567 1644 3640 voluntate,
1679 3568 1772 3630 salvo
1806 3584 1897 3629 censu

1110 3665 1208 3728 unius
1235 3664 1343 3727 unciae
1370 3665 1444 3726 auri
1471 3665 1512 3726 ad
1538 3665 1666 3742 pondus
1696 3665 1895 3732 catanzarii.

1110 3779 1205 3841 quem
1234 3761 1322 3823 idem
1348 3763 1522 3830 annuatim
1551 3763 1701 3824 ecclesiae
1723 3765 1843 3825 nostrae
1868 3763 1896 3823 in

1109 3860 1204 3933 feste,
1221 3859 1276 3924 vel
1292 3860 1382 3921 circa
1397 3859 1516 3922 festum
1530 3861 1775 3938 assumptionis
1799 3861 1896 3922 Beata

1110 3959 1226 4020 Mariae
1241 3973 1373 4035 semper
1386 3957 1536 4034 Virginis
1550 3959 1757 4036 persolvetis.

1150 4055 1242 4118 Nihil
1268 4057 1380 4133 itaque
1404 4056 1613 4132 temporalis,
1639 4059 1698 4118 aut
1726 4055 1895 4135 spiritualis

1106 4153 1194 4232 juris
1203 4152 1392 4225 etditionis,
1405 4152 1490 4214 nihil
1502 4153 1713 4231 proprietatis
1726 4156 1760 4216 et
1774 4168 1896 4215 consue

1112 4249 1235 4312 tudinis
1255 4248 1363 4321 uobis,
1386 4265 1424 4311 ac
1449 4249 1699 4312 successoribus
1722 4249 1893 4322 nostriset

1111 4349 1264 4409 Catanen.
1277 4347 1427 4409 ecclesias
1444 4363 1656 4408 reservamus
1669 4348 1703 4408 iu
1718 4349 1790 4426 ipsa
1805 4345 1892 4410 eccle

1111 4445 1161 4505 sia
1172 4445 1368 4506 Sanctorum
1376 4433 1490 4505 trium
1503 4446 1698 4518 Puerorum,
1707 4449 1740 4506 et
1750 4447 1893 4507 tenimen-

1111 4543 1153 4604 tis
1176 4557 1215 4603 ac
1232 4541 1441 4620 pertiuentiis
1469 4545 1553 4619 ejus,
1574 4543 1697 4622 praeter
1720 4545 1891 4606 orationum

1110 4641 1297 4701 vestrarum
1316 4639 1540 4718 participium,
1558 4641 1591 4701 et
1606 4656 1754 4701 annuum
1773 4653 1890 4704 censum

1111 4736 1207 4799 dictae
1226 4737 1325 4798 unius
1346 4738 1453 4800 unciae
1478 4737 1564 4809 auri,
1590 4737 1648 4799 sed
1667 4741 1780 4800 omnia
1797 4737 1888 4816 plene,

1111 4933 1322 4994 concedimus
1345 4932 1451 5006 vobis,
1469 4935 1501 4995 et
1520 4933 1769 5016 successoribus
1784 4930 1889 4996 vestris

1111 4835 1227 4908 libere,
1244 4837 1277 4898 et
1298 4833 1447 4898 absolute
1465 4835 1649 4908 offerimus,
1665 4837 1794 4908 danius,
1807 4839 1889 4911 atque
1983 4859 1984 4904 l

1111 5031 1145 5092 in
1161 5031 1356 5109 perpetuum
1370 5030 1411 5091 ad
1428 5047 1521 5108 opus,
1539 5032 1575 5092 ut
1593 5031 1751 5103 diximus,
1766 5037 1798 5094 et
1819 5027 1887 5091 sub-
1983 5039 1984 5126 ζ

1110 5129 1310 5200 tentionem,
1341 5129 1682 5209 sustentationemque
1714 5125 1889 5194 monasterii
1983 5143 1984 5200 ᾗ

1111 5227 1311 5304 aquaevivae,
1331 5243 1404 5308 quaa
1424 5226 1589 5304 quondam
1606 5229 1796 5290 monacaria
1817 5225 1888 5286 dicta
1983 5281 1984 5290 ,

1111 5323 1902 5404 est.Decernimusequidernattentissimeprohi-
1983 5291 1984 5382 Ῐ

1111 5422 1237 5494 bertae,
1251 5424 1286 5485 ut
1296 5422 1380 5484 nulli
1394 5421 1435 5483 de
1446 5423 1695 5488 successoribus
1707 5425 1834 5495 nostris,
1844 5421 1889 5481 aut

260 5517 346 5592 gulis
367 5521 440 5580 erat
459 5518 667 5581 distribuisse
689 5519 840 5596 legimus,
853 5523 886 5582 et
901 5536 960 5598 pro
975 5520 1058 5582 fide·
1110 5521 1151 5582 de
1165 5523 1318 5584 (latacen.
1333 5505 1490 5598 capitulo,
1503 5521 1604 5585 liceat
1617 5539 1677 5599 pro
1694 5523 1746 5584 bis
1758 5520 1888 5585 omnibus
1983 5547 1984 5584 ι

260 5617 340 5676 lium
363 5615 469 5677 salute
485 5615 699 5695 [suasistiam
715 5617 926 5694 impendisse.
945 5621 1056 5694 Longa
1110 5619 1291 5696 apraelato,
1318 5620 1369 5680 vel
1398 5619 1557 5680 tratribus
1581 5619 1688 5696 ipsius
1719 5614 1887 5681 monasterii
