3994 6326
286 415 345 476 139
739 411 916 473 HON0a11
942 409 987 470 111
1009 409 1158 471 OPERA.
1173 439 1211 454 -
1234 405 1468 471 SERMONES.
1862 406 1908 468 llo

286 575 390 652 portae
405 571 504 634 interi
519 570 571 634 vel
590 571 717 644 mortis,
734 572 813 650 quia
832 570 1081 634 sicuthomines
1135 569 1323 632 Ezechias:
1355 571 1429 646 Epo
1458 569 1536 631 dicct
1563 571 1601 631 to
1627 569 1766 632 diottdto
1792 567 1909 627 dterttm

285 671 412 733 intrant
433 671 474 731 ad
501 669 634 731 domum
660 684 720 746 per
740 669 863 746 portas,
891 669 937 732 ita
960 668 1081 730 animae
1134 681 1293 730 oscorum
1314 679 1326 727 :
1360 669 1489 728 Vadam
1517 669 1563 728 od
1589 666 1713 742 portos
1737 665 1837 740 tofcrt
1861 661 1908 742 (is.

285 768 411 831 intrant
430 783 489 845 per
503 767 669 829 daemoncs
685 767 726 828 ad
742 766 919 839 infernum,
936 765 1082 844 quiain-
1134 780 1277 838 xxxvur,
1295 763 1357 837 10).
1370 764 1520 826 Ezechiae
1532 763 1715 825 intinnanii
1727 761 1809 823 dixit
1822 761 1910 822 isaias

283 867 461 928 traducunt
473 866 602 927 animas
617 865 659 926 ad
674 865 885 942 supplicium.
911 864 1005 927 Unde
1023 867 1082 926 le-
1135 864 1322 940 propheta:
1347 865 1433 926 Hoeo
1458 865 1541 924 auat
1564 864 1753 925 Dominus:
1780 863 1910 934 Dispooc

283 965 404 1027 remiss
426 967 573 1026 :Omnes
591 965 831 1039 persecutores
856 965 931 1036 ejus
949 977 1079 1038 oppro-
1135 965 1250 1022 donam
1273 962 1351 1033 tuce,
1377 964 1459 1035 puio
1481 963 1645 1022 marteris
1666 959 1714 1030 ta,
1739 958 1772 1020 et
1788 971 1851 1018 otoo
1868 959 1912 1016 ot·

281 1059 1020 1142 aoltoeruptccmtoteraopzoucsmnren.1,
1033 1059 1078 1140 3).
1134 1073 1194 1120 oss
1218 1056 1275 1138 (Ie.
1300 1073 1442 1131 xxxvin,
1474 1057 1517 1138 1).
1543 1058 1584 1120 at
1612 1057 1669 1120 ille
1689 1054 1846 1118 convertit
1869 1053 1914 1114 la-

283 1161 518 1222 Persecutores
530 1160 649 1220 animae
665 1159 743 1220 sunt
755 1159 890 1236 spiritus
906 1157 1077 1229 immundi,
1135 1157 1219 1217 ciem
1248 1173 1343 1219 suam
1372 1157 1414 1218 ad
1440 1156 1620 1234 parietem,
1649 1154 1742 1216 davit
1768 1153 1799 1214 et
1820 1149 1913 1214 oravit

285 1259 362 1337 quia
393 1257 458 1333 ipsi
482 1263 726 1336 persequuntur
746 1258 893 1318 animam
917 1257 972 1318 hic
991 1256 1080 1318 etin
1134 1254 1175 1316 ad
1204 1256 1391 1316 Dominum.
1419 1255 1479 1316 Cui
1506 1253 1610 1315 additi
1638 1251 1715 1314 sunt
1744 1249 1913 1330 quindecim

283 1343 406 1428 lutuno,
431 1358 464 1417 et
477 1356 638 1418 inducunt
658 1357 787 1417 animas
806 1355 848 1416 ad
863 1353 1077 1433 peccandum,
1134 1353 1214 1414 anni
1225 1353 1302 1415 vitae
1313 1353 1346 1415 et
1360 1353 1409 1414 sol
1422 1367 1577 1414 reversus
1590 1351 1640 1413 est
1652 1351 1765 1412 decem
1778 1347 1870 1409 lineis
1882 1347 1912 1407 in

282 1452 1080 1530 immittendotentationesetsuggestiones.Unde
1134 1451 1276 1526 signum.
1303 1453 1420 1528 inquo
1440 1450 1593 1529 patenter
1616 1447 1801 1510 ostenditur
1814 1443 1914 1523 quanti

214 1547 217 1552 ’
281 1552 417 1614 David:
448 1543 512 1618 Uul
534 1551 699 1615 tribulant
718 1567 785 1625 mc,
811 1550 1025 1622 caultoowtt,
1048 1552 1080 1612 st
1120 1549 1244 1616 ,meriti
1270 1549 1313 1612 sit
1336 1564 1421 1626 pura
1443 1547 1552 1610 oratio
1578 1547 1665 1625 apud
1694 1548 1807 1609 Deum.
1834 1541 1914 1604 Unde

281 1653 395 1712 motus
415 1653 516 1725 suero
540 1647 608 1729 (Ps.
629 1651 680 1724 22,
703 1649 749 1730 5).
773 1651 813 1712 at
835 1649 1080 1728 persequuntur
1132 1647 1260 1710 Jacob:
1282 1648 1432 1710 Multum
1446 1646 1537 1709 emet
1555 1645 1751 1722 deprecatio
1767 1642 1853 1716 justi
1871 1655 1915 1702 os·

281 1765 355 1811 eam
369 1747 521 1809 vexando
536 1747 571 1808 in
589 1746 719 1809 insemo
733 1747 876 1809 diversis
889 1746 1077 1810 tormentis.
1132 1747 1243 1818 sidau,
1255 1749 1353 1820 cacus
1367 1746 1481 1808 oratio
1489 1744 1785 1820 penatrctcoelum
1796 1741 1872 1818 (lac.
1886 1751 1912 1808 v,

281 1847 350 1922 Ipsi
372 1844 663 1922 apprehenderunt
688 1861 762 1906 eam
783 1845 870 1908 inter
890 1843 1076 1922 angustias,
1134 1842 1195 1917 16).
1208 1843 1328 1908 Postea
1342 1842 1578 1904 convalescens
1594 1841 1635 1903 de
1647 1838 1839 1904 infirmitate
1848 1835 1914 1897 lecit

280 1944 377 2016 idest,
393 1944 480 2006 inter
491 1944 656 2006 tormenta
675 1944 708 2004 et
726 1943 926 2005 afflictiones
940 1944 1076 2008 inferni.
1133 1942 1305 2003 Canticum
1329 1956 1336 2001 :
1365 1943 1433 2017 Ego
1459 1940 1530 2006 dixi
1554 1939 1589 2000 in
1615 1938 1792 2001 dimidio...
1818 1935 1914 1996 idest:

281 2042 376 2104 Unde
397 2041 557 2103 Dominus
578 2041 619 2102 ad
639 2040 723 2103 lob:
748 2044 925 2116 Numquid
946 2043 1079 2116 apertos
1133 2041 1200 2114 ligo
1223 2039 1337 2117 putavi
1356 2055 1409 2100 me
1433 2039 1558 2101 iturum
1582 2037 1623 2099 ad
1646 2037 1793 2099 claustra
1816 2030 1914 2106 inseri,
1973 2045 1974 2110 ζ

280 2141 362 2202 scorti
378 2141 437 2201 taos
450 2141 562 2214 portos
583 2141 728 2202 mortiet
752 2137 838 2220 (lob.
854 2156 998 2213 xxxam,
1025 2139 1077 2220 17)
1133 2153 1208 2200 cum
1222 2137 1331 2200 adhuc
1346 2136 1559 2214 superassent
1570 2135 1654 2197 milii
1668 2135 1765 2197 multi
1779 2133 1858 2194 dies.

281 2235 596 2313 subintelligendum
610 2237 672 2310 est,
689 2238 722 2300 et
740 2236 846 2300 mihil
860 2239 970 2302 Portae
985 2253 1078 2300 mor·
1173 2235 1284 2298 Tertio
1308 2235 1414 2296 dixit:
1439 2236 1485 2296 nt
1504 2236 1565 2296 taos
1587 2237 1672 2296 doto
1695 2239 1806 2296 claues
1828 2229 1917 2304 rapiti

279 2333 323 2398 tis
336 2334 415 2395 sunt
428 2335 552 2410 aperte
567 2335 717 2406 Domino,
731 2336 810 2412 quia
824 2335 935 2396 nullus
949 2335 1078 2399 daemon
1131 2338 1295 2394 scalmum
1309 2331 1439 2413 (maan.
1455 2348 1525 2405 xvi,
1539 2331 1585 2413 9).
1602 2331 1753 2406 Quatuor
1766 2329 1840 2390 sunt
1855 2340 1917 2402 spe·

279 2431 387 2512 potest
401 2446 494 2492 suam
508 2430 670 2493 malitiam
692 2431 895 2494 occultares
918 2435 998 2506 Deo,
1019 2431 1077 2494 sed
1131 2429 1200 2492 'cies
1219 2430 1375 2504 clavium,
1392 2431 1558 2503 videlicet,
1581 2428 1694 2492 claves
1714 2427 1809 2505 regni
1826 2424 1917 2487 coelo·
1973 2439 1974 2442 ¹

281 2529 392 2590 omnia
407 2530 495 2592 nuda
508 2530 542 2591 et
554 2530 668 2607 aperta
684 2532 762 2593 sunt
773 2529 880 2592 oculis
894 2533 978 2608 ejus.
994 2533 1076 2592 Hae·
1131 2543 1216 2602 rum,
1229 2529 1339 2592 claves
1350 2527 1543 2602 inferorum,
1553 2528 1665 2591 claves
1678 2525 1915 2593 elementorum,
1973 2525 1974 2530 ’

262 2627 377 2712 retici
401 2627 557 2689 dicuntur
571 2627 674 2705 portae
693 2627 804 2701 interi,
819 2629 896 2706 quia
912 2629 998 2690 sicut
1012 2627 1076 2706 ipsi
1131 2625 1164 2687 et
1198 2625 1309 2687 claves
1344 2627 1533 2692 divinorum
1567 2625 1787 2704 eloquiorum.
1814 2621 1918 2684 Claros
1973 2609 1974 2700 j

281 2726 367 2798 sunt,
385 2725 534 2802 perversi
549 2726 582 2787 ct
596 2724 714 2802 iniqui,
730 2725 778 2786 ita
793 2725 826 2786 et
840 2726 924 2787 aiios
939 2741 1079 2802 perver-
1130 2722 1226 2799 regni
1247 2723 1406 2786 coelcrum
1433 2725 1511 2786 sunt
1536 2723 1677 2803 scientia
1693 2717 1915 2788 discernendi,

279 2823 354 2885 tunt
377 2821 418 2883 ad
439 2822 645 2900 iniquitatem
667 2837 761 2888 suam
785 2824 819 2884 et
845 2823 886 2884 ad
908 2822 1076 2884 internum
1131 2821 1456 2900 etpotentialigandi
1469 2821 1686 2897 etsolvendi;
1703 2821 1843 2884 scientia
1857 2815 1918 2878 dis·
1973 2843 1974 2893 p

279 2918 474 2999 perducunt.
499 2921 575 2982 Non
597 2921 648 2981 est
666 2919 789 2996 impius
810 2921 968 2997 gaudere,
997 2921 1078 2983 dicit
1131 2921 1291 2983 cernendi
1314 2924 1365 2984 est
1385 2921 1422 2983 ut
1436 2921 1549 2982 nullus
1571 2921 1730 2996 indignus
1749 2915 1917 2996 recipiatur

279 3017 450 3079 Dominus.
472 3017 567 3080 Unde
578 3016 684 3079 David
706 3018 793 3090 =Qui
808 3019 962 3096 nequiter
973 3020 1077 3096 agunt
1130 3017 1166 3079 in
1193 3034 1309 3096 regno,
1339 3019 1372 3080 et
1399 3019 1512 3080 nullus
1538 3019 1659 3095 dignus
1685 3017 1878 3080 excludatur
1900 3025 1917 3070 a
1973 3031 1974 3034 ¹

279 3115 313 3180 in
337 3115 459 3177 mundo
486 3115 561 3189 istc,
590 3115 898 3182 exterminabuntur
921 3115 963 3178 de
986 3117 1076 3180 terra
1129 3132 1245 3192 regno.
1262 3119 1302 3179 Et
1315 3117 1520 3178 estscientia
1535 3115 1918 3190 discernendiinterpec·

278 3213 460 3276 uiuentium
485 3213 519 3278 in
545 3212 667 3279 futuro.
697 3215 767 3275 Nec
790 3213 841 3275 est
863 3231 930 3292 pax
946 3214 1076 3276 ossibus
1131 3217 1240 3276 catum
1253 3216 1287 3276 et
1301 3215 1482 3291 peccatum,
1497 3214 1585 3276 inter
1596 3213 1796 3290 supplicium
1811 3213 1842 3273 et
1851 3225 1919 3284 sup·

279 3311 362 3372 mois
377 3325 397 3370 a
413 3309 498 3372 facie
508 3312 729 3388 peccatorum.
741 3312 780 3374 m
791 3311 827 3372 in
842 3313 999 3390 psalmis:
1014 3313 1076 3386 Qui
1130 3311 1278 3390 plicium,
1295 3312 1383 3374 inter
1394 3312 1603 3390 prophanum
1616 3312 1649 3372 et
1663 3311 1825 3381 sanctum,
1841 3307 1923 3369 inter

279 3407 406 3470 exaltat
419 3423 472 3469 me
487 3408 528 3470 de
542 3409 645 3486 portis
661 3409 787 3482 mortis,
801 3409 898 3482 idest,
914 3410 971 3488 qui
991 3410 1077 3480 libe·
1129 3410 1257 3488 lepram
1278 3411 1312 3473 ot
1332 3410 1471 3488 lepram.
1487 3410 1640 3472 Potentia
1662 3407 1791 3485 ligandi
1805 3407 1837 3468 et
1853 3403 1917 3465 sol-

277 3509 331 3568 rat
345 3520 396 3566 me
407 3505 448 3567 ab
461 3505 650 3568 hominibus
666 3508 833 3584 perversis
845 3508 878 3570 et
893 3507 1073 3582 haereticis,
1129 3507 1229 3574 vendi
1243 3510 1305 3581 est,
1319 3508 1406 3570 sicut
1421 3507 1493 3584 ipse
1503 3506 1611 3568 dixit:
1628 3508 1863 3580 Quodcuoaquc
1878 3502 1917 3563 a·-

277 3604 331 3669 uel
346 3603 402 3682 qui
421 3603 541 3666 liberat
555 3620 607 3666 me
622 3603 663 3665 ab
678 3604 844 3669 universis
858 3606 1015 3683 peccatis.
1129 3611 1270 3684 paveris
1290 3606 1550 3680 superterram
1553 3647 1614 3665 .....
1629 3602 1763 3682 (Matth.
1781 3617 1848 3674 xvi,
1863 3595 1916 3668 19).

304 3702 407 3765 'Vitia
429 3702 584 3766 dicuntur
598 3703 701 3780 portae
716 3704 843 3773 mortis,
863 3703 940 3784 quia
963 3719 1022 3782 per
1036 3720 1076 3766 ea
1130 3709 1199 3768 Has
1222 3705 1333 3767 claves
1352 3702 1480 3780 accepit
1499 3702 1617 3764 boatus
1641 3702 1773 3774 Petrus,
1798 3695 1918 3782 quando

278 3801 381 3864 intrat
404 3818 503 3874 mors,
527 3801 614 3863 idest
637 3800 799 3866 diabolus.
824 3801 865 3865 nt
888 3801 1074 3867 ieremias:
1131 3802 1314 3868 dictumest
1328 3800 1379 3864 ei:
1397 3803 1635 3875 Quodcumque
1647 3802 1919 3876 lipooertssupcr

277 3902 376 3961 Mors
392 3900 503 3962 introi
510 3899 759 3980 parseaaestrac
776 3897 1073 3980 nostradamus,
1131 3904 1314 3975 terram...
1339 3898 1379 3962 st
1402 3897 1560 3961 dicuntur
1577 3898 1688 3960 clavas
1706 3897 1803 3974 regni
1822 3893 1918 3956 coelo-

277 3994 342 4073 21).
361 3997 528 4062 Fenestrao
552 3996 668 4058 mortis
690 3995 886 4068 suntoculi,
914 3997 994 4074 quia
1017 4013 1076 4075 per
1129 4014 1215 4071 rum,
1245 3998 1324 4075 quia
1347 3995 1506 4058 claudunt
1528 3995 1659 4067 coelum,
1687 3993 1759 4056 sive
1786 4003 1916 4069 regnum

280 4092 394 4155 oculos
409 4093 511 4158 intrat
529 4096 700 4171 peccatum
714 4094 749 4160 in
768 4092 869 4156 corda
883 4095 1008 4156 nostra.
1029 4096 1076 4156 De
1131 4096 1289 4158 coelorum
1299 4092 1446 4169 indignis
1458 4093 1492 4156 et
1505 4094 1662 4170 aperiunt
1673 4092 1796 4169 dignis.
1810 4090 1917 4152 claves

280 4189 399 4267 quibus
414 4190 450 4252 in
465 4190 593 4268 psalmo
607 4190 749 4256 dicitur:
767 4191 938 4279 qoutrtott
953 4193 1076 4266 portos
1129 4192 1336 4255 internorum
1371 4191 1449 4252 sunt
1479 4191 1570 4254 modi
1602 4190 1721 4268 quibus
1755 4189 1920 4252 solvuntur

279 4303 403 4359 oereos,
420 4287 455 4350 et
469 4288 582 4350 vectas
593 4289 727 4362 ferreos
739 4289 908 4364 ooosreptt
921 4286 992 4368 (Ps.
1005 4292 1073 4364 106,
1130 4291 1251 4352 animae
1264 4288 1411 4352 fidelium
1431 4286 1673 4362 detunctorum,
1686 4287 1740 4349 rel
1759 4285 1917 4364 ligantum

281 4383 462 4464 16).Portae
472 4384 1075 4466 aereaedicunturvitiaerrorum,quia
1130 4387 1183 4452 vel
1198 4387 1342 4465 potestas
1355 4385 1667 4448 excommunicandi
1687 4377 1919 4448 otadmittendi

279 4482 366 4545 sicut
380 4482 482 4560 portae
491 4497 587 4544 aereae
597 4483 689 4545 durae
702 4484 829 4548 suntad
843 4483 1072 4562 frangendum,
1129 4486 1171 4548 ad
1184 4485 1459 4548 communionem.
1475 4485 1523 4545 De
1537 4483 1591 4545 his
1604 4483 1754 4546 clavibus
1770 4483 1849 4545 dicit
1860 4481 1920 4542 Do·

278 4581 323 4642 ita
342 4580 425 4644 vitia
446 4595 597 4641 errorum
619 4581 804 4642 inveterata
826 4580 908 4643 dura
931 4584 1008 4649 sunt
1033 4584 1074 4646 ad
1129 4585 1239 4650 minus
1251 4585 1287 4645 in
1302 4581 1501 4660 Apocalypsi
1515 4603 1522 4642 :
1538 4584 1657 4644 Habeo
1677 4587 1790 4645 claves
1803 4577 1919 4642 parts

277 4677 500 4755 superandum
515 4679 549 4739 at
565 4678 812 4741 removendum.
831 4678 893 4740 sed
915 4681 1075 4742 Dominus
1128 4684 1163 4744 et
1183 4684 1313 4758 luserat
1332 4678 1447 4760 (Apoc.
1468 4678 1573 4758 1,18),
1597 4680 1697 4752 idest,
1715 4695 1849 4757 possum
1868 4678 1919 4738 in-

277 4775 418 4837 conterit
431 4775 545 4852 portas
558 4791 675 4849 aereas,
692 4775 824 4854 quando
839 4777 981 4840 destruit
991 4779 1074 4840 vitia
1128 4780 1259 4842 fernum
1274 4779 1405 4855 aperire
1426 4779 1459 4840 et
1473 4777 1629 4839 claudere
1643 4776 1762 4855 quihus
1778 4778 1863 4847 solo,
1888 4772 1921 4832 ut

277 4887 429 4934 errorum
440 4873 475 4933 in
485 4873 620 4940 homine
633 4874 830 4940 inveterata.
841 4876 960 4942 vectes
973 4873 1074 4937 terrei
1128 4877 1241 4940 nullus
1255 4877 1357 4938 intret
1371 4877 1498 4938 amicus
1519 4875 1552 4937 et
1570 4875 1682 4936 nullus
1697 4876 1796 4937 exeat
1809 4869 1918 4935 inimi-

277 4969 355 5031 sunt
368 4969 515 5044 maligna
528 4972 680 5045 consilia,
695 4989 777 5049 quos
787 4962 899 5036 sectas
914 4973 1074 5035 Dominus
1129 4991 1198 5037 cus.

277 5066 466 5143 confringit,
486 5069 618 5144 quando
640 5070 781 5131 consilia
803 5069 977 5135 hominum
998 5071 1075 5132 des·
1169 5073 1286 5135 Claves
1308 5069 1547 5132 elementorum
1571 5070 1648 5133 sunt
1665 5071 1811 5149 potestas
1833 5069 1921 5131 clau-

276 5165 369 5238 truit,
386 5180 428 5232 ne
443 5164 595 5226 hominos
609 5165 738 5244 possint
751 5167 890 5244 implere
910 5169 996 5246 quod
1016 5183 1075 5230 co-
1128 5169 1227 5234 dendi
1241 5169 1415 5242 elementa,
1431 5167 1518 5232 sicut
1533 5169 1610 5230 sunt
1619 5169 1763 5247 quatuor
1776 5170 1920 5245 tempora

276 5265 392 5342 gitant.
409 5263 503 5326 Unde
517 5263 599 5325 Job:
617 5265 680 5330 out
694 5267 839 5338 dissipat
850 5267 1073 5343 cogitationes
1128 5270 1220 5338 anni,
1243 5282 1313 5338 ver,
1341 5267 1451 5338 aestas,
1478 5267 1657 5328 autumnus
1678 5269 1711 5328 et
1739 5267 1857 5337 hiems,
1881 5277 1919 5324 ne

276 5367 520 5438 atzmtpnorola,
548 5376 593 5423 loc
617 5363 752 5436 possint
780 5365 923 5437 implero
948 5380 1074 5426 mortus
1128 5367 1286 5446 prestent
1311 5364 1510 5425 heneficium
1534 5364 1691 5442 indignis,
1714 5365 1748 5426 et
1780 5363 1919 5442 potestas

277 5456 786 5536 eorupzpoooooeperaatoob.
802 5475 834 5531 v,
850 5461 911 5538 12).
1127 5462 1311 5542 aperiendi,
1347 5463 1384 5522 ut
1418 5463 1577 5538 praestent
1608 5461 1772 5524 beneficia
1800 5460 1916 5538 dignis.

317 5557 442 5622 Inferni
462 5557 608 5619 claustra
635 5555 791 5619 dicuntur
813 5557 917 5633 portae
944 5559 1071 5633 mortis,
1128 5562 1223 5626 Unde
1236 5560 1357 5621 dicitur
1368 5558 1404 5620 in
1415 5559 1614 5636 Apocalypsi
1627 5559 1667 5620 de
1683 5561 1814 5622 Sanctis
1829 5581 1836 5619 :
1851 5555 1917 5617 «Hi

277 5659 354 5743 quia
373 5672 433 5734 per
447 5671 486 5717 ea
507 5655 627 5717 animae
643 5654 851 5716 deducuntur
872 5657 914 5717 ad
934 5657 1074 5732 interos,
1127 5679 1146 5724 c
1167 5658 1291 5721 habent
1316 5657 1513 5734 potestatem
1537 5656 1712 5719 claudendi
1736 5659 1854 5720 coelum
1879 5667 1918 5716 ne

278 5757 311 5825 ot
324 5754 536 5821 coarctantur
561 5753 596 5819 in
618 5752 838 5819 infernalibus
858 5753 952 5818 locis.
980 5755 1074 5818 Unde
1126 5776 1145 5820 a
1166 5756 1259 5838 pluat
1280 5754 1396 5820 diebus
1422 5754 1604 5836 prophetiae·
1623 5757 1783 5838 ipsorum,
1806 5755 1840 5818 et
1862 5767 1919 5836 po-
