4082 6342
900 253 1074 316 HONORII
1098 255 1143 316 111
1165 256 1313 319 OPERA.
1849 279 1897 338 ill

573 441 786 534 CCGXLIX
1134 414 1166 477 te
1181 415 1355 529 illimes
1368 419 1548 486 abundanti
1559 425 1668 534 tamen
1685 430 1900 505 prouidentiam

1133 516 1223 576 tuam
1236 516 1480 580 sollicitandam
1502 522 1655 586 duximus
1674 530 1707 588 et
1729 533 1901 596 monendam

265 597 336 658 Ad
358 595 513 668 priorem
527 590 562 652 S·
582 588 826 662 Sllmlfflfflallt'
840 585 873 647 0²
892 588 933 646 de
954 589 1079 701 'Ftioc-
1134 629 1194 690 per
1207 615 1471 690 apostolicatus
1485 621 1609 699 scripta
1624 625 1901 708 mandantesqua-
2008 607 2009 678 t

319 693 443 769 ditm
459 689 494 750 δῖ
514 688 773 750 armatam&
787 688 977 746 Rerum&
993 687 1079 746 Μ·
1133 711 1229 772 tenus
1244 712 1286 773 ad
1307 713 1413 790 ipsius
1433 717 1524 794 regis
1544 721 1726 784 custodiam
1748 727 1780 788 et
1794 727 1902 790 docui-

320 791 419 852 0282'8·
1133 823 1221 882 narn,
1234 825 1309 873 cum
1320 812 1460 876 consilio
1471 816 1683 893 praelatorum
1695 823 1903 899 almagnatun

579 879 688 952 mun·
706 877 784 936 ¹²¹⁷·
1133 905 1197 968 sibi
1233 907 1390 984 fidelium,
1415 911 1551 990 deputes
1576 915 1666 978 viros
1688 918 1858 984 industrios
1879 927 1906 986 ct
2011 929 2012 966 ³

322 1004 608 1075 [augustinumin
623 1002 796 1054 assuesti
810 1001 1034 1068 retransmisit]
1133 1003 1257 1078 fideles,
1280 1023 1339 1084 per
1359 1025 1441 1086 qnos
1465 1012 1608 1076 sollicite
1626 1016 1839 1080 uuiiormetnr
1851 1019 1901 1100 (in

281 1117 397 1177 Mandat
416 1116 458 1174 eis
475 1121 506 1172 ut
524 1113 553 1170 in
571 1125 658 1170 causi
684 1126 747 1183 ques
766 1111 839 1168 inter
861 1113 893 1168 Β.
913 1111 1078 1185 &inpactae
1132 1100 1305 1185 formetur)
1320 1106 1356 1168 in
1366 1107 1524 1182 dicendis¹
1530 1113 1656 1188 pariter
1667 1115 1702 1177 et
1713 1117 1853 1193 agendis,
1864 1120 1906 1196 ip-

316 1207 493 1266 comitissam
501 1210 529 1260 et
538 1202 660 1275 priorem
673 1199 708 1257 de
721 1201 870 1274 Montignp
876 1216 912 1260 ex
920 1216 976 1260 una
987 1211 1076 1274 perte,
1132 1216 1270 1280 sumque
1283 1219 1342 1280 per
1355 1221 1494 1283 regnum
1522 1209 1677 1274 incedere
1694 1213 1817 1276 iaciens
1834 1217 1906 1278 sicut

315 1304 345 1354 et
361 1294 499 1356 abbatem
513 1301 542 1350 et
556 1298 728 1348 conventum
744 1291 772 1347 S.
788 1290 909 1364 Benigni
923 1292 1074 1351 birioneu.
1131 1315 1255 1376 regem,
1268 1306 1366 1378 prout
1376 1307 1523 1382 pensatis
1535 1311 1722 1387 temporum
1733 1317 1765 1376 et
1777 1313 1905 1376 locorum

315 1385 460 1453 exaltem,
475 1382 510 1440 de
528 1381 593 1439 villa
607 1379 643 1438 (10
660 1381 820 1454 M0¹¹²¹ssssls
836 1380 1009 1451 rer-tenatur,
1022 1381 1076 1454 ipsi
1131 1398 1389 1463 circumstantiis
1410 1404 1536 1469 videris
1562 1409 1731 1486 expedire,
1755 1412 1907 1489 proprium
2014 1417 2015 1491 Q

313 1470 579 1550 J¹¹⁸¹¹fi⁸¹¹¹s³⁰i³¹¹²·
1130 1495 1191 1558 tibi
1219 1497 1365 1574 sigillum
1391 1501 1496 1564 iacias
1518 1504 1684 1580 fabricari,
1706 1525 1804 1585 super
1817 1511 1907 1588 ipsius

319 1609 496 1682 Honorius,
515 1609 589 1680 etc,
609 1607 737 1670 ddectis
751 1606 829 1667 liliis
845 1606 948 1683 priori
969 1607 1075 1669 sancti
1130 1594 1233 1669 sigilli
1251 1597 1400 1660 custodia
1418 1604 1635 1678 Opportunam
1660 1606 1818 1669 adhibens
1844 1607 1909 1668 dili·

280 1707 524 1787 symphoriani,
544 1709 577 1770 et
589 1707 629 1768 de
644 1705 864 1782 Fiaregniaco
880 1706 915 1766 et
932 1707 1072 1767 Beruen.
1129 1694 1277 1768 dentiam
1298 1699 1332 1759 θῑ
1355 1699 1530 1768 cautelam,
1560 1704 1740 1780 providens
1757 1706 1839 1784 quod
1852 1709 1908 1768 tuin
2016 1784 2017 1810 ἦ

281 1805 527 1868 archidiaconis
543 1803 667 1865 Eduen.
1129 1792 1351 1857 cancellarius
1372 1811 1470 1873 quain
1491 1798 1550 1860 alii
1567 1799 1727 1866 officiales
1747 1804 1828 1882 regii
1846 1805 1908 1866 sin-

319 1903 445 1966 Dilecta
475 1903 511 1963 in
545 1901 676 1964 Christo
703 1897 773 1962 lilia
803 1900 924 1962 nobilis
954 1900 1075 1962 mulier
1128 1890 1209 1964 guli,
1238 1891 1324 1968 (1³⁰⁶
1348 1909 1446 1956 ⁵⁰⁰¹ss
1472 1898 1523 1958 flii
1547 1898 1689 1974 SQllissitss
1712 1919 1753 1974 ,80
1782 1903 1908 1964 fideliler

279 1998 457 2082 B(iancha)
485 1999 653 2062 comitissa
677 1998 865 2075 campaniae
885 2014 961 2060 ac...
982 2001 1074 2076 prior
1128 1990 1366 2066 exsequantur·

278 2100 318 2161 de
334 2099 507 2175 montigny
520 2097 591 2158 suis
606 2095 700 2157 nobis
722 2095 841 2157 litteris
864 2095 1070 2167 intimarunt,
1167 2087 1285 2148 Datum
1305 2090 1465 2166 Anagniae
1487 2093 1602 2169 quinto
1623 2111 1731 2160 nonas
1746 2099 1823 2177 julii
1837 2115 1910 2177 pon-

277 2197 363 2275 quod
379 2211 454 2256 cum
468 2193 550 2255 villa
563 2194 603 2254 de
616 2191 787 2269 Montigny
798 2191 838 2253 ad
850 2191 996 2269 ejusdem
1007 2193 1072 2254 loci
1127 2182 1271 2246 tificatus
1284 2187 1391 2248 nostri
1406 2203 1494 2250 anno
1506 2191 1624 2267 primo.
1860 2213 1863 2219 ¹

277 2294 442 2373 pertineat
469 2292 664 2370 prioratum,
681 2291 739 2368 qui
766 2290 808 2351 ad
832 2293 1071 2352 monasterium

275 2392 383 2454 sancti
397 2389 538 2466 Benigni
557 2389 731 2450 Iiirionen
747 2387 1070 2464 lingonendioece-
1454 2378 1597 2466 CCCLI

275 2489 483 2568 sisspectare
497 2487 714 2564 dignoscitur,
730 2486 763 2549 et
777 2486 836 2548 sub
849 2487 956 2563 ipsius
972 2489 1072 2549 comi·
1124 2523 1617 2604 Adffemnyumpraeposimm
1629 2535 1908 2610 ejusquefmtm·
2018 2559 2019 2566 ,

273 2590 364 2651 tissae
374 2585 723 2656 aduocatieconsistat,
737 2583 838 2646 abbas
849 2587 1070 2648 etconventus
1434 2623 1511 2698 3311,
1529 2627 1608 2684 lili.

274 2687 354 2749 dicti
376 2683 568 2746 monasterii
590 2682 704 2742 villam
725 2680 843 2758 ipsam,
868 2682 1069 2760 irrequisitis

273 2785 397 2846 eisdem
411 2783 443 2844 et
457 2779 697 2857 ignorantibus,
714 2779 870 2841 dicuntur
884 2780 1065 2856 Lingonen.
1162 2850 1197 2864 Η
1251 2851 1257 2864 ,
1437 2855 1453 2866 ..
1538 2857 1544 2868 ¹
1791 2865 1797 2875 ι
1855 2865 1860 2876 1

317 2883 324 2894 .
519 2878 619 2940 tionis
632 2876 728 2940 titulo
741 2877 944 2938 concessisse
960 2879 994 2939 in
1009 2879 1069 2940 lae„
1123 2851 1275 2926 Ptlvllegttl
1289 2860 1454 2911 monasterii
1467 2870 1595 2913 omnium
1609 2859 1776 2919 Sanctorum
1790 2878 1817 2921 in
1829 2866 1908 2938 Nigri

274 2895 930 3052 ggfflzssffiemcomifissaepraesatae,
938 2993 977 3038 ac
988 2977 1067 3040 dicti
1185 2939 1268 3013 Sylva
1284 2940 1392 2998 ordinis
1406 2943 1688 3004 praemonstratensis
1699 2951 1856 3009 confirmat.

271 3077 372 3140 etiam
393 3077 575 3154 prioratus3
601 3073 841 3152 propterquod
867 3077 1067 3138 memoratus
1162 3067 1328 3129 Honorius
1339 3069 1524 3147 episcopus,
1535 3087 1651 3158 servus
1661 3090 1833 3140 servorum
1842 3077 1904 3148 Dei,

271 3173 611 3255 pr10r‚poquuam1d
631 3171 672 3233 ad
696 3172 848 3234 notitiam
874 3175 946 3249 ejus
964 3175 1065 3243 venit,
1122 3164 1250 3226 dilectis
1273 3165 1351 3226 illlis
1372 3169 1525 3244 Gerungo
1541 3171 1717 3248 praeposito
1741 3175 1908 3237 conventui

271 3274 311 3336 ad
339 3275 487 3335 nostram
520 3270 723 3332 audientiam
752 3269 941 3346 appellavit.
973 3272 1066 3333 Unde
1121 3264 1267 3324 omnium
1281 3265 1469 3328 sanctorum
1481 3266 1632 3344 iangra
1644 3271 1756 3348 Sylva.
1765 3272 1909 3352 (Reliqua

269 3370 366 3433 nouis
382 3366 794 3444 humilitersupplicarunt
808 3368 844 3427 ui
856 3367 1065 3431 indemnitati
1121 3362 1158 3421 ut
1170 3361 1205 3421 in
1220 3361 1293 3438 ipsa
1310 3360 1401 3423 bulla
1421 3365 1607 3428 innocentii
1626 3369 1682 3440 111,
1699 3385 1755 3432 an·
1776 3373 1860 3444 1204,
1877 3371 1909 3431 ur

269 3447 383 3532 eorum
399 3483 499 3546 super
513 3467 576 3528 boc
591 3466 805 3544 dignaremur
817 3466 956 3542 paterna
972 3465 1066 3528 solli·
1120 3457 1256 3520 verbum
1272 3458 1464 3522 adverbum
1480 3462 1656 3544 sequitur.)

269 3568 416 3631 citudine
450 3564 637 3644 providere.
674 3563 835 3636 Quocirca
871 3551 1065 3626 discretioni
1160 3556 1456 3630 Quotiensanobis
1470 3560 1603 3636 petitur,
1621 3563 1706 3639 quod
1719 3567 1905 3643 religiosum

266 3666 386 3728 vestrae
412 3681 472 3742 per
493 3662 684 3741 apostolica
713 3661 836 3740 scripta
855 3663 1062 3736 mandamus,
1119 3654 1220 3717 luerit
1233 3671 1272 3716 ac
1286 3655 1474 3729 honestum,
1489 3659 1600 3721 animo
1615 3675 1676 3722 nos
1690 3661 1787 3726 decet
1800 3663 1907 3725 libenti

267 3763 572 3843 quatenusrocatis
594 3761 789 3840 putruerint
814 3759 969 3834 vocandi,
987 3763 1062 3831 etc,
1119 3751 1311 3822 concedere,
1344 3754 1377 3814 et
1405 3755 1586 3832 petentium
1621 3757 1799 3822 desideriis
1829 3777 1906 3824 con-

265 3865 368 3926 testes
382 3863 505 3933 autem,
522 3862 583 3923 etc·
602 3859 737 3932 Quodsi
753 3874 819 3919 non
842 3873 967 3931 omnes,
985 3860 1060 3930 eto„
1118 3865 1236 3925 grumn
1252 3849 1448 3927 suffragium
1463 3853 1636 3930 impertiri.
1652 3858 1844 3936 eapropter,
1860 3857 1907 3918 di-

265 3961 331 4021 duo
356 3961 514 4026 restrum,
532 3958 595 4019 etc.
620 3955 740 4017 Datum
755 3956 926 4032 Anagniae,
945 3956 1062 4032 quarto
1118 3947 1194 4009 lecti
1209 3947 1245 4009 in
1257 3949 1908 4032 Dominolilii‚vestrisjustispostulatlo·

266 4055 429 4118 kalendas
461 4053 550 4133 julii,
587 4052 798 4130 pontificatus
834 4051 939 4114 nostri
974 4067 1063 4112 anno
1117 4042 1215 4105 nibus
1250 4045 1429 4108 clementer
1461 4049 1651 4122 annuimus,
1681 4051 1714 4113 et
1739 4053 1905 4132 praefatam

265 4154 383 4232 primo,
896 4163 898 4168 ’
1117 4140 1291 4202 ecclesiam
1300 4143 1454 4204 Omnium
1464 4146 1788 4228 Sanctorum,inquo
1799 4151 1905 4212 divino

1115 4239 1295 4316 mancipati
1310 4239 1389 4300 estis
1409 4240 1579 4319 obsequio,
1595 4243 1655 4304 sub
1670 4244 1760 4310 beati
1773 4247 1863 4310 Petri
1875 4248 1906 4307 et

602 4281 724 4369 CCGL
1115 4337 1229 4398 nostra
1247 4337 1449 4415 protectione
1462 4339 1672 4418 suscipimus,
1689 4345 1723 4406 et
1733 4345 1903 4421 praesentis
2018 4379 2019 4428 p

262 4443 314 4503 Act
329 4435 1060 4510 caconemtitcttsmaruntprcsoptcrom
1114 4435 1229 4512 scripti
1254 4435 1429 4516 privilegio
1459 4439 1714 4502 communimus.
1742 4442 1902 4520 imprimis

305 4540 516 4600 cardinalem
533 4535 841 4610 apostolicaesedis
855 4531 1016 4609 tapetum.
1113 4531 1275 4610 siquidem
1291 4533 1474 4616 statuentes
1490 4535 1526 4596 ut
1543 4535 1623 4598 ordo
1643 4540 1833 4614 canonicus,
1850 4538 1902 4618 qui
2018 4585 2019 4614 ξ

572 4657 650 4732 3ju1·
667 4657 745 4715 lili.
1113 4630 1293 4692 secundum
1309 4631 1441 4692 Domini
1459 4631 1491 4692 ct
1507 4631 1596 4694 beati
1611 4637 1790 4714 Augustini
1808 4654 1902 4716 regu-

1111 4726 1899 4805 lamatqueinstitutionempraemonstratensium

1109 4824 1248 4888 fratrum
1264 4824 1899 4912 ineodemlocoinstitutusessedignos·
2018 4919 2019 4922 Ἴ

1109 4923 1204 4994 citur,
1224 4919 1392 5000 perpetuis
1409 4921 1531 4984 ibidem
1542 4926 1746 5004 temporibus
1761 4932 1895 4994 inviola-

297 5012 1051 5095 Honorius,etc.‚dilectotilionostroGlnaloni]
1107 5018 1219 5082 biliter
1246 5018 1449 5080 observetur.
1485 5023 1651 5085 Praeterea
1680 5043 1897 5106 quascumque

257 5115 346 5179 tituli
363 5115 396 5174 S.
411 5112 546 5173 Martini
561 5111 753 5189 presbytero
769 5111 932 5173 cardinali
947 5114 1054 5188 Apoe—
1107 5116 1344 5194 possessiones
1355 5117 1789 5197 quaecumquehon'aeadem
1801 5126 1897 5188 eccle·

255 5214 365 5276 tolicae
383 5209 477 5272 Sedis
492 5207 612 5283 legato.
1106 5213 1155 5272 sia
1173 5213 1208 5272 in
1224 5211 1476 5288 praesentiarum
1488 5214 1578 5290 juste
1593 5217 1625 5277 et
1644 5222 1805 5284 canonice
1819 5239 1895 5300 pos-

295 5311 363 5372 Etsi
376 5324 489 5370 rerum
506 5304 700 5382 expereniia
715 5303 802 5368 docti
816 5306 943 5368 firmam
959 5323 1051 5383 gera·
1105 5308 1200 5380 sidet,
1213 5307 1310 5368 autin
1317 5307 1462 5368 futurum
1471 5313 1684 5376 concessione
1694 5319 1892 5392 pontificum,

254 5425 328 5470 mus
359 5406 526 5477 fiduciam,
551 5401 636 5481 quod
669 5417 709 5462 aa
734 5418 808 5479 quae
838 5401 996 5467 bonorem
1018 5405 1051 5466 et
1103 5404 1281 5479 largitione
1303 5419 1419 5480 regum
1439 5406 1491 5467 vel
1512 5408 1711 5487 principum,
1733 5415 1894 5478 oblatione

254 5508 376 5569 statum
401 5504 490 5579 regis
506 5505 538 5564 et
553 5501 650 5579 regni
664 5500 845 5576 anglorum
866 5502 1049 5580 respiciunt
1103 5500 1260 5572 fidelium,
1282 5515 1342 5561 seu
1361 5502 1437 5562 aliis
1454 5505 1554 5580 justis
1575 5508 1695 5582 modis,
1721 5515 1894 5589 praestante

252 5601 442 5684 providebis
454 5602 633 5664 secundum
645 5598 804 5676 temporis
817 5599 977 5660 malitiam
988 5615 1048 5675 per
1102 5598 1243 5662 Domino
1254 5599 1377 5676 poterit
1388 5601 1539 5678 adipisci,
1552 5603 1647 5669 lirnia
1657 5607 1752 5672 robis
1765 5613 1894 5676 restris-

1223 2735 1401 2799 [Wnrdtuein.
1415 2739 1486 2790 Nova
1499 2739 1627 2803 Subsidie,
1638 2748 1658 2793 t.
1673 2743 1706 2804 X,
1718 2761 1744 2811 p.
1753 2747 1820 2812 isli

236 4733 238 4736 Ι
307 4779 417 4841 [Repeti.
427 4775 472 4826 lib.
481 4776 500 4833 l,
514 4774 588 4839 epist.
602 4773 657 4824 teu.
669 4773 726 4824 btss.
739 4773 854 4824 itroire
864 4770 900 4822 du
910 4771 1004 4836 iniit]

276 4894 330 4949 lint
343 4891 446 4948 multas
458 4890 680 4948 commissiones
693 4904 745 4961 pro
754 4903 821 4948 cura
838 4887 917 4961 regis
926 4885 1034 4961 pupilli.
