4080 6316
304 351 364 412 719

928 349 1103 412 HONORII
1127 350 1170 410 111
1192 349 1339 410 ophni.
1875 362 1919 418 iio

304 513 437 589 opponi.
463 507 657 589 Nositaque
674 528 711 574 ea
737 529 809 589 quae
829 511 870 574 ad
895 527 1008 590 pacem
1025 511 1101 573 suut
1154 509 1215 570 dus
1237 509 1393 582 decanus,
1409 507 1441 570 et
1467 508 1658 570 universum
1685 511 1936 580 Autissiodoren'

302 611 484 688 cupientes,
496 610 573 671 huic
586 611 825 688 compromisso
835 625 1008 672 assensum
1019 624 1101 688 prae-
1154 607 1303 668 ecclesiae
1319 607 1501 684 capitulum
1516 608 1666 669 omnibus
1692 615 1863 687 presentes
1875 617 1918 679 lit-

301 709 426 781 bentes,
453 709 533 770 illud
559 706 619 769 sub
641 709 814 786 praesentis
838 708 968 786 paginae
994 708 1028 769 et
1052 707 1100 768 sl-

300 807 372 883 gilli
394 807 499 870 nostri
522 807 711 868 testimonio
737 807 892 868 duximus
927 805 1096 877 roborare,

301 908 410 968 ratum
429 907 462 968 et
481 905 715 968 inconcussum
728 906 763 966 in
783 905 977 984 perpetuum
998 901 1097 965 habi-

300 1006 371 1064 tum
386 1003 545 1082 quidquid
566 1020 608 1065 ex
627 1020 665 1066 eo
689 1004 751 1066 luit
765 1003 963 1065 ordinatum.
981 1002 1096 1064 Actum

299 1117 413 1163 mense
435 1101 631 1179 septembris
659 1117 747 1162 anno
767 1099 1012 1163 incarnationis
1027 1101 1096 1160 Do-

300 1199 432 1261 minicaa
449 1201 589 1260 Mccxt.

340 1298 483 1360 Litterae
492 1313 538 1360 ccc
546 1297 1094 1372 partenctosmmren.episcopt.

300 1396 490 1457 Willelmus
505 1396 564 1458 Dei
583 1395 692 1472 gratia
715 1394 976 1458 antissiodoren.
1002 1393 1096 1470 epis-

300 1509 415 1570 copus,
429 1493 582 1554 omnibus
595 1493 777 1570 praesentes
793 1492 922 1554 litteras
934 1491 1097 1570 inspectu·

300 1591 347 1652 ris
362 1592 398 1654 in
420 1592 558 1652 Domino
583 1590 734 1653 salutem.
762 1591 925 1653 Noverint
947 1589 1094 1651 universi

300 1689 385 1766 quod
402 1705 476 1751 cum
489 1689 577 1750 iuter
592 1705 653 1750 nos
668 1707 711 1751 ex
726 1705 792 1751 una
801 1689 948 1768 parte,et
961 1703 1096 1749 venera·

297 1786 398 1848 bilem
414 1789 540 1865 patrem
554 1788 746 1850 Gualterum
763 1788 885 1849 Eduen.
903 1786 1094 1864 episcopum

298 1885 469 1957 exaltare,
484 1902 585 1962 super
598 1885 727 1962 capella
749 1885 790 1946 de
811 1885 980 1947 Bethleem
1007 1883 1094 1962 apud

299 1983 534 2046 Clameliacum
560 1985 593 2045 et
621 1986 698 2060 jure
729 1982 914 2060 parochiali
946 1980 1094 2060 ejusdem

299 2080 396 2156 burgi
419 2095 568 2141 coram...
586 2081 731 2151 cantore,
755 2079 1043 2156 archipresbitero,
1061 2081 1095 2140 et

297 2178 460 2255 magistro
492 2178 692 2240 Bonoamico
721 2193 882 2239 canonico
910 2177 1091 2240 Bituricen.

299 2275 496 2338 auctoritate
518 2275 706 2352 Apostolica
729 2275 867 2354 quaestio
891 2275 1091 2348 verteretur,

297 2372 432 2437 tandem
453 2373 674 2436 mediantibus
697 2373 780 2436 viris
801 2373 907 2446 bonis,
925 2373 958 2435 ei
971 2373 1012 2434 ad
1028 2389 1091 2454 pa-

1154 707 1241 766 teras
1257 705 1456 782 inspecturis
1471 705 1506 765 in
1523 707 1660 768 Domino
1671 710 1819 772 salutem.
1834 714 1917 776 Nove

1154 802 1220 864 rint
1233 803 1380 864 universi
1391 803 1477 880 quod
1491 819 1565 864 cum
1575 804 1663 866 inter
1674 807 1871 870 venerabiles
1881 829 1920 889 pa-

1152 903 1220 962 tres
1233 901 1402 963 dominum
1413 902 1617 963 Willelmum
1630 905 1880 968 antissiodoren.
1889 927 1919 971 ex

1153 1001 1375 1078 unaparte,et
1389 1001 1558 1062 Galterum
1575 1001 1699 1064 liduen.
1710 1005 1871 1082 episcopos
1890 1025 1920 1069 ex

1152 1099 1269 1170 altera,
1286 1097 1415 1176 capella
1429 1099 1470 1160 de
1484 1099 1652 1161 Bethleem
1665 1100 1752 1178 apud
1768 1103 1919 1165 clametis·

1152 1213 1226 1257 cum
1240 1198 1273 1258 et
1290 1199 1367 1274 jure
1392 1196 1577 1274 parochiali
1598 1199 1747 1275 ejusdem
1768 1199 1855 1276 burgi
1875 1219 1919 1264 co-

1151 1309 1261 1355 ram...
1277 1295 1448 1366 cantore„
1466 1295 1805 1373 archipresbyteros
1818 1300 1920 1374 nagis-

1151 1393 1202 1452 tro
1216 1392 1415 1454 Bcnoamico
1432 1393 1592 1454 canonico
1608 1394 1788 1456 Bituricen.
1804 1398 1919 1458 auctori-

1150 1490 1218 1551 tate
1233 1490 1422 1568 apostolica
1437 1490 1576 1568 quaestio
1594 1493 1793 1566 verteretur,
1812 1495 1918 1554 landen

1151 1587 1373 1651 mediantibus
1385 1589 1468 1650 viris
1480 1589 1587 1662 bonis,
1604 1591 1637 1652 et
1651 1591 1693 1652 ad
1707 1607 1820 1669 pacem
1843 1591 1919 1655 inter-

1150 1686 1360 1763 ponentibus,
1396 1689 1508 1764 partes
1535 1704 1613 1749 suas
1648 1687 1683 1749 in
1722 1689 1917 1751 venerabilem

1150 1785 1276 1860 patrem
1302 1787 1480 1846 Manassen
1505 1787 1723 1848 Aurelianen.
1757 1788 1917 1866 episcopum

1149 1884 1181 1943 et
1203 1883 1398 1958 magistrum
1418 1884 1597 1945 bituricen.
1616 1885 1875 1947 archidiaconum
1895 1891 1917 1947 el

1149 1979 1378 2042 Humbaudum
1393 1981 1656 2044 Autissiodoren.
1672 1983 1861 2045 canonicum
1872 2002 1916 2044 su-

1150 2094 1207 2154 per
1221 2079 1280 2141 illa
1295 2081 1522 2142 controversia
1537 2080 1598 2141 sub
1611 2097 1710 2158 poena
1722 2083 1846 2143 centum
1857 2099 1918 2142 mar·

1149 2193 1262 2238 carum
1275 2177 1347 2254 pari
1361 2178 1530 2241 voluntate
1544 2179 1840 2256 compromiserunt
1860 2181 1917 2241 hino

1148 2275 1225 2336 inde
1247 2276 1307 2337 sub
1328 2274 1387 2337 tali
1410 2275 1528 2347 forma,
1555 2277 1641 2355 quod
1667 2278 1788 2339 arbitri
1811 2278 1867 2354 ipsi
1890 2279 1918 2338 de

1149 2374 1247 2451 plano
1272 2378 1328 2451 jus
1359 2374 1531 2456 utriusque
1564 2377 1667 2453 partis
1697 2377 1866 2454 inquirent,
1895 2380 1919 2437 et

299 2488 369 2534 cem
393 2455 681 2549 interponentibus
701 2473 813 2550 partes
837 2487 914 2534 suas
938 2471 971 2532 in
989 2487 1094 2534 vene-
1148 2487 1225 2549 pars
1240 2473 1380 2550 utraque
1400 2473 1597 2536 inconcusse
1619 2475 1767 2536 servabit
1788 2475 1916 2554 quidquid

297 2568 435 2632 rabilem
460 2572 504 2632 M.
522 2571 735 2632 Aurelianen.
754 2571 955 2647 episcopum,
975 2569 1094 2645 magis·
1148 2568 1266 2631 arbitri
1281 2571 1355 2649 ipsi,
1372 2570 1424 2632 vel
1440 2571 1614 2649 episcopus
1630 2589 1707 2634 oum
1721 2575 1821 2635 altero
1839 2590 1916 2634 coar-

297 2673 384 2730 lrum
411 2671 451 2730 H.
478 2668 741 2730 Autissiodoren.
769 2669 977 2740 canonicum,
995 2683 1094 2746 super
1148 2667 1309 2730 bitrorum
1324 2685 1460 2730 suorum
1482 2668 1615 2732 duxerit
1638 2671 1872 2746 arbitrandum3
1892 2671 1915 2732 et

297 2767 355 2828 illa
371 2766 597 2828 controversia
623 2765 683 2826 sub
703 2781 799 2842 poena
817 2768 948 2827 centum
968 2782 1095 2828 marca·
1148 2767 1334 2828 condictum
1355 2768 1416 2838 est,
1433 2768 1518 2845 quod
1550 2772 1685 2846 propter
1707 2770 1795 2832 tertii
1818 2770 1915 2831 absen-

297 2881 371 2926 rum
382 2863 454 2941 pari
473 2861 551 2924 hinc
570 2862 647 2924 inde
664 2863 950 2958 compromisimus
974 2865 1094 2926 voluu—
1147 2865 1228 2928 tiam
1251 2880 1317 2925 non
1347 2864 1546 2942 impedietur
1567 2869 1647 2946 quin
1671 2869 1842 2946 episcopus
1860 2883 1914 2928 cum

297 2965 377 3034 tate,
394 2961 454 3022 sub
483 2961 546 3022 hac
574 2960 679 3022 forma
704 2961 789 3039 quod
820 2959 936 3023 arbitri
963 2961 1026 3040 ipsi
1052 2961 1093 3024 de
1148 2963 1314 3025 coarbitro
1327 2979 1399 3031 suo,
1417 2965 1473 3042 qui
1486 2963 1586 3027 luerit
1599 2982 1759 3042 praesens,
1777 2965 1915 3043 pmcedat.

299 3061 397 3138 plano
409 3064 465 3140 jus
479 3060 649 3137 utriusque
667 3061 770 3138 partis
786 3059 966 3137 inquirent,
985 3063 1018 3122 et
1033 3075 1092 3122 nos
1149 3064 1255 3137 Super
1273 3077 1370 3138 poena
1391 3066 1502 3124 autem
1522 3065 1653 3124 centum
1677 3079 1856 3126 marcarum
1876 3078 1917 3123 ar·

297 3161 494 3221 inconcusse
524 3157 731 3219 servabimus
760 3157 916 3235 quidquid
943 3159 1018 3236 ipsi,
1040 3160 1093 3220 vel
1147 3157 1235 3234 genti
1248 3158 1440 3237 repetenda,
1454 3161 1483 3221 si
1496 3161 1671 3239 episcopus
1685 3161 1916 3224 nosteressetiu

299 3256 473 3333 episcopus
487 3271 560 3316 oum
576 3255 682 3317 altero
701 3253 941 3317 ooarbitrorum
957 3271 1091 3316 suorum
1147 3255 1287 3328 deiectu,
1302 3258 1474 3334 supposuit
1495 3273 1530 3320 se
1549 3259 1635 3320 idem
1649 3262 1822 3338 episcopus
1841 3259 1915 3338 plene

299 3352 433 3415 duxerit
469 3351 711 3424 arbitrandum,
740 3353 774 3413 et
810 3353 997 3414 condictum
1026 3355 1091 3426 est,
1143 3354 1919 3435 iurisdictionidictiAureiianeu.episcopicoen

300 3450 384 3529 quod
401 3453 535 3529 propter
549 3449 639 3511 tertii
654 3449 837 3512 absentiam
851 3465 916 3512 non
932 3451 1094 3528 impedie-
1148 3451 1299 3522 cendum,
1314 3454 1347 3513 et
1357 3453 1392 3514 ut
1405 3457 1512 3531 majus
1526 3455 1628 3516 robur
1640 3454 1789 3518 obtineat
1798 3469 1918 3531 compro

299 3553 364 3623 tur,
381 3549 460 3628 quin
475 3549 650 3626 episcopus
674 3564 749 3610 oum
765 3547 929 3610 coarbitro
945 3565 1017 3622 suo,
1037 3551 1093 3628 qui
1148 3549 1918 3632 missum,d0mlnusnosterepiseopusilluddunil

299 3665 447 3728 praesens
457 3645 567 3718 luerit,
583 3645 748 3724 procedat.
760 3649 866 3724 Super
875 3663 973 3724 poena
983 3649 1094 3710 autem
1148 3663 1206 3726 por
1217 3647 1335 3708 suaset
1345 3649 1476 3708 nostras
1491 3649 1618 3710 litteras
1627 3651 1797 3714 roborare.
1807 3648 1917 3712 Durabii

300 3749 430 3810 centum
447 3759 634 3807 marcarum
647 3744 837 3822 repetenda,
854 3745 882 3808 si
895 3761 1043 3808 essemus
1058 3745 1093 3807 in
1148 3746 1258 3806 autern
1269 3746 1635 3822 compromissumistud
1648 3765 1755 3826 usque
1768 3749 1806 3809 ad
1823 3747 1916 3808 testum

302 3845 442 3917 deiectu,
473 3842 570 3920 plene
593 3841 826 3921 supposuimus
853 3857 913 3903 nos
931 3843 1094 3920 jurisdic-
1148 3845 1294 3904 omnium
1310 3843 1517 3915 Sanctorum,
1535 3845 1599 3905 nisi
1615 3844 1655 3907 de
1674 3847 1838 3909 communi
1855 3860 1918 3906 cou-

299 3945 382 4006 tioni
396 3942 542 4020 episcopi
558 3941 749 4020 supradicti,
766 3941 799 4002 et
813 3941 849 4000 ut
861 3943 968 4018 majus
992 3940 1094 4002 robur
1149 3957 1249 4002 sensu
1264 3941 1406 4018 partium
1429 3940 1528 4004 luerit
1549 3942 1690 4004 ulterius
1715 3945 1915 4022 prorogatum

300 4040 448 4104 obtineat
462 4040 747 4116 compromissum,
762 4037 843 4099 illud
857 4039 925 4098 tam
942 4054 1001 4116 per
1015 4055 1095 4100 nos·
1149 4056 1191 4100 ex
1202 4040 1281 4100 tunc
1302 4039 1331 4100 si
1342 4053 1407 4100 non
1422 4043 1511 4100 esset
1523 4055 1624 4102 causa
1639 4057 1701 4118 per
1714 4042 1848 4104 arbitms
1859 4043 1914 4102 ter-

299 4141 478 4216 trasquam
498 4136 635 4214 capituli
659 4134 764 4196 nostri
791 4134 918 4197 litteras
938 4136 1093 4198 duximus
1149 4138 1284 4208 minata,
1302 4135 1729 4226 dominushutissiodoren.
1755 4139 1914 4218 adjudices

300 4236 469 4299 roborare.
508 4233 646 4296 Durabit
677 4233 787 4294 autem
819 4236 1093 4311 compromissum
1149 4251 1225 4295 suos
1237 4235 1389 4310 superius
1404 4236 1591 4298 nominatos
1606 4236 1747 4301 baberet
1761 4251 1915 4303 recursum,

300 4337 386 4398 istud
410 4331 569 4412 usquead
586 4329 704 4393 festum
720 4331 867 4392 omnium
884 4333 1091 4406 Sanctorum,
1149 4333 1181 4394 et
1201 4332 1289 4394 esset
1313 4333 1480 4407 negotium
1502 4333 1609 4410 quoad
1630 4334 1760 4397 litteras
1773 4332 1916 4412 apostoli-

298 4435 365 4498 nisi
383 4434 425 4495 de
444 4428 611 4494 communi
630 4443 794 4490 consensu
822 4429 966 4506 partium
995 4430 1095 4495 luerit
1149 4447 1216 4501 cae,
1227 4445 1366 4508 quarum
1378 4430 1576 4493 auctoritate
1587 4431 1917 4495 conveniturdominus

299 4532 511 4612 prorogatum
531 4530 563 4591 et
582 4525 771 4598 extunc‚si
794 4543 859 4589 non
883 4530 970 4589 eset
993 4545 1093 4590 causa
1151 4529 1271 4590 ticinen.
1306 4527 1496 4605 episcopus,
1528 4528 1560 4589 et
1588 4531 1696 4606 quoad
1730 4531 1835 4592 omnia
1866 4530 1916 4588 tan

296 4631 439 4696 arbitros
452 4627 675 4696 terminatum,
691 4639 752 4686 nos
766 4624 950 4702 adjudices
963 4629 1094 4688 nostros
1149 4625 1255 4704 quoad
1281 4625 1474 4702 praedictum
1500 4626 1670 4689 dominum
1691 4629 1824 4700 Edueu,
1839 4639 1915 4704 quam

298 4729 453 4808 superius
475 4725 663 4788 nominatos
687 4721 885 4785 haberemus
908 4739 1091 4796 recursum,
1149 4723 1255 4802 quoad
1271 4723 1440 4784 dominum
1456 4722 1720 4787 Autissiodoren.
1735 4727 1817 4788 ineo
1837 4725 1913 4788 statu.

297 4831 330 4891 et
344 4829 432 4889 esset
443 4824 611 4900 negotium
626 4821 733 4901 quoad
744 4821 873 4883 litteras
886 4821 1094 4898 Apostolicas
1149 4823 1182 4884 in
1198 4837 1262 4899 quo
1275 4821 1346 4883 erat
1360 4821 1507 4898 tempore
1522 4825 1763 4900 compromissi,
1779 4825 1821 4886 ita
1847 4817 1913 4898 quod

297 4939 437 5005 quarum
453 4921 650 4983 auctoritate
664 4919 941 4981 conveniebamus
947 4921 1018 4997 jam
1028 4919 1094 4980 dio·
1148 4935 1213 4981 non
1243 4918 1363 4997 poterit
1395 4919 1494 4996 hujus
1524 4921 1754 4997 compromissi
1779 4921 1913 5000 praetextu

297 5027 367 5086 tum
384 5020 507 5084 liduen.
524 5019 715 5098 episcopum
732 5018 764 5079 et
776 5018 883 5095 quoad
898 5018 1008 5081 omnia
1025 5020 1093 5079 tam
1148 5017 1299 5094 exceptio
1323 5015 1435 5094 aliqua
1451 5019 1566 5078 contra
1582 5018 1752 5080 domiuum
1777 5016 1913 5081 Autissio-

297 5119 404 5203 quoad
417 5135 487 5190 nos,
503 5133 601 5196 quam
616 5116 723 5194 quoad
736 5115 844 5193 ipsum
857 5116 892 5178 in
905 5131 944 5178 eo
959 5116 1047 5178 statu
1057 5117 1093 5179 in
1148 5116 1274 5187 deren„
1297 5114 1350 5194 vel
1376 5113 1505 5176 litteras
1532 5116 1707 5193 praedictas
1731 5116 1772 5180 ab
1799 5116 1912 5178 adversa

297 5237 362 5302 quo
377 5219 451 5282 erat
462 5219 611 5294 tempore
625 5213 866 5290 compromissi,
876 5213 923 5275 ita
931 5213 1017 5294 quod
1027 5229 1093 5278 non
1148 5215 1242 5292 parte
1256 5213 1388 5291 opponi.
1403 5213 1471 5273 Nos
1485 5213 1596 5290 itaque
1609 5230 1648 5276 ea
1664 5231 1737 5294 quae
1760 5215 1798 5277 ad
1820 5223 1911 5291 pacem

297 5319 408 5399 posset
419 5316 517 5393 hujus
529 5311 758 5389 compromissi
769 5312 931 5390 praetextu
941 5312 1092 5390 exceptio
1148 5313 1224 5374 sunt
1250 5311 1430 5387 cupientes,
1454 5311 1532 5372 huic
1554 5313 1789 5389 compromisso
1816 5323 1912 5373 assen-

298 5415 410 5493 aliqua
425 5413 575 5492 exparte
591 5409 697 5488 ipsius
720 5410 835 5471 contra
852 5424 915 5471 nos
938 5425 977 5471 ac
998 5409 1091 5473 litte·
1148 5427 1219 5470 sum
1231 5407 1426 5486 praebentes,
1442 5407 1523 5468 illud
1539 5408 1598 5469 sub
1618 5410 1791 5486 praesentis
1804 5406 1911 5486 pagina

295 5529 352 5576 ras
367 5510 497 5572 nostras
512 5508 644 5588 opponi.
672 5508 789 5569 Actum
815 5521 928 5569 meuse
956 5509 1093 5586 augusti
1147 5511 1180 5569 et
1199 5505 1301 5583 sigilli
1325 5505 1430 5566 nostri
1454 5506 1645 5569 testimonio
1668 5507 1816 5570 duximus
1835 5501 1912 5565 nibc-

295 5609 436 5676 MGGXI.
1148 5604 1358 5677 reseratum
1378 5604 1412 5666 et
1428 5603 1661 5669 inconcussum
1686 5607 1720 5668 in
1744 5605 1909 5684 perpetuum

338 5707 481 5774 battere
499 5705 641 5780 capituti
657 5703 928 5765 Aretissiodcren.
950 5704 1093 5781 Raynal·
1148 5703 1293 5766 habituri
1307 5701 1464 5784 quidquid
1480 5717 1522 5764 ex
1537 5702 1586 5763 eis
1614 5701 1713 5768 hierii
1740 5699 1908 5765 ordinatum.
