3984 6306
55 335 102 398 aa
523 321 1185 388 xxx111.-1unesrovrae1uuu.
1372 297 1377 308 ’
1619 328 1681 390 ass

56 490 188 556 Abrabae.
210 486 304 546 Isaac
328 471 495 558 significat
513 481 691 556 Christum,
712 499 828 545 servus
883 485 1001 548 cantur
1028 485 1063 547 in
1091 486 1161 548 filia
1185 486 1329 565 caleph,
1353 501 1426 566 ques
1454 483 1634 566 postularit
1659 502 1679 550 a

56 581 352 668 ejusprasdioatores
367 579 535 653 Ecclesiae,
558 581 678 642 cameli
697 597 827 658 paupe·-
884 585 983 654 Patre
1008 585 1171 660 irriguum
1195 585 1349 662 superius
1370 587 1402 647 et
1423 585 1575 648 interius.
1592 585 1678 646 Irri-

56 679 256 748 res.tlamelos
265 679 432 756 adaquare
443 679 495 738 est
502 692 666 754 pauperes
677 678 827 740 relicere.
883 697 983 757 gnum
999 681 1153 760 superius
1163 683 1196 742 st
1207 682 1348 743 interius
1362 682 1527 759 significat
1539 683 1604 742 duo
1616 698 1679 758 ge-

58 789 143 845 serro
162 780 253 839 Isaac
273 777 385 852 potum
406 775 487 836 dare
507 775 559 836 est
576 776 828 852 praedicatorem
883 793 965 839 nera
985 780 1284 855 compunctionum.
1307 781 1455 841 Primum
1479 779 1529 842 θεῖ
1547 780 1678 856 qrrando

56 877 191 940 Ecclesiae
208 873 406 936 sustentare.
423 872 573 933 Rebecca
586 887 666 948 ergo
681 873 830 950 adaqua-
884 875 996 936 anima
1011 876 1243 952 compungitur
1258 891 1318 953 pro
1333 878 1479 953 peccato.
1495 877 1587 939 Unde
1608 877 1678 938 Da-

56 973 247 1042 riteamelos,
264 972 297 1031 et
314 969 428 1048 potum
447 969 537 1031 dedit
560 985 668 1042 servo,
692 970 827 1031 dicens:
883 971 938 1034 rid
953 976 1153 1046 :Leerpmts
1167 977 1255 1034 mets
1268 974 1420 1035 stratum
1433 989 1560 1045 rneuna
1581 972 1677 1045 idest,

55 1077 132 1144 Rite,
146 1073 297 1142 Dmntne,
313 1083 396 1130 nem
416 1067 450 1128 et
472 1071 611 1130 camelis
628 1069 697 1129 tots
709 1068 831 1142 ponem
884 1069 1121 1131 conscientiam
1148 1085 1266 1141 meam,
1293 1073 1414 1146 egebo
1442 1069 1512 1150 (Ps.
1540 1085 1609 1142 εει,
1632 1069 1678 1148 7).

58 1165 413 1246 tribuem(tien.xn1v,
440 1163 504 1244 18),
533 1165 610 1242 qnia
637 1163 751 1226 ildeles
773 1165 830 1242 qui
886 1168 1073 1228 Secundum
1089 1167 1140 1229 est
1156 1168 1286 1245 quando
1311 1169 1423 1228 anima
1448 1169 1681 1245 compungitur

56 1262 447 1340 studentineleemosynis
461 1262 595 1339 placere
613 1263 692 1333 Deo,
711 1261 832 1323 debent
885 1275 945 1339 pro
972 1260 1115 1323 coelestis
1143 1263 1239 1337 regni
1267 1277 1390 1323 amore.
1417 1261 1511 1323 Unde
1540 1261 1677 1324 David:

57 1364 203 1426 ministros
231 1360 389 1424 Ecclesiae
417 1358 555 1420 decimis
568 1375 578 1432 ‚⁴
606 1358 763 1436 primitiis
797 1359 832 1420 et
884 1359 1140 1420 mereremini
1159 1365 1322 1434 lacrumae
1342 1374 1430 1421 meae
1448 1363 1626 1434 parteseae
1640 1374 1682 1420 ac

56 1459 256 1522 oblationibus
269 1458 468 1520 sustentare.
885 1456 982 1518 nocte
1003 1455 1074 1535 (Ps.
1090 1471 1157 1528 xci,
1183 1455 1229 1536 4).
1256 1457 1291 1517 Si
1313 1456 1425 1532 diligis
1448 1460 1562 1527 Deum,
1579 1455 1680 1516 iunde

88 1561 145 1619 Sua
157 1571 295 1632 corpora
305 1553 507 1630 castigantes
529 1554 607 1616 sunt
620 1553 677 1631 qui
691 1553 829 1631 sigiliis,
885 1552 1050 1630 lacrymas
1066 1555 1099 1614 et
1110 1553 1331 1614 dilectionem.
1349 1553 1435 1614 Filia
1447 1567 1526 1628 ergo
1542 1551 1678 1629 caleph,

56 1654 204 1716 laboribus
218 1651 490 1730 etjejuniisritia
503 1648 614 1712 carnis
627 1651 828 1723 modificant,
885 1650 981 1722 idest,
1014 1650 1169 1727 quelibet
1189 1651 1283 1726 virgo
1307 1649 1442 1710 humilis
1467 1650 1549 1726 petit
1572 1666 1591 1710 a
1612 1653 1680 1710 Deo

55 1752 125 1830 quod
147 1751 289 1812 iaciebat
311 1749 451 1821 Paulus,
475 1763 549 1811 cum
574 1749 725 1811 diceret:
747 1753 833 1812 Cos·-
886 1747 951 1808 duo
967 1747 1106 1824 irrigua,
1118 1748 1212 1820 idest,
1226 1748 1512 1824 compunctionem
1525 1763 1585 1824 pro
1598 1762 1680 1824 pec-

54 1853 107 1925 ugo
121 1861 241 1923 corpses
253 1862 381 1915 meane,
397 1848 483 1908 etta
496 1847 701 1908 seruitutem
711 1849 832 1922 redigo
886 1848 960 1907 cato
983 1845 1133 1917 delendo,
1160 1847 1193 1907 et
1214 1861 1273 1923 pro
1295 1845 1422 1907 celesti
1440 1861 1544 1921 regno
1566 1845 1683 1923 acqui-

54 1944 287 2025 (icor.1r‚27).
305 1943 458 2006 EtDavid
476 1965 483 2004 :
499 1945 627 2005 Factus
645 1959 725 2005 sum
742 1944 832 2004 εῖθιιῖ
886 1943 1000 2004 rendo.
1018 1943 1168 2004 Orationi
1183 1943 1346 2004 instantes
1357 1943 1500 2019 suntqui
1512 1942 1627 2004 diebus
1641 1957 1683 2004 ac

52 2044 117 2104 mer
129 2045 163 2102 tn
182 2046 314 2117 maten
334 2039 403 2120 (Ps.
421 2041 489 2112 118,
506 2039 571 2118 83).
599 2042 680 2102 Uter
700 2041 751 2102 θεῖ
774 2054 832 2101 co-
887 2040 1037 2103 noctibus
1050 2041 1241 2118 frequenter
1261 2040 1371 2102 devoti
1386 2043 1464 2102 sunt
1478 2039 1634 2100 laudibus
1648 2041 1682 2102 et

53 2141 125 2200 rium
148 2140 271 2200 mortui
290 2138 458 2209 animalis,
475 2137 508 2198 et
527 2136 694 2214 significat
712 2153 831 2214 corpus
886 2139 1102 2200 orationibus.
1126 2138 1250 2210 Quibus
1268 2139 1351 2200 dicit
1372 2137 1572 2215 Apostolus:
1594 2141 1683 2200 Oru-

52 2235 176 2298 bominis
186 2234 397 2306 abstinentis,
405 2235 462 2312 qui
473 2236 623 2298 mortuus
634 2237 685 2297 ost
695 2235 829 2306 mundo,
887 2238 972 2298 ttoni
993 2236 1131 2308 testate,
1145 2237 1329 2313 uigilantes
1342 2239 1380 2297 tn
1400 2251 1441 2298 ec
1455 2251 1534 2297 mun
1548 2234 1684 2313 gretie-

52 2334 99 2393 sed
112 2334 187 2394 sirit
198 2337 279 2404 Deo,
295 2333 371 2392 dum
385 2347 452 2393 non
469 2331 588 2409 querit
605 2333 758 2395 carnales
773 2333 831 2394 de·
886 2349 968 2395 rum
982 2334 1115 2396 actione
1126 2332 1265 2413 (Coloss.
1282 2349 1328 2405 rr,
1339 2331 1396 2422 β).
1421 2334 1460 2394 Εῖ
1478 2333 1654 2408 apostolus
1671 2353 1680 2392 z

53 2430 152 2502 licias,
180 2429 241 2492 sed
268 2431 471 2507 spirituales.
499 2430 590 2490 Talis
618 2431 693 2492 uter
716 2431 768 2492 est
796 2431 832 2491 in
887 2431 968 2493 Sine
983 2433 1239 2494 intermissione
1261 2433 1359 2492 orate
1374 2429 1404 2509 (Ι
1419 2431 1536 2491 Thess.
1561 2445 1595 2502 v,
1613 2427 1678 2509 17).

53 2528 167 2604 pruina,
183 2528 282 2600 idest,
308 2528 343 2588 in
358 2527 535 2604 refrigerio
547 2527 722 2600 castitatis,
741 2528 830 2605 quia,
888 2528 971 2600 Quia
986 2528 1073 2590 sicut
1084 2528 1164 2589 dicit
1177 2527 1323 2589 Jacobus
1336 2547 1343 2588 ε
1355 2529 1504 2590 Multum
1517 2527 1607 2590 natet
1621 2531 1682 2590 de-

54 2625 126 2686 siout
139 2626 185 2687 illi
200 2626 261 2704 qui
275 2625 426 2688 serviunt
446 2625 539 2686 carni
561 2641 621 2702 per
643 2625 831 2687 voluntates
884 2627 1039 2701 precatio
1046 2625 1138 2698 jusit
1151 2627 1293 2687 osmdua
1303 2622 1387 2703 (lac.
1399 2641 1433 2697 v,
1451 2624 1515 2704 16).

53 2722 135 2796 gula,
148 2723 298 2785 sentiunt
311 2724 346 2783 in
359 2717 480 2800 'copore
492 2737 551 2783 suo
562 2723 677 2800 spinas
688 2725 721 2785 et
733 2737 833 2800 pune-
928 2725 965 2783 ln
978 2723 1128 2784 oratione
1146 2722 1264 2798 vigilat
1277 2722 1334 2799 qui
1349 2721 1511 2784 sollicitus
1532 2722 1584 2784 est
1603 2722 1682 2784 dum

53 2819 145 2880 tiones
157 2820 315 2892 luxurie,
331 2820 377 2882 itu
392 2821 444 2881 illi
464 2820 521 2897 qui
536 2820 738 2882 abstinente
753 2820 834 2881 deli·
888 2820 972 2892 orat,
999 2835 1042 2882 ne
1066 2835 1163 2881 ranae
1182 2819 1399 2895 cogitationes
1424 2819 1491 2904 sint
1517 2819 1553 2881 in
1574 2819 1686 2881 mente

55 2916 235 2990 discernis,
261 2917 425 2979 evacuant
448 2917 601 2978 ardorem
617 2916 777 2990 libidinis,
800 2918 834 2979 et
888 2920 970 2994 ejus.
995 2916 1155 2979 Nonnulli
1169 2916 1257 2978 enim
1273 2919 1351 2978 sunt
1369 2917 1425 2994 qui
1439 2917 1603 2978 intrantes
1617 2919 1684 2978 Ec-

55 3013 225 3076 eliciuntur
240 3015 412 3076 sicututer
423 3015 457 3074 in
473 3015 604 3091 pruina,
620 3015 717 3086 idest,
733 3015 768 3074 in
783 3031 835 3077 re·
889 3014 1025 3076 clesiam
1039 3031 1148 3091 genua
1165 3014 1282 3090 ligent,
1298 3015 1335 3075 in
1349 3015 1511 3083 oratione,
1527 3014 1586 3074 sed
1600 3014 1685 3075 adeo

53 3107 173 3184 trigorio
186 3111 364 3184 castitatis,
376 3126 444 3172 non
456 3112 603 3172 sentiunt
623 3111 776 3173 ardorem
790 3112 835 3172 li·
889 3112 966 3173 sunt
975 3113 1052 3188 vagi
1066 3112 1101 3172 in
1116 3113 1279 3183 oratione,
1291 3111 1327 3174 ut
1340 3127 1402 3173 nec
1416 3111 1483 3188 ipsi
1496 3109 1686 3187 intelligant

54 3204 171 3268 bidinis.
195 3209 259 3270 Isti
290 3208 506 3284 designantur
533 3208 567 3269 in
589 3208 696 3270 Maria
720 3223 835 3270 sorore
889 3209 1013 3287 quidin
1027 3209 1311 3270 orationediuant.
1325 3209 1686 3270 UndeBedaszeuua

50 3305 166 3376 Aaron,
196 3321 275 3383 quae
301 3304 376 3381 post
404 3306 581 3366 transitum
611 3307 714 3366 maris
741 3305 834 3366 rubri
888 3307 946 3368 tua
961 3306 1144 3368 incurvasti
1166 3308 1202 3368 in
1219 3307 1321 3378 terra,
1350 3307 1382 3368 et
1406 3321 1500 3367 mens
1523 3307 1579 3368 tua
1604 3305 1686 3368 ioris

52 3403 176 3477 sumpsit
184 3405 392 3480 tympanum,
409 3403 442 3464 et
456 3405 595 3464 caeteras
614 3403 772 3464 mulieres
787 3403 835 3464 in·
891 3419 949 3480 per
970 3404 1103 3466 diversa
1115 3404 1316 3465 discurrit.»
1336 3404 1376 3464 st
1390 3403 1464 3464 ideo
1479 3404 1686 3479 vigilandum

51 3496 146 3558 ribus
166 3500 208 3560 ad
236 3499 434 3572 canendum,
464 3499 595 3561 dicebat
615 3522 622 3561 ι
649 3502 835 3562 Contentus
890 3502 941 3562 θεῖ
963 3502 997 3562 in
1012 3502 1174 3573 oratione,
1188 3503 1221 3563 et
1234 3501 1465 3576 ingratiarum
1482 3501 1613 3563 actione
1626 3517 1686 3578 pro

50 3596 181 3658 Domino
203 3600 354 3674 gloriose
371 3595 466 3675 (Gen.
485 3611 541 3669 xv,
562 3597 629 3676 20).
649 3599 836 3659 Transeunt
890 3599 1019 3662 collatis
1042 3599 1224 3660 beneflciis.
1254 3601 1325 3660 Duo
1356 3613 1499 3676 namque
1520 3598 1689 3676 pertinent

50 3703 130 3753 mure
153 3693 306 3762 rubrum,
323 3694 379 3770 qui
397 3709 455 3770 per
473 3693 671 3771 baptismum
686 3695 837 3757 sanctiti-
890 3696 1127 3758 adorationes.
1145 3696 1257 3757 Primo
1268 3696 1395 3771 gratias
1411 3695 1562 3770 agerede
1571 3695 1689 3772 praete·

51 3788 106 3848 eati
120 3793 205 3863 sunt,
215 3791 340 3852 debent
350 3791 542 3868 tympanum
551 3806 692 3864 sumere,
700 3807 834 3854 carnem
889 3792 963 3854 ritis
989 3792 1171 3865 beneflciis,
1202 3793 1237 3853 et
1258 3792 1466 3868 postmodum
1494 3793 1684 3869 supplicare

50 3899 113 3946 cum
138 3889 231 3950 vitiis
260 3888 294 3948 et
320 3887 599 3964 concupiscentiis
622 3889 833 3951 mortificare.
890 3889 1085 3967 profuturis
1109 3888 1217 3950 bonis.
1240 3880 1299 3950 Isti
1320 3889 1538 3966 designantur
1559 3889 1594 3951 in
1616 3889 1687 3952 filia

50 3980 122 4042 Nam
135 3986 333 4062 tympanum
344 3985 466 4046 mortui
482 3987 637 4048 animalis
648 3987 698 4048 θεῖ
708 3987 835 4048 corium
889 3986 1008 4064 Jepbte
1033 4002 1110 4064 quae
1130 3985 1260 4064 plauxit
1280 3987 1505 4063 virginitatem
1529 4003 1624 4048 suam
1648 3988 1686 4049 in

49 4076 78 4136 in
92 4079 177 4156 ligno
191 4085 381 4144 extensum.
399 4087 506 4145 Homo
523 4085 574 4145 θεῖ
594 4084 719 4144 animal
740 4100 834 4146 mor·
891 4083 1057 4146 montibus
1079 4084 1206 4146 duobus
1226 4084 1408 4156 mensibus,
1434 4086 1468 4148 et
1489 4086 1604 4162 postea
1627 4086 1687 4147 im·

50 4175 141 4249 tuum,
154 4179 185 4239 si
208 4180 488 4242 moriturseeculo
504 4181 633 4244 atrivit
648 4185 726 4254 Deo,
741 4185 836 4260 cuius
890 4183 1013 4244 melate
1038 4183 1088 4244 est
1110 4198 1131 4242 a
1150 4184 1244 4260 patre
1267 4183 1302 4243 in
1335 4179 1511 4244 sacrificio.
1533 4183 1686 4260 Virgini-

50 4274 174 4348 corium,
192 4277 296 4346 idest,
310 4291 387 4338 caro
405 4276 501 4339 debet
524 4278 658 4338 extendi
675 4279 710 4340 in
732 4279 834 4356 ligno,
891 4281 991 4341 tatem
1021 4295 1116 4340 suam
1144 4280 1282 4357 plangit,
1315 4280 1373 4356 qui
1397 4279 1496 4342 fldem
1521 4278 1688 4343 sinceram

50 4367 135 4442 idest,
163 4373 273 4449 affligi
306 4388 365 4450 per
393 4373 637 4436 abstinentiam.
671 4376 836 4452 virginali
890 4377 944 4438 vel
968 4378 1080 4438 carnis
1107 4378 1303 4439 munditiam
1335 4393 1410 4439 cum
1438 4378 1596 4454 lacrymis
1620 4381 1688 4440 Deo

49 4468 199 4531 munditia
224 4471 410 4532 renitentes
435 4471 523 4544 sunt,
549 4473 607 4548 qui
632 4473 681 4532 sic
704 4473 837 4535 madent
892 4473 1353 4536 recommendatinoratione.
1370 4474 1686 4536 Etbociltinmon-

50 4575 156 4640 corpus
171 4567 208 4627 in
222 4567 378 4629 castitate
390 4583 537 4640 servare,
554 4568 591 4629 ut
603 4569 715 4630 tamen
729 4571 836 4632 ruente
891 4571 990 4643 tibus,
1007 4571 1108 4642 idest,
1124 4571 1267 4632 incaelis
1287 4572 1365 4647 quia
1383 4572 1580 4649 quicumque
1600 4572 1685 4644 orat,

49 4673 98 4720 sua
112 4663 179 4725 Deo
195 4664 354 4726 studeant
369 4678 581 4737 conservare,
603 4667 639 4726 ut
654 4667 838 4744 sintvirgi-
892 4668 1127 4745 cogitationem
1152 4667 1247 4728 debet
1261 4666 1384 4728 babere
1406 4667 1442 4727 in
1462 4667 1566 4739 omlis,
1590 4669 1689 4730 etita

49 4770 98 4818 nes
112 4775 178 4822 uon
190 4761 303 4822 solum
318 4763 488 4823 car-nesed
503 4763 537 4824 et
557 4765 678 4825 mente.
699 4767 745 4826 De
763 4765 839 4842 qui·
893 4765 1029 4842 lingitur
1044 4765 1078 4826 in
1093 4766 1202 4826 mente
1216 4779 1287 4835 sua,
1309 4763 1404 4841 quasi
1422 4767 1511 4826 esset
1530 4765 1606 4826 ante
1625 4765 1691 4826 tri-

48 4851 98 4914 bus
116 4851 301 4934 Apostolus
327 4879 334 4919 ε
359 4863 486 4922 Mulier
514 4862 661 4934 innupte
678 4862 713 4923 et
738 4866 837 4940 virgo
892 4862 992 4923 bunal
1002 4861 1073 4923 Dei.
1088 4864 1129 4923 Et
1141 4861 1204 4923 boc
1214 4861 1251 4922 nt
1261 4861 1387 4922 duobus
1403 4861 1583 4934 mensibus,
1593 4862 1689 4924 ride-

48 4955 160 5027 cogunt
174 4969 257 5030 pure
268 4956 350 5016 sum
360 4959 510 5029 Domini,
522 4959 561 5018 ut
568 4958 616 5043 stt
629 4960 751 5020 sancte
759 4975 839 5022 cor-
892 4953 979 5031 lio'et,
1003 4960 1154 5021 oratione
1177 4961 1211 5020 et
1233 4959 1478 5035 deprecatione,
1500 4959 1540 5020 de
1566 4960 1686 5036 quibus

44 5061 119 5116 nore
130 5053 164 5113 et
179 5053 315 5128 spirite
329 5051 359 5131 (1
368 5055 447 5114 Gor.
463 5068 523 5126 vu,
539 5053 605 5133 34).
893 5057 996 5118 Dauid
1010 5059 1179 5129 :demedi
1192 5057 1504 5128 presumtiones
1514 5071 1642 5127 meam,
1656 5058 1690 5120 et

81 5145 169 5210 Siout
188 5147 318 5224 legitur
335 5149 371 5210 in
394 5152 598 5227 Euarrgslio:
621 5155 671 5215 Hi
689 5155 839 5228 suntque
892 5156 1144 5227 uedmpeoeerrs
1151 5153 1548 5227 enascatunemeeem
1559 5153 1687 5233 (Ρε.54,

48 5245 332 5308 mmmutiertbus
345 5261 416 5309 non
433 5249 515 5310 sunt
528 5251 749 5324 coinquinati,
764 5255 840 5312 ntr-
892 5250 938 5329 2).
953 5253 1033 5323 Quae
1044 5249 1129 5312 bene
1140 5249 1357 5327 designantur
1370 5267 1430 5329 per
1441 5267 1583 5314 menses.
1598 5253 1689 5315 Men·

46 5341 345 5416 stereometriam,
362 5345 743 5424 eseqeenturrgnum
755 5363 840 5422 guo-
894 5349 941 5408 sis
955 5347 1044 5409 enim
1059 5347 1182 5409 dicitur
1195 5363 1215 5408 a
1230 5363 1337 5421 mene,
1361 5349 1448 5426 quod
1468 5350 1518 5411 θεῖ
1529 5349 1687 5412 delectus.

47 5435 181 5512 cumpace
196 5441 284 5502 terit
300 5439 412 5518 (apoc.
433 5457 503 5514 xiv,
520 5440 566 5520 4).
581 5445 620 5506 m
634 5443 735 5506 alibi:
751 5446 839 5507 Sunt
895 5447 931 5506 ln
944 5441 1193 5507 omuibuseuim
1204 5445 1359 5522 operibus
1370 5446 1493 5508 nostris
1503 5446 1686 5509 deficimus.

47 5539 185 5599 currerit
194 5537 260 5610 eut
275 5551 312 5598 se
330 5538 575 5601 castraverunt
592 5542 739 5616 propter
759 5556 841 5620 reg·
895 5542 988 5606 Unde
1002 5543 1206 5620 Augustinus
1223 5563 1231 5604 :
1248 5559 1266 5602 ι
1281 5545 1384 5604 Orare
1397 5544 1526 5620 oportet
1539 5545 1575 5605 in
1587 5546 1691 5606 tribu·

47 5643 123 5692 ntem
142 5639 313 5696 caelorum
327 5634 459 5713 (Mattb.
477 5652 548 5709 xlx,
566 5637 630 5717 12).
649 5639 690 5700 Hi
706 5640 838 5715 signitl-
894 5640 1029 5714 latione,
1052 5641 1086 5702 et
1099 5640 1237 5706 laudare
1255 5643 1358 5704 Deum
1381 5641 1418 5700 in
1437 5641 1565 5714 laetitia,
1590 5643 1691 5720 atque
