3960 6304
255 297 295 357 ar
748 300 758 321 ·
870 293 1044 356 nononn
1065 291 1112 356 111
1133 292 1282 360 ornus.
1828 269 1869 374 'n

257 459 320 522 tuli
340 460 373 520 S.
395 456 509 520 Crucis
523 454 762 535 presbyterum,
779 455 813 516 et
833 456 872 518 R.
890 455 924 516 S.
937 453 1052 516 blariae
1107 454 1288 531 quemlibet
1308 470 1435 520 merces
1455 459 1653 522 mercenarii
1668 477 1766 541 usque
1783 481 1870 532 mane.

257 557 292 618 in
324 556 497 618 cosmedin
527 554 704 615 diaconum
732 551 937 624 cardinales,
962 567 1054 614 com-
1108 553 1214 624 Quum
1240 553 1342 630 igitur
1370 555 1510 618 dilectus
1531 557 1620 619 tilius
1644 561 1794 636 magister
1814 568 1872 626 Aa·

257 655 359 715 misso
374 655 423 715 eis
441 653 618 730 legationis
639 650 760 724 officio,
778 651 819 712 ad
841 666 899 738 eos
919 650 1053 727 propter
1107 649 1205 712 dreas
1229 652 1372 729 scriptor
1391 654 1505 714 noster
1529 654 1564 714 in
1593 657 1727 720 servitio
1749 660 1873 726 ecclesie

256 751 319 812 hoc
340 751 529 828 specialiter
552 749 741 822 destinavit,
756 748 821 826 ipsi
839 745 941 810 verbo
959 748 1052 824 pacis
1107 747 1360 810 vestraediutius
1371 749 1696 827 fideliterinsudarit,
1709 756 1873 834 frequenter

257 850 306 910 eis
328 865 347 910 a
371 847 596 911 cardinalibus
622 847 791 925 praedictis
814 845 996 908 efficaciter
1020 846 1053 908 et
1107 859 1167 922 pro
1182 845 1288 922 ipsius
1307 848 1450 923 negotiis
1473 848 1516 911 ad
1541 850 1657 912 Sedem
1680 855 1875 930 apostolicam

256 946 446 1023 prudenter,
462 947 633 1023 proposito
650 961 715 1006 non
727 945 871 1021 recepto,
888 943 1053 1020 contemp
1107 941 1168 1004 sub
1189 958 1309 1020 magno
1322 945 1514 1008 discrimine
1526 945 1719 1023 laborando,
1735 969 1790 1013 nec
1805 954 1835 1013 in
1846 971 1876 1016 ea

255 1045 297 1106 tis
317 1044 451 1105 monitis
471 1045 504 1105 et
518 1042 798 1120 prohibitionibus
817 1040 1050 1114 cardinalium,
1107 1040 1172 1101 sibi
1193 1041 1353 1104 hactenus
1378 1045 1421 1106 sit
1440 1045 1619 1122 provisum.
1646 1049 1875 1113 Universitatem
1957 1049 1962 1131 j

256 1142 453 1218 Papiensem
485 1143 609 1202 terram
642 1141 808 1202 hostiliter
840 1138 1049 1212 invaserunt,
1106 1139 1250 1200 vestram
1270 1140 1452 1216 rogandam
1476 1142 1622 1206 diximus
1636 1145 1671 1207 at
1692 1148 1875 1220 monendam,

253 1239 361 1316 ipsam
373 1239 601 1315 multipliciter
613 1238 832 1310 devastantes,
848 1237 883 1298 in
899 1237 958 1298 Dei
971 1253 1052 1298 con·
1106 1251 1166 1312 per
1197 1237 1388 1313 Apostolica
1413 1239 1509 1301 vobis
1543 1242 1667 1320 scripta
1695 1243 1876 1317 mandantes,

253 1339 424 1414 temptum,
441 1337 638 1414 Apostolieae
655 1335 749 1397 Sedis
764 1336 921 1412 injuriam
934 1336 967 1397 et
978 1351 1052 1396 sua·
1106 1334 1267 1408 qnatenus
1291 1334 1333 1396 ob
1351 1338 1573 1400 reverentiam
1594 1339 1788 1416 apostolica
1803 1343 1878 1404 Sedis

254 1449 329 1495 rum
357 1435 542 1511 periculum
568 1435 765 1495 animarum.
796 1435 937 1510 Propter
964 1431 1051 1510 quod
1106 1429 1138 1491 et
1152 1431 1311 1503 nostram,
1332 1433 1365 1494 at
1379 1433 1501 1496 intuitu
1523 1435 1662 1508 servitii,
1680 1437 1713 1499 et
1728 1437 1876 1514 probitatis

254 1531 441 1594 cardinales
455 1532 605 1610 praedicti
620 1531 752 1594 accensi
766 1531 836 1592 zelo
848 1529 999 1608 iustitiae,
1016 1531 1051 1592 in
1105 1527 1220 1603 ipsius,
1237 1529 1268 1589 ei
1284 1529 1494 1606 praebendam
1508 1548 1581 1610 qnae
1593 1533 1629 1594 in
1644 1534 1780 1614 praefata
1793 1537 1878 1598 eccle-

194 1703 198 1712 Ι
254 1630 432 1708 potestates
448 1629 600 1691 consules
616 1631 648 1692 at
667 1629 870 1708 principales
886 1628 1049 1691 consilia·
1105 1623 1155 1686 sia
1181 1624 1303 1688 dicitur
1328 1643 1417 1689 nuno
1444 1643 1576 1702 vacare,
1604 1629 1785 1694 liberaliter
1808 1634 1878 1694 assi·

254 1730 323 1789 rios
339 1729 529 1800 Mediolani,
547 1728 579 1790 et
593 1728 772 1790 Placentiae
788 1726 959 1789 civitatum
975 1741 1051 1788 auc·
1105 1722 1224 1796 gnatis,
1249 1723 1358 1801 ipsum
1379 1725 1549 1803 recipiatis
1575 1726 1617 1788 ad
1640 1728 1733 1790 illam
1747 1729 1782 1790 in
1795 1746 1879 1792 cano-
1959 1731 1960 1740 ’

253 1825 525 1904 toritatepraefati
536 1824 790 1902 praedecessoris
803 1825 909 1886 nostri
922 1838 1051 1886 excom·
1104 1819 1227 1892 uicum,
1243 1821 1275 1882 et
1295 1821 1330 1882 in
1346 1821 1493 1896 fratrem,
1519 1840 1646 1900 preces,
1663 1828 1697 1888 et
1711 1827 1879 1889 mandatum

221 1936 224 1942 ·
253 1923 490 1985 manicationis
514 1923 710 1984 sententiam
732 1923 993 2001 promulgarunt,
1017 1923 1051 1984 et
1104 1917 1255 1978 nostrum
1277 1917 1391 1980 taliter
1427 1920 1606 1998 impleturi,
1635 1923 1722 2002 quod
1747 1923 1827 1986 idem
1848 1924 1879 1986 ad

253 2021 405 2083 civitates
417 2021 550 2084 easdem
568 2019 1048 2098 supposueruntecelesiastico
1103 2015 1261 2083 vestrum,
1278 2015 1311 2077 et
1325 2017 1476 2080 ecclesiae
1494 2021 1616 2082 vestrm
1643 2021 1810 2083 servitium
1821 2021 1879 2082 for·
1957 2074 1960 2083 .

252 2119 439 2196 interdicto.
456 2121 579 2182 Verum
597 2119 676 2197 quia
690 2119 791 2180 iidem
804 2117 839 2178 in
854 2118 957 2179 maris
972 2116 1050 2179 alti-
1102 2110 1170 2171 tius
1186 2111 1361 2188 obligetur,
1375 2115 1408 2176 et
1423 2114 1463 2175 de
1485 2115 1600 2178 labore
1615 2133 1676 2180 suo
1697 2119 1880 2180 commodum

129 2227 134 2236 “
251 2217 400 2279 tudinem
423 2217 606 2287 venientes,
629 2216 734 2294 ipsius
759 2216 835 2279 sunt
855 2214 1049 2292 tempestate
1103 2207 1256 2270 videatur
1269 2211 1469 2287 reportasse,
1487 2229 1613 2292 nosque
1635 2215 1844 2288 devotionem,
1856 2217 1882 2277 et

253 2314 396 2376 demersi
408 2336 416 2389 3
434 2316 470 2376 ut
490 2315 604 2376 oculos
620 2330 698 2376 suos
719 2313 867 2376 statuant
880 2313 1048 2374 decimare
1103 2303 1336 2370 liberalitatem
1347 2309 1493 2372 vestram
1506 2311 1672 2389 possimus
1687 2313 1800 2376 mefiio
1812 2329 1881 2376 colli·

251 2413 287 2473 in
313 2413 438 2474 terram
466 2412 499 2474 et
526 2428 593 2474 non
618 2412 834 2489 respicientes
858 2410 899 2472 ad
928 2411 1047 2473 coelum
1102 2403 1269 2466 mendara.
1286 2405 1403 2467 Datum
1419 2407 1586 2483 Laterani,
1603 2411 1746 2473 Vllidus
1761 2413 1881 2489 sepiem-

251 2509 359 2570 adbuc
371 2511 406 2570 in
422 2527 481 2572 sua
497 2511 704 2572 contumacia
720 2510 935 2586 perseverant
950 2532 958 2585 ;
986 2525 1047 2571 nos
1102 2499 1184 2574 bris,
1196 2518 1228 2580 p·
1242 2519 1276 2564 n.
1293 2518 1381 2566 anno
1395 2505 1419 2565 1·

250 2605 406 2683 praefatas
440 2607 621 2668 sententias
650 2607 902 2678 confirmantem
929 2621 1047 2666 manus

249 2703 381 2765 nostras
401 2703 435 2763 in
455 2719 512 2765 eos
528 2704 684 2765 duximus
696 2703 940 2780 aggravandas,
960 2719 1048 2780 prae-
1454 2684 1548 2771 XIX

251 2801 412 2878 cipiantes
433 2801 612 2878 potestates
628 2801 660 2863 et
674 2801 895 2873 consiliarios,
917 2817 1047 2862 necnon

251 2897 285 2958 et
307 2897 501 2959 societatum
523 2898 699 2976 magistros
714 2897 884 2960 civitatum
898 2898 1046 2975 ipsarum

251 3011 312 3070 per
325 2994 427 3056 totam
446 2995 678 3057 Lombardiam
695 2995 836 3071 singulis
855 2993 970 3056 diebus
986 2994 1047 3056 do-
1406 2974 1439 3032 ¹3
1451 2982 1524 3048 ⁸01³&
1542 2976 1620 3036 ¹²¹⁶·

250 3091 384 3153 minicia
407 3093 440 3155 et
467 3093 611 3166 festivis,
640 3093 779 3172 pulsatis
810 3092 980 3169 campanis
1014 3091 1046 3154 et
1149 3093 1299 3158 [bonesen.
1317 3095 1486 3161 1,spet.lm.
1500 3097 1838 3164 malmesmeriensis]

251 3189 398 3250 candelis
418 3191 579 3260 accensis,
596 3189 899 3253 excommunicatos
914 3189 1045 3266 publice

250 3286 409 3349 nuntiari.

1236 2861 1289 2920 Ad
1302 2862 1498 2937 episcopum
1511 2863 1763 2928 Biterreesem.

1099 3235 1241 3310 Episcopo
1258 3239 1411 3297 Biterrensi
1436 3241 1634 3313 possessiones
1658 3243 1808 3316 quasdam,
1829 3257 1881 3318 que

1124 3331 1125 3336 ’
1178 3324 1215 3383 ad
1229 3327 1318 3400 ipsius
1331 3328 1483 3386 ecclesiam
1494 3337 1633 3403 spectant,
1648 3333 1808 3392 confirmat.

580 3457 713 3544 XVIII
1138 3471 1317 3545 Honorius,
1333 3473 1408 3546 etc,
1422 3473 1607 3536 venerabili
1628 3473 1728 3538 fratri
1743 3477 1880 3556 episcopo

1098 3567 1292 3629 Biterrensi.

321 3647 374 3706 Ad
392 3645 685 3719 arcniepiscopnm
704 3644 968 3706 Billtf'issssiwssm·
1097 3665 1240 3751 'iustis
1268 3665 1450 3744 petentium
1475 3668 1652 3733 desideriis
1679 3673 1814 3750 dignum
1839 3671 1882 3732 est
1962 3632 1966 3643 .

551 3757 654 3830 lsepl.
672 3757 750 3815 1216.
1098 3777 1159 3824 nos
1181 3762 1314 3825 facilem
1337 3764 1486 3840 praebere
1510 3783 1728 3842 consensum,
1753 3771 1785 3832 et
1802 3769 1878 3840 vota,

250 3879 431 3948 [regenne.
445 3881 466 3944 1,
479 3879 524 3930 nl.
537 3879 689 3945 enpanti.
700 3881 757 3931 uss.
772 3871 888 3932 nabore
903 3880 939 3932 aa
949 3879 1043 3947 ruere]
1098 3875 1171 3936 (111ae
1197 3875 1217 3922 a
1245 3861 1385 3923 rationis
1417 3864 1551 3926 tramite
1587 3881 1654 3927 11011
1689 3865 1878 3938 discordant,

1097 3956 1217 4020 effectu
1259 3961 1478 4036 prosequente
1522 3962 1701 4040 complere.
1738 3967 1877 4042 Eaprop·

247 4023 470 4095 Archiaplscopo
485 4021 652 4080 bituricensi
671 4021 797 4090 mandat,
819 4029 851 4080 ut
873 4023 902 4079 in
921 4023 1042 4080 ecelesia
1097 4054 1162 4128 ter,

404 4113 409 4124 ,
875 4111 880 4122 ,
950 4111 955 4122 ,
1184 4056 1387 4118 venerabilis
1407 4056 1526 4131 frater,
1545 4059 1665 4133 locum,
1688 4062 1747 4139 qui
1770 4063 1881 4123 dicitur

283 4111 483 4212 ⁸¹¹³.⁸d⁸¹g¹¹‘.³²
497 4109 679 4210 P‘aebfflidam
692 4108 814 4211 {inm
827 4112 1043 4210 mimmii*
1096 4153 1247 4214 Castrum
1262 4169 1382 4216 novum
1410 4156 1444 4217 et
1464 4157 1577 4218 Vilare
1594 4157 1634 4220 de
1658 4159 1813 4222 Liveran.
1828 4156 1879 4218 bo-

282 4200 392 4268 siollco,
417 4214 466 4271 qul
480 4197 574 4256 eadem
597 4205 759 4255 inservient
781 4198 911 4255 eeclesia
936 4197 1042 4256 diutina
1386 4200 1394 4227 '

284 4286 413 4346 piene„
1095 4248 1222 4311 variam
1251 4250 1291 4312 de
1315 4252 1507 4326 Cassiliaco,
1532 4255 1724 4318 molendina
1749 4257 1790 4317 de
1814 4254 1880 4316 Cal.

1094 4349 1181 4419 veto‚
1198 4363 1238 4409 ac
1256 4347 1417 4410 bonorem
1437 4350 1526 4412 villae
1555 4351 1596 4413 de
1619 4355 1736 4426 Parez,
1755 4356 1811 4432 jns
1834 4353 1881 4413 in·

286 4432 464 4504 Honorius,
490 4431 564 4504 ete,
587 4430 770 4493 venerabili
789 4431 885 4494 fiairi
908 4433 1041 4495 archie-
1095 4461 1194 4522 super
1228 4446 1420 4523 acquirendi
1461 4447 1502 4508 de
1538 4448 1643 4512 feodis
1685 4449 1880 4516 vicecomitis

246 4541 379 4620 piscopo
395 4538 427 4600 et
441 4538 570 4600 dilectis
590 4537 667 4598 filiis
689 4537 815 4600 decano
839 4538 872 4600 et
895 4538 1039 4616 capitulo
1093 4540 1256 4602 Biterren.
1268 4542 1460 4604 vicecomite
1470 4542 1802 4607 inconsultoaclarae
1817 4559 1878 4606 me-

244 4637 454 4701 Bituricensi.
1094 4637 1207 4698 moriae
1230 4640 1289 4699 Ro.
1313 4637 1506 4700 vicecomite
1522 4639 1685 4702 Biterren.
1700 4658 1721 4702 a
1735 4644 1771 4703 Τ.
1788 4641 1878 4702 fratre

286 4737 321 4798 Si
334 4751 393 4814 pro
422 4734 489 4795 illis
511 4733 606 4794 vobis
634 4747 749 4810 preces
772 4733 984 4809 porrigimus,
1007 4736 1039 4798 et
1092 4734 1197 4811 ipsius
1209 4734 1303 4797 bonae
1320 4735 1487 4796 memoriae
1508 4739 1545 4797 B.
1562 4738 1802 4813 praedecessori
1815 4739 1874 4806 tuo,

244 4834 402 4895 mandata
423 4846 562 4909 qnorum
585 4831 734 4892 Ecclesia
758 4831 869 4892 vestra
891 4831 1037 4896 fidelita-
1093 4831 1125 4893 et
1138 4831 1362 4894 ecclesiaesibi
1377 4833 1561 4894 commisse
1574 4849 1779 4909 concessum,
1791 4833 1878 4912 prout

244 4932 310 4994 tem
325 4930 358 4991 et
372 4928 544 4990 servitium
559 4928 609 4988 est
624 4927 773 5004 exparte,
793 4928 886 4992 tanto
905 4945 964 4992 vos
984 4929 1037 4991 fa·
1092 4931 1126 4991 in
1150 4945 1264 4991 eorum
1286 4929 1406 4992 litteris
1427 4929 1559 5006 plenius
1583 4932 1783 5006 continetur,
1799 4947 1835 4994 ae
1847 4931 1877 4992 tu

244 5028 379 5090 citiores
394 5025 435 5087 ad
457 5025 686 5087 executionem
705 5025 853 5102 ipsorum
872 5026 1037 5089 credimus
1093 5042 1132 5089 ea
1147 5028 1259 5088 omnia
1276 5027 1366 5104 juste
1387 5027 1548 5104 possides,
1571 5029 1604 5090 et
1628 5030 1749 5106 quiete,
1775 5031 1876 5092 tibist

243 5125 407 5196 invenire,
433 5123 557 5200 quanto
585 5122 691 5197 magis
720 5123 873 5198 congruit
899 5125 1034 5197 rationi,
1092 5141 1151 5201 pro
1171 5124 1204 5186 te
1223 5123 1287 5202 ipsi
1311 5125 1462 5186 ecclesiae
1487 5126 1876 5204 auctoritateltpostolica

242 5222 414 5300 utignotis
433 5221 504 5283 noti
527 5219 668 5282 debeant
685 5220 854 5294 anteferri,
878 5237 939 5284 nec
963 5239 1043 5285 esse
1091 5221 1337 5294 confirmamus
1362 5222 1395 5284 et
1412 5223 1588 5300 praesentis
1604 5225 1718 5302 scripti
1741 5223 1877 5302 patroci-

240 5323 339 5384 vacui
362 5319 503 5382 debeant
521 5335 542 5379 a
562 5317 714 5380 mercede
741 5320 798 5396 qui
819 5320 947 5397 pondus
968 5321 1035 5384 diei
1091 5320 1146 5382 nio
1168 5319 1420 5382 communimus.
1441 5319 1534 5382 Nulli
1556 5335 1647 5398 ergo,
1667 5321 1742 5393 etc,
1764 5323 1875 5384 nostrae

241 5422 274 5484 et
299 5421 399 5482 aestus
416 5417 611 5496 supportare
632 5418 824 5490 noscuntur,
854 5434 954 5495 quum
980 5435 1036 5482 se-
1090 5416 1362 5490 conflrmationis,
1379 5417 1441 5479 etc.
1462 5417 1582 5496 Siquis
1597 5419 1718 5489 autem,
1737 5421 1797 5481 otc.
1812 5421 1873 5479 lla-

238 5517 382 5581 cundum
406 5516 512 5593 legam
534 5513 682 5577 divinam
703 5530 740 5576 os
763 5513 841 5577 bovi
863 5515 1034 5580 trituranti
1088 5519 1158 5579 tum
1182 5514 1350 5591 Laterani,
1365 5514 1411 5576 id.
1441 5515 1635 5592 septembris
1665 5515 1771 5580 nostri
1793 5527 1873 5578 anno

238 5633 305 5678 non
336 5613 455 5677 debeat
480 5612 624 5690 alligari,
653 5627 714 5676 nec
737 5627 913 5676 remanere
946 5615 1032 5693 apud
1088 5615 1205 5693 primo.
