3994 6326
264 280 305 342 59
729 265 906 330 HONORII
927 263 973 327 III
994 261 1144 325 OPERA.
1160 289 1198 304 ·-
1214 259 1447 340 SERMONES.
1860 260 1894 322 do

212 435 215 440 ’
266 437 433 518 parturire
446 437 478 499 et
491 447 620 512 parere.
632 429 783 508 Concipit
793 443 935 506 namque
952 423 1059 488 tidelis
1112 419 1226 483 radice
1240 421 1334 484 tasse
1348 417 1498 482 ascendit
1508 416 1543 480 in
1553 417 1657 480 altum
1672 415 1812 496 quidem,
1821 418 1893 498 quod

266 538 378 599 anima
394 533 559 596 Christum
575 545 635 608 per
647 529 756 601 fidem,
774 526 954 590 secundum
973 523 1058 602 quod
1113 519 1293 597 assumpsit
1305 517 1485 595 primitiam
1496 517 1619 579 nostrae
1632 531 1761 586 massae,
1773 533 1810 578 eo
1821 517 1893 594 quod

266 634 337 712 ipse
352 632 453 694 dicit:
479 632 542 698 out
562 627 683 703 fecerit
707 614 918 688 uoluntatem
938 622 1060 684 Patris
1113 619 1284 695 ingressus
1302 618 1339 678 in
1360 615 1518 677 mundum
1540 617 1613 676 sine
1628 614 1768 687 macula,
1785 615 1816 676 et
1828 631 1894 692 pec-

265 735 345 804 mct,
374 732 432 805 pat
457 732 495 790 ta
516 729 610 790 coetts
630 725 693 794 est,
718 727 791 799 tpsc
809 737 908 784 maus
932 721 1057 795 frater,
1113 715 1223 778 catum
1238 731 1304 777 non
1319 715 1407 788 fecit,
1425 730 1487 776 nec
1508 715 1664 776 inventus
1681 712 1775 774 dolus
1796 714 1895 773 inore

262 844 375 901 soror,
396 828 431 890 ct
446 827 561 888 mater
575 825 628 887 ast
643 822 749 903 (Matt.
776 817 918 902 x11,50).
939 817 1061 881 Partu-
1113 816 1196 892 ejus.
1225 813 1341 875 Turris
1369 812 1536 890 significat
1562 811 1793 882 humilitatem,
1822 809 1894 888 quod

219 927 221 932 ’
262 929 308 990 rit
335 926 563 1004 proximorum
584 920 857 999 compassionem,
874 917 1060 996 ¹secundum
1115 911 1201 973 sicut
1214 911 1316 974 turris
1339 911 1446 988 surgit
1460 911 1493 973 et
1507 910 1659 972 elevatur
1676 909 1712 970 in
1734 909 1842 979 altum,
1856 907 1896 968 ita

263 1025 350 1104 quod
373 1024 420 1086 ait
445 1021 644 1100 Apostolus:
675 1021 756 1086 Quis
783 1016 996 1091 tuttrrnatur,
1026 1015 1061 1077 ct
1113 1009 1310 1071 humilitatis
1340 1024 1471 1086 semper
1493 1007 1662 1070 exaltatur
1686 1006 1772 1083 apud
1795 1007 1895 1066 Deum.

264 1139 326 1201 eqo
340 1137 410 1184 aba
424 1123 587 1194 infirmor
599 1116 644 1198 (ΙΙ
655 1119 729 1179 Gor.
741 1131 778 1188 11,
793 1113 859 1195 29).
874 1113 967 1175 Parit
979 1127 1059 1174 vero
1113 1109 1199 1170 Nam
1214 1107 1300 1169 sicut
1312 1106 1437 1170 veritas
1450 1105 1530 1168 dicit
1544 1127 1551 1166 ε
1569 1108 1686 1169 Omnis
1698 1107 1756 1180 qut
1769 1119 1805 1166 se
1818 1107 1898 1165 ram·

262 1239 321 1300 per
344 1221 465 1282 bonam
480 1218 716 1296 operationem.
733 1213 828 1276 Unde
849 1213 885 1273 in
904 1215 1059 1287 Evange-
1113 1206 1165 1266 tat
1178 1206 1427 1278 permutabitur,
1448 1204 1482 1266 et
1502 1207 1560 1278 qut
1576 1219 1614 1265 sc
1630 1199 1797 1274 demittat,
1814 1205 1898 1262 ecut-

264 1320 309 1382 lio
323 1337 330 1375 :
346 1319 527 1382 statement
546 1321 609 1378 tusc
624 1316 791 1377 cestra...
814 1309 921 1392 (Matt.
937 1327 969 1385 v,
994 1307 1058 1390 16.)
1114 1304 1245 1365 tabitur
1269 1299 1363 1382 (Luc.
1386 1318 1481 1371 xvm,
1508 1301 1572 1381 14).
1601 1300 1703 1364 Juxta
1728 1299 1812 1377 quod
1836 1298 1897 1374 ipsa

303 1417 479 1494 conceptio
499 1396 609 1477 autem
630 1413 667 1476 lit
679 1428 698 1474 a
710 1412 829 1474 timore
843 1409 985 1482 Domini,
1003 1408 1061 1486 qui
1113 1400 1215 1476 Virgo
1233 1399 1375 1463 testatur
1393 1399 1580 1475 :neposatt
1590 1399 1748 1474 potentes
1767 1399 1806 1458 de
1819 1398 1896 1466 seda,

263 1517 314 1578 est
327 1513 527 1593 principium
540 1511 631 1584 boni,
649 1509 681 1572 et
691 1513 796 1588 janua
819 1505 1058 1569 conversionis.
1113 1497 1147 1560 et
1172 1498 1341 1562 exultauit
1368 1501 1523 1560 bumttes.
1552 1498 1598 1558 De
1627 1494 1695 1556 illis
1724 1492 1898 1572 potentibus

265 1611 357 1672 Sicut
370 1623 489 1671 novem
511 1605 681 1668 mensibus
696 1603 847 1682 portatur
859 1603 878 1664 J
881 1617 957 1664 esus
977 1616 1059 1662 con·
1113 1595 1260 1674 loquitur
1275 1595 1377 1657 Beata
1389 1596 1504 1671 Virgo,
1519 1594 1576 1672 qui
1591 1609 1656 1655 non
1671 1589 1898 1668 recognoscunt

263 1706 388 1783 ceptus
423 1702 471 1764 sic
503 1701 625 1763 bonum
658 1697 862 1777 propositum
894 1711 962 1758 non
994 1695 1060 1757 cito
1112 1693 1252 1756 virtutes
1264 1709 1346 1772 quas
1356 1693 1481 1755 habent
1489 1708 1550 1770 per
1559 1691 1706 1752 divinam
1719 1689 1895 1767 potentiam,

263 1801 389 1880 profert
411 1802 533 1878 justus,
565 1799 622 1860 sed
650 1797 757 1859 nutrit
789 1792 1003 1856 deliberando
1029 1795 1061 1854 et
1114 1791 1179 1853 nisi
1204 1807 1265 1870 per
1291 1807 1369 1854 suas
1396 1791 1549 1854 virtutes.
1579 1791 1626 1851 De
1658 1788 1732 1850 istis
1764 1787 1898 1864 loquitur

261 1899 505 1963 rationabiliter
536 1894 845 1973 circumspiciendo.
879 1891 971 1965 Quod
996 1890 1061 1952 ali·
1113 1889 1272 1952 Dominus
1292 1905 1352 1968 per
1372 1889 1552 1953 teremiam
1574 1908 1583 1948 ε
1605 1903 1624 1947 a
1647 1887 1723 1948 Non
1749 1884 1898 1962 gloriatur

263 1997 393 2077 quando
419 1997 456 2059 fit
483 2011 543 2074 per
570 2010 696 2056 moram
719 1991 877 2069 temporis
899 1988 1057 2062 diuturni,
1113 1989 1285 2066 «sapiens
1308 1987 1344 2048 in
1367 1987 1532 2064 sapientia
1557 2001 1634 2058 sua,
1657 1999 1719 2046 nec
1752 1983 1843 2045 fortis
1868 1983 1898 2042 in

262 2095 442 2174 aliquando
466 2093 630 2155 momento
654 2090 758 2152 brevi.
781 2088 910 2150 Primus
936 2082 1059 2148 mensis
1113 2085 1344 2148 «fortitudine
1373 2100 1445 2158 sua,
1473 2099 1534 2146 nec
1560 2085 1676 2161 potens
1702 2083 1739 2143 in
1765 2078 1898 2158 potentia

263 2196 324 2266 est,
335 2191 493 2270 quidquid
509 2191 656 2253 ablatum
671 2189 723 2250 est
734 2186 861 2259 fraude,
871 2185 1058 2247 restituere.
1113 2199 1132 2245 ο
1152 2198 1223 2257 sua,
1238 2199 1300 2245 nec
1318 2182 1410 2244 divas
1426 2182 1463 2243 in
1481 2181 1607 2244 divitiis
1626 2181 1706 2253 suis,
1724 2179 1782 2241 sed
1797 2179 1898 2239 innoc

262 2290 433 2354 Secundus
447 2287 697 2367 superaddendo
709 2285 905 2347 henedcere.
915 2281 1057 2353 Tertius,
1113 2298 1132 2342 a
1151 2281 1324 2358 glorietur,
1338 2281 1395 2359 qui
1407 2281 1571 2356 gloriatur
1585 2281 1670 2341 scire
1683 2281 1716 2340 et
1729 2293 1826 2340 nosse
1840 2291 1896 2347 me,

262 2389 474 2452 dilectionem
506 2387 614 2460 illius,
652 2400 749 2463 quem
781 2399 842 2445 sua
879 2379 1059 2443 auferendo
1113 2379 1240 2457 «quod
1264 2394 1325 2454 ego
1349 2395 1423 2440 sum
1447 2378 1606 2440 Dominus
1632 2375 1714 2456 (ter.
1740 2392 1789 2448 rx,
1810 2372 1899 2452 23).s

262 2486 483 2563 exasperavit,
504 2483 675 2545 humiliter
693 2481 877 2559 acquirere.
903 2477 1058 2550 Quartus,
1114 2478 1197 2549 Quia
1216 2476 1302 2538 sicut
1321 2475 1400 2539 dicit
1418 2476 1615 2553 Apostolus:
1641 2476 1705 2542 Qut
1725 2471 1897 2551 gtortatar,

264 2585 396 2645 domino
423 2585 517 2661 cujus
541 2583 598 2643 ille
624 2597 739 2642 servus
767 2580 828 2647 est,
854 2577 1057 2648 satisfacere,
1114 2578 1151 2637 ta
1168 2577 1315 2636 Domino
1338 2575 1508 2652 gloriatur
1528 2571 1650 2652 (icor.
1673 2587 1697 2645 1,
1717 2570 1784 2650 31).
1809 2568 1899 2632 Beata

264 2683 361 2755 idest,
374 2685 441 2742 Deo
456 2681 510 2742 cui
528 2678 691 2742 satisfacit
705 2677 835 2755 quaudo
851 2676 920 2736 suis
933 2673 1062 2736 debito-
1113 2671 1214 2748 Virgo
1238 2688 1305 2734 non
1332 2671 1538 2748 gloriabatur
1560 2671 1596 2732 in
1620 2669 1826 2746 virginitate,
1850 2665 1900 2728 sed

264 2781 357 2842 ribus
381 2779 526 2852 dimittit,
543 2779 629 2840 siout
642 2778 676 2840 et
690 2775 840 2838 Christus
861 2773 996 2836 dimittit
1016 2773 1059 2834 ei.
1113 2770 1149 2832 in
1161 2770 1346 2834 bumilitate
1364 2770 1478 2832 dicens
1493 2791 1500 2830 ε
1515 2771 1603 2837 Quia
1622 2768 1781 2843 respexit
1794 2766 1901 2829 tumt-

264 2878 348 2938 Ecce
371 2874 455 2936 illud
485 2873 705 2952 quadruplum
734 2870 878 2944 Zachaei,
904 2872 937 2932 et
959 2869 995 2930 in
1017 2867 1060 2929 iis
1113 2869 1246 2931 litatem
1277 2872 1409 2931 aamttca
1437 2868 1740 2941 subamarum
1775 2879 1821 2926 cac
1847 2866 1901 2924 boc
1961 2909 1962 2930 .

265 2970 408 3048 quatuor
426 2971 476 3032 est
490 2970 633 3048 J'ustitia.
654 2970 692 3030 Ιη
707 2967 824 3045 quarto
843 2981 956 3026 mense
979 2978 1062 3042 puer
1115 2969 1249 3030 baatma
1284 2983 1340 3030 me
1374 2967 1489 3030 dicarat
1521 2979 1641 3029 omncs
1670 2963 1901 3044 generationes

264 3067 300 3129 in
326 3069 419 3130 utero
443 3068 561 3145 incipit
590 3067 714 3129 vivere.
753 3064 808 3126 Sic
840 3063 994 3141 peccator
1025 3061 1061 3121 in
1115 3063 1209 3145 (Luc.
1225 3082 1249 3140 1,
1266 3065 1332 3145 48).
1961 3061 1962 3142 g

263 3166 451 3244 expletione
471 3164 610 3242 justitiae
634 3163 749 3241 postea
769 3162 891 3224 transit
913 3160 954 3222 ad
976 3174 1060 3236 pru·
1154 3164 1261 3226 Etiam
1276 3164 1317 3225 de
1337 3162 1411 3226 istis
1429 3161 1618 3241 potentibus
1637 3161 1762 3237 legitur
1775 3161 1810 3221 in
1824 3160 1900 3221 libra

264 3262 409 3332 dentiam
425 3261 637 3323 deliberando
657 3258 735 3338 quid
753 3258 863 3326 liceat,
882 3256 960 3335 quid
981 3271 1059 3328 non,
1114 3265 1258 3339 Rapum,
1273 3278 1349 3324 cum
1365 3260 1494 3323 locutus
1510 3260 1561 3323 est
1583 3259 1743 3321 Dominus
1765 3257 1806 3320 ad
1827 3259 1903 3318 sau·

265 3360 343 3438 quid
372 3360 527 3438 expediat
554 3358 633 3436 quid
667 3373 754 3434 n0n3
789 3355 917 3418 Scilicet
950 3356 1061 3416 utl'llm
1114 3360 1182 3422 lem
1200 3361 1374 3422 :qNonne
1389 3375 1464 3421 oum
1484 3357 1642 3436 parvulus
1664 3373 1756 3420 esses
1775 3357 1810 3418 in
1831 3369 1904 3416 0011-
1961 3379 1962 3424 j

264 3458 364 3521 liceat
378 3459 414 3519 in
430 3457 552 3520 sacculo
566 3470 750 3528 remanere,
770 3470 813 3516 an
832 3455 944 3516 votum
966 3469 1061 3514 suum
1115 3473 1134 3518 s
1158 3458 1201 3519 lis
1222 3457 1307 3531 tuis,
1336 3459 1435 3534 caput
1454 3456 1488 3519 te
1512 3455 1668 3518 constitui
1695 3456 1729 3516 in
1749 3451 1902 3516 Tribulus

264 3557 410 3634 explere.
429 3556 493 3618 Sed
506 3554 639 3633 expedit
651 3554 803 3616 omnibus
814 3551 1060 3642 abrenuntiare,
1115 3573 1135 3616 ο
1155 3557 1271 3618 Israel.
1294 3571 1314 3616 a
1335 3558 1405 3617 Hoc
1420 3555 1471 3616 cst
1485 3554 1597 3616 dicere
1611 3575 1618 3614 ε
1634 3553 1772 3627 Quando
1786 3554 1821 3616 tu
1835 3564 1902 3612 eras

266 3655 299 3717 et
330 3656 380 3718 est
408 3655 542 3733 quintus
577 3653 702 3714 mensis
737 3651 848 3713 omnia
883 3649 1060 3712 dimittere.
1115 3669 1238 3732 parvus
1249 3652 1336 3731 apud
1352 3655 1396 3726 te,
1412 3653 1498 3714 idest
1517 3651 1653 3713 humilis
1669 3652 1701 3714 et
1717 3651 1902 3712 mansuetus
1961 3693 1962 3696 ¹

264 3753 400 3827 Sextus,
429 3754 539 3814 utrum
570 3751 660 3812 solus
686 3767 730 3811 an
755 3766 830 3812 cum
857 3749 932 3811 aliis
958 3748 1059 3820 vivat,
1115 3752 1171 3814 tua
1197 3751 1429 3824 aestimatione,
1451 3751 1531 3813 ωηο
1552 3765 1628 3812 eras
1656 3765 1798 3826 magnus
1824 3743 1902 3824 apud
1961 3727 1962 3794 3

264 3848 459 3911 deliberare.
486 3849 550 3911 Sed
573 3849 682 3910 Maria
703 3848 763 3908 sub
783 3847 907 3925 loseph
919 3846 1059 3924 peperit,
1116 3866 1184 3926 me;
1199 3850 1297 3912 modo
1309 3849 1420 3910 autem
1440 3847 1526 3926 quod
1547 3862 1686 3924 maguus
1702 3861 1738 3908 es
1750 3847 1787 3908 in
1807 3842 1902 3908 oculis
1961 3841 1962 3846 ’

263 3946 311 4008 ita
336 3946 394 4007 sub
423 3947 581 4022 magistro
608 3960 682 4008 esse
708 3944 851 4022 expedit,
874 3944 953 4006 licet
975 3942 1062 4020 quod
1115 3947 1182 4022 mis
1206 3947 1264 4009 tua
1290 3947 1519 4019 aestimatione,
1542 3945 1714 4022 despectus
1736 3961 1773 4006 es
1799 3955 1902 4005 coram
1961 3967 1962 3970 ¹

263 4044 371 4105 solum
391 4060 465 4105 esse
488 4059 554 4105 non
576 4042 719 4120 expedit,
745 4041 831 4119 quod
857 4057 908 4103 vae
932 4041 1006 4113 soli,
1033 4039 1062 4102 si
1115 4061 1178 4106 me.
1194 4043 1287 4107 Unde
1302 4044 1443 4121 legimus
1464 4044 1500 4104 in
1513 4043 1659 4105 canticis
1673 4043 1902 4105 canticorum:

264 4142 423 4204 ceciderit
436 4157 503 4204 non
517 4140 617 4202 habet
635 4140 872 4208 sublevantem.
897 4140 1062 4217 Septimus
1114 4146 1158 4204 th
1178 4143 1297 4206 arctato
1317 4157 1394 4204 uteo
1417 4144 1562 4218 quaesivi
1581 4156 1649 4217 par
1668 4143 1787 4204 coctas
1810 4151 1903 4216 quara

265 4240 376 4301 utrum
398 4239 580 4302 canonicus
604 4238 658 4300 vel
679 4238 861 4299 monachus
883 4237 956 4311 flat,
981 4253 1063 4300 exa·
1115 4240 1356 4318 dtttpttarttma
1368 4255 1448 4302 mea
1463 4237 1570 4317 (Cant.
1590 4254 1614 4312 1,
1630 4237 1676 4319 3).
1691 4238 1846 4302 Lectulus
1861 4234 1904 4296 si-

264 4338 403 4399 minare.
448 4339 592 4400 Octavus
626 4336 735 4398 locum
770 4336 904 4413 eligere.
946 4337 1061 4398 Nonus
1115 4337 1252 4415 gnificat
1268 4354 1326 4400 cor
1338 4337 1482 4399 hominis
1497 4336 1601 4414 quieti
1616 4337 1649 4398 et
1663 4329 1903 4414 pacifici;quod

265 4435 446 4497 claustrum
471 4434 613 4508 intrare,
640 4434 725 4513 quod
749 4436 828 4495 tunc
864 4433 960 4511 parit,
983 4433 1062 4495 tunc
1115 4437 1201 4499 sicut
1224 4450 1344 4515 corpus
1370 4434 1511 4513 quiescit
1532 4435 1568 4496 in
1591 4434 1724 4507 lectulo,
1749 4435 1797 4498 ita
1823 4435 1903 4495 Deus

264 4534 468 4612 propositum
483 4534 633 4595 sanctum
649 4532 766 4610 aperit.
783 4532 845 4593 Sed
861 4530 969 4592 adhuc
984 4546 1063 4608 par·
1115 4535 1256 4614 quiescit
1276 4534 1313 4596 in
1336 4533 1436 4595 corde
1450 4533 1568 4594 humili
1583 4533 1723 4611 pacifico
1738 4535 1772 4596 et
1785 4531 1900 4612 quieto,

263 4631 360 4695 vulus
379 4633 413 4694 et
433 4631 527 4694 tener
544 4631 594 4693 est
608 4633 715 4702 JesuS,
732 4629 818 4692 idest
832 4629 949 4702 bonus,
965 4628 998 4690 et
1011 4644 1063 4690 ra·
1115 4633 1202 4695 sicut
1213 4632 1265 4694 est
1284 4631 1367 4693 illud
1382 4631 1480 4693 Isaiae
1494 4653 1502 4692 ε
1515 4634 1629 4708 Super
1643 4647 1744 4708 qttem
1755 4633 1905 4706 requies-

263 4729 398 4792 tionalis
423 4730 611 4809 conceptus.
638 4727 755 4791 Adhuc
776 4728 917 4790 initialis
947 4730 998 4790 est
1030 4727 1063 4788 et
1115 4731 1337 4806 catapirates
1352 4743 1460 4802 ricus,
1487 4733 1557 4791 atsi
1570 4744 1678 4804 saper
1699 4732 1861 4792 tamdem
1874 4723 1904 4788 at

265 4827 428 4899 novellus,
445 4844 506 4890 nec
527 4827 634 4905 potest
648 4825 852 4901 circumcidi,
868 4842 909 4888 ne
922 4825 1062 4888 laedatur
1115 4829 1268 4904 quietam
1283 4827 1317 4890 at
1332 4829 1539 4889 trementem
1558 4830 1664 4890 uerba
1677 4813 1757 4890 baec
1776 4824 1838 4906 (Is.
1858 4839 1902 4894 x1,

264 4923 501 4986 velmoriatur.
983 4993 986 5000 ,
1113 4923 1166 5006 2).
1203 4927 1325 4987 Noctes
1362 4923 1552 5002 significant
1584 4925 1782 5001 temporalia
1811 4924 1904 5001 hujus

311 5025 391 5085 Haec
416 5023 526 5083 autem
550 5021 662 5097 virga,
689 5021 823 5095 fratrea,
850 5021 930 5083 tunc
956 5037 998 5083 ex
1026 5037 1062 5084 sa
1115 5023 1241 5096 mundi,
1256 5039 1329 5100 quae
1345 5021 1666 5100 sempervolvuntur
1680 5022 1713 5085 ct
1727 5021 1902 5090 mutantur,

265 5123 381 5183 florem
423 5118 598 5197 produxit,
639 5118 770 5196 quando
808 5120 913 5181 Beata
955 5120 1062 5182 Maria
1115 5122 1201 5184 sicut
1212 5120 1293 5182 dicit
1309 5120 1486 5182 Salomon:
1507 5123 1581 5182 tht
1597 5122 1692 5182 cuim
1700 5121 1822 5182 cancta
1833 5130 1905 5193 quta

265 5221 371 5282 tilium
408 5233 504 5278 suurn
543 5216 798 5292 primogenitum
837 5217 952 5293 genuit
990 5217 1062 5278 sine
1114 5219 1203 5295 narrt
1216 5221 1277 5282 sub
1295 5223 1375 5292 soto,
1390 5218 1426 5280 et
1445 5221 1701 5281 ecceautoerso
1720 5218 1857 5279 vanitas
1875 5213 1905 5274 ct

265 5317 413 5380 libidinis
441 5315 624 5392 voluptate,
657 5314 730 5376 sine
758 5314 868 5375 carnis
896 5316 1061 5377 commix-
1115 5318 1257 5393 attttctto
1271 5316 1428 5392 spiratus,
1449 5318 1484 5378 et
1503 5319 1574 5377 otdt
1597 5319 1680 5379 rttlttt
1702 5325 1906 5392 permonere

265 5417 367 5486 tione,
396 5414 468 5474 sine
494 5413 608 5490 partus
637 5412 751 5474 dolore
784 5428 858 5474 curn
893 5413 1062 5476 munditiae
1115 5419 1177 5478 stab
1190 5419 1271 5487 sote,
1288 5417 1376 5490 qaod
1396 5430 1487 5476 artas
1504 5414 1661 5477 nascitur
1680 5415 1713 5476 ct
1733 5413 1822 5476 attor
1835 5425 1906 5472 mo·

267 5513 421 5592 puritate,
446 5527 520 5572 cum
548 5511 697 5588 corporis
736 5510 937 5587 integritate,
970 5511 1062 5575 salvo
1116 5509 1428 5591 rttttr...(ltccli.11‚
1446 5510 1510 5593 11).
1582 5571 1585 5576 .

268 5611 377 5690 sigillo
392 5608 566 5686 virginalis
587 5609 733 5686 pudoris.
755 5609 816 5671 Hic
837 5625 916 5686 ergo
938 5610 1000 5673 ilos
1023 5613 1064 5675 de
1156 5610 1211 5674 Illi
1225 5611 1260 5674 in
1275 5609 1395 5674 lectulo
1417 5625 1477 5688 per
1494 5610 1609 5675 noctes
1622 5609 1774 5690 quaerunt
1792 5605 1905 5670 Domi-
