3994 6326
72 419 119 479 lsi
506 417 562 478 xl.
577 416 675 480 -IN
697 413 918 478 CATHEDRA
940 416 1091 478 SANCTI
1113 418 1247 479 PETRI.
1650 417 1709 477 138

71 576 220 654 Propheta
249 597 258 638 ε
293 579 336 640 lu
363 576 582 640 tribulatione
613 576 768 640 dilatasti
796 589 852 638 me
946 575 1093 648 Quatuor
1111 576 1222 655 itaque
1241 576 1347 640 modis
1370 577 1529 640 tundatur
1552 575 1702 640 Ecclesia

70 679 168 752 (Psi,
185 674 229 754 1).
246 677 294 736 De
309 674 401 736 illius
416 675 637 753 promissione
652 675 781 748 confisi,
795 674 852 752 qui
907 685 1007 750 super
1045 674 1223 747 Christum,
1261 675 1437 748 videlicet,
1471 674 1704 738 observatione

70 771 142 832 dixit
168 771 337 848 apostolis
366 787 374 826 ε
405 774 581 834 Vobiscum
609 786 669 832 ero
696 773 852 832 omuibus
907 770 1147 845 mandatorum,
1168 774 1358 848 contemptu
1379 772 1632 842 mundanorum,
1655 771 1703 832 ti-

70 871 171 930 diclrm
186 883 296 941 usqam
317 872 363 930 od
384 869 715 930 conoumnmttoncm
737 872 853 930 saeenli
907 885 1000 930 more
1025 870 1275 946 suppliciorum,
1303 873 1337 932 et
1360 871 1591 947 expectatione
1616 885 1704 946 prae-

69 965 419 1047 (nattn.xxv1n,20).
446 968 551 1028 Porro
576 967 606 1027 si
628 968 714 1026 Deus
738 964 854 1028 vobis·
906 968 1060 1028 mierum.
1083 968 1321 1030 observatione
1346 968 1598 1029 mandatorum:
1625 968 1704 1043 quia

69 1079 142 1132 cnm,
157 1063 232 1140 quis
247 1068 364 1126 contra
376 1064 457 1124 vost
475 1064 558 1136 Quia
572 1063 674 1140 igitur
691 1064 854 1126 constitu·
907 1066 1022 1126 sancta
1037 1065 1186 1128 Ecclesia
1210 1067 1296 1127 sicut
1310 1081 1388 1127 vere
1403 1064 1508 1127 credit
1523 1065 1702 1134 Christum,

69 1162 108 1222 tio
118 1162 185 1223 haec
199 1177 268 1223 non
281 1165 334 1224 est
344 1161 386 1222 ab
403 1161 537 1225 homine
553 1161 610 1224 sed
624 1178 644 1224 a
657 1163 734 1234 Deo,
752 1161 853 1226 immo
906 1162 955 1224 ita
968 1163 1134 1225 veraciter
1144 1165 1255 1226 serrat
1267 1166 1340 1240 ejus
1355 1162 1522 1224 mandata.
1540 1163 1601 1234 Qui
1614 1163 1704 1223 enirn

68 1259 168 1321 serius
189 1259 268 1337 quia
284 1259 357 1321 haec
379 1259 572 1324 constitutio
590 1261 642 1322 est
655 1259 697 1321 ab
718 1259 853 1322 homine
907 1275 973 1320 non
988 1261 1099 1322 servat
1113 1263 1185 1338 ejus
1208 1261 1411 1329 mandatum,
1429 1275 1489 1322 neo
1512 1259 1704 1331 creditum

69 1359 137 1429 Deo,
149 1357 274 1419 trustra
287 1356 417 1420 laborat
429 1358 607 1420 hereticus
618 1358 673 1420 vel
689 1357 854 1420 schisma-
907 1357 1026 1434 diligit.
1043 1358 1137 1422 Unde
1152 1358 1311 1420 Dominus
1326 1359 1362 1420 in
1381 1358 1561 1434 Evangelio
1578 1375 1586 1414 :
1602 1361 1640 1418 St
1657 1360 1708 1418 ut-

70 1455 155 1527 ticns,
172 1453 297 1516 trustra
311 1455 442 1517 laborat
455 1455 599 1532 pertidus
615 1454 667 1518 rel
683 1455 850 1529 inimicus,
907 1456 1013 1531 linitis
1038 1471 1105 1530 me,
1133 1458 1299 1520 inundate
1319 1472 1399 1520 meu
1425 1457 1563 1520 seruate
1592 1453 1702 1535 (loen.

70 1552 301 1614 utdemoliatur
309 1555 454 1626 vineam,
464 1554 500 1615 ut
509 1554 655 1616 tunicam
664 1553 804 1625 scindat,
817 1556 854 1616 ut
907 1569 976 1626 xiv,
991 1553 1055 1635 15).

69 1653 181 1712 evertat
195 1650 450 1721 candelabrum,
466 1653 503 1712 nt
517 1651 654 1713 lucerna
675 1651 854 1727 extingua—
947 1653 1151 1729 Coloternptu
1178 1657 1454 1725 maurocenorum,
1484 1652 1563 1730 quia
1590 1651 1705 1714 sancta

69 1749 123 1818 tur,
134 1751 230 1826 juxta
249 1749 387 1812 verbum
400 1750 593 1812 Gamalielis
607 1767 615 1805 ε
630 1753 670 1812 st
690 1754 751 1813 noc
771 1765 855 1812 con·
907 1749 1055 1812 Ecclesia
1069 1751 1161 1814 tanto
1174 1751 1305 1814 facilius
1325 1751 1465 1828 despicit
1482 1750 1593 1812 omnia
1607 1767 1706 1810 mun-

68 1850 171 1908 eitium
192 1848 245 1908 est
273 1863 320 1908 ecc
340 1851 542 1920 nominibus,
567 1848 784 1921 dissolvetur,
809 1863 853 1909 ue
908 1846 1609 1926 dana,quantocertinsintelligit,quiacito
1623 1864 1706 1925 prae·

67 1943 851 2025 soricineantnmintDeorepugrcnretAct.v‚38).
907 1946 1039 2008 tereunt
1060 1948 1229 2012 universa.
1247 1948 1340 2010 Unde
1364 1947 1542 2008 Salomon:
1564 1947 1706 2007 Vanitas

104 2047 147 2104 Tu
170 2057 208 2105 es
232 2044 376 2115 Petrus,
404 2044 439 2105 ct
467 2059 574 2120 super
599 2048 688 2106 lianc
697 2044 851 2116 petram,
907 2044 1103 2106 caecitatum
1120 2047 1153 2108 et
1183 2049 1300 2107 ornnta
1319 2046 1457 2107 vanitas
1479 2043 1582 2122 (Eccl.
1607 2059 1631 2115 l,
1657 2043 1702 2120 2).

67 2138 152 2213 idest,
168 2156 269 2218 super
282 2141 382 2202 istam
397 2140 473 2202 tidei
488 2141 678 2204 firmitatem
693 2158 757 2219 qua
772 2158 855 2204 con·
907 2142 1025 2203 Omnia
1048 2142 1205 2207 dicuntur
1227 2159 1301 2206 esse
1325 2143 1467 2216 vanitas,
1488 2143 1566 2220 quia
1592 2141 1703 2203 omnia

67 2235 162 2298 tessus
171 2253 207 2300 es
222 2255 361 2302 measse
375 2240 497 2302 Filium
510 2240 569 2302 Dei
588 2240 668 2314 vivi,
680 2243 853 2314 edificabo
907 2239 972 2301 cito
985 2242 1206 2316 evanescunt3
1223 2242 1256 2303 et
1270 2241 1341 2318 ipse
1355 2241 1453 2303 homo
1465 2239 1597 2302 vanitas
1607 2238 1705 2300 vani-

67 2337 241 2400 sunnam
254 2353 383 2414 naeam3
398 2341 479 2413 puta
490 2353 573 2401 caro
588 2340 774 2418 etsarcputo
783 2355 852 2404 non
907 2338 1022 2413 tatum,
1039 2340 1117 2418 quia
1133 2356 1220 2402 uncis
1236 2340 1385 2404 nascitur
1399 2338 1432 2400 et
1450 2338 1534 2400 alter
1549 2336 1700 2407 moritur,
1793 2385 1796 2392 ,

66 2434 220 2495 renouauit
240 2435 313 2504 tilii,
337 2435 434 2507 idest,
458 2435 609 2498 homiues
629 2452 672 2499 ex
692 2452 793 2501 carne
820 2440 853 2502 et
907 2453 992 2498 unus
1005 2439 1124 2502 crescit
1138 2439 1171 2501 et
1182 2439 1268 2500 alter
1279 2437 1451 2507 decrescit,
1468 2451 1554 2496 rinus
1567 2433 1705 2496 extolli-

67 2531 217 2606 sanguine
245 2532 317 2594 nati
340 2549 406 2595 non
430 2535 665 2598 revelaverunt
693 2535 765 2608 tibi,
794 2536 850 2598 sed
908 2537 961 2596 tur
982 2535 1015 2598 et
1029 2537 1114 2598 alter
1129 2537 1335 2614 deprimitur,
1359 2550 1445 2596 unus
1460 2535 1511 2594 est
1531 2547 1657 2610 pauper
1671 2530 1704 2591 et

66 2627 145 2687 Deus
156 2631 253 2691 Pater
265 2630 323 2707 qui
333 2635 385 2694 est
395 2632 432 2694 in
444 2633 540 2696 coelo.
555 2633 706 2697 Christus
716 2637 768 2698 est
780 2634 852 2695 iun·
906 2633 991 2694 alter
1009 2635 1059 2696 est
1073 2634 1179 2696 dives.
1195 2634 1291 2696 Unde
1302 2632 1392 2695 lob:
1408 2635 1522 2694 Homo
1544 2630 1649 2690 loacas
1662 2631 1704 2690 de

66 2723 243 2788 dementum
258 2728 427 2802 eraclesis,
450 2730 529 2808 qnia
551 2731 637 2793 sicut
651 2732 719 2794 tota
734 2733 851 2796 domus
907 2729 1706 2806 multerebreutotocnstemporercpleturmnt-

66 2821 209 2886 innititur
224 2824 450 2901 fundamenta,
469 2827 516 2890 ita
535 2829 604 2890 tota
623 2829 772 2893 Ecclesia
796 2847 852 2892 re·
906 2837 951 2898 tls
969 2835 1124 2896 misertis
1141 2830 1228 2911 (Jeb.
1249 2846 1318 2901 xlv,
1336 2827 1380 2908 1).
1398 2830 1438 2890 Et
1451 2827 1556 2888 idem:
1575 2825 1705 2888 Corztra

65 2920 148 2994 gitur
164 2922 195 2985 et
215 2923 422 3000 gubernatur
443 2941 463 2987 a
484 2926 626 2989 Christo.
655 2928 747 2990 Unde
772 2927 852 2990 dicit
904 2936 1025 3009 solium
1040 2933 1128 3006 quod
1144 2945 1166 2990 u
1179 2930 1282 2990 uento
1300 2928 1451 3001 rapitur,
1475 2924 1625 2988 ostoradus
1642 2936 1707 2998 po-

65 3020 232 3094 apostolus
248 3043 256 3082 :
273 3025 554 3086 Fundamentum
567 3027 660 3086 attuli
676 3041 776 3088 neuun
789 3041 852 3100 po-
906 3030 1053 3092 tentiom
1069 3029 1164 3090 tuam
1178 3025 1265 3104 (lob.
1279 3039 1352 3096 mn,
1373 3021 1439 3102 25).
1461 3024 1566 3084 Homo
1581 3019 1632 3082 est
1652 3019 1705 3080 so-

66 3117 126 3177 iest
135 3133 264 3194 ponere
280 3123 415 3196 macter
435 3125 470 3184 td
498 3125 587 3198 quod
607 3123 760 3198 posnam
786 3125 849 3198 est,
906 3129 986 3189 lium
998 3123 1373 3204 quodrapituravento,
1386 3121 1481 3192 idest,
1494 3118 1719 3181 atentatiene‘

65 3217 144 3286 pana
155 3217 205 3278 est
220 3220 379 3281 carnotus
390 3223 491 3282 Jesus
506 3219 535 3299 (Ι
550 3221 623 3282 Gor.
639 3237 691 3293 no,
709 3219 773 3300 11).
790 3222 850 3284 Li·
905 3225 958 3287 vel
973 3223 1089 3286 morte.
1106 3223 1238 3284 Timore
1251 3219 1502 3298 suppliciorum,
1517 3216 1594 3294 quia
1607 3213 1703 3275 multi

67 3315 111 3372 cat
121 3314 207 3376 enim
220 3316 374 3378 Christus
384 3317 428 3379 sit
442 3317 587 3395 primum
600 3319 633 3380 et
647 3319 851 3396 praecipuum
906 3323 982 3384 sunt
996 3321 1032 3382 in
1048 3321 1207 3384 Ecclesia
1221 3318 1278 3398 qui
1292 3318 1368 3380 ideo
1382 3317 1623 3378 convertuntur
1645 3327 1704 3389 per

66 3408 318 3488 tundamentum,
349 3415 435 3478 sicut
458 3415 539 3478 dicit
557 3417 756 3494 Apostolus,
775 3419 853 3480 sunt
907 3419 1200 3496 poenitentiamne
1212 3414 1702 3496 patienturaeternampoenam

67 3507 168 3570 umen
186 3511 253 3574 alia
274 3511 506 3586 fundamenta,
529 3514 685 3578 uidelicet
707 3517 851 3593 apostoli
905 3517 958 3580 vel
982 3516 1209 3594 purgatoriam
1227 3515 1262 3574 iu
1288 3513 1366 3589 igne
1387 3511 1462 3589 post
1484 3511 1634 3580 mortem,
1660 3522 1704 3567 ex

66 3605 95 3665 et
115 3609 301 3685 propnetae,
321 3611 418 3687 juxta
439 3611 525 3689 quod
549 3612 630 3676 dicit
649 3615 849 3690 Apostolus:
905 3629 1045 3693 quornm
1074 3627 1216 3691 persona
1240 3611 1322 3673 dicit
1344 3609 1473 3672 David:
1496 3609 1641 3669 Domine
1660 3619 1704 3664 ne

67 3704 390 3779 Superoedtpieumint
436 3725 543 3784 super
587 3712 850 3786 fondamentum
905 3718 942 3776 tn
956 3714 1077 3787 surore
1097 3713 1155 3774 tuo
1169 3724 1299 3786 arguas
1313 3721 1380 3780 me,
1395 3720 1502 3780 neque
1517 3707 1554 3765 tu
1572 3707 1629 3764 tra
1644 3703 1705 3764 tacu

67 3805 300 3878 apostotorum,
317 3806 352 3867 et
358 3807 608 3884 prophetarum
621 3807 717 3886 (eph.
735 3824 772 3883 n,
784 3810 849 3890 20).
905 3813 1077 3884 corripias
1097 3823 1153 3870 me
1169 3805 1238 3885 (Ps.
1261 3808 1291 3878 6,
1307 3803 1353 3884 2).
1370 3806 1424 3865 Ira
1439 3801 1498 3864 Dei
1513 3801 1564 3862 est
1578 3801 1703 3862 aeterna

67 3898 101 3960 lit
131 3900 210 3963 alibi
245 3919 305 3980 per
338 3904 539 3982 propnetam
568 3923 576 3962 t
610 3909 851 3972 Fundamenta
905 3906 1052 3969 vindicta
1080 3905 1116 3967 in
1145 3920 1209 3982 qua
1237 3904 1392 3981 peccator
1422 3899 1594 3975 arguitur,
1625 3897 1703 3975 quia

66 4001 133 4068 ejus
150 4003 188 4060 tn
202 4001 376 4064 uoonttlnus
395 4005 526 4066 sanctis
540 4005 613 4082 (Ps.
627 4007 677 4077 86,
695 4004 738 4086 1),
763 4008 852 4068 inter
906 4006 941 4066 in
969 4005 1129 4066 aeternnm
1151 4002 1296 4080 punitur,
1321 4001 1354 4061 et
1382 3997 1529 4060 omnium
1548 3996 1704 4072 peccato·
1808 4060 1811 4068 ,

67 4109 140 4169 quos
154 4095 365 4161 beatissimus
380 4100 497 4162 Petrus
513 4102 749 4179 primusestet
764 4120 853 4182 prae-
905 4118 979 4163 rum
1011 4116 1147 4162 suornm
1188 4097 1349 4160 memoria
1382 4094 1561 4157 cruciatur.
1597 4093 1705 4153 Furor

66 4193 187 4268 cipnus,
209 4197 264 4258 cui
280 4197 495 4273 singulariter
509 4214 530 4260 a
544 4201 684 4262 Domino
704 4201 849 4265 dicitur:
905 4215 985 4262 vero
1016 4199 1138 4261 dicitur
1160 4198 1212 4259 ira
1238 4193 1415 4266 concitata,
1443 4192 1501 4254 sed
1525 4190 1648 4262 brevis,
1670 4191 1703 4250 et

67 4291 294 4356 Tuoaocnderts
314 4297 446 4371 Cepheo
467 4295 575 4370 (Joan.
596 4315 619 4369 l,
636 4297 701 4378 42).
724 4299 851 4379 cephas
906 4297 981 4360 ideo
1002 4297 1169 4373 significat
1182 4293 1409 4374 purgatoriam
1428 4305 1571 4368 poenam,
1588 4289 1623 4348 in
1638 4303 1704 4364 qua

65 4389 145 4450 enim
165 4391 346 4454 secundum
365 4409 466 4456 unam
483 4396 724 4472 expositionem
744 4397 853 4460 inter·
906 4395 1060 4473 peccator
1088 4393 1130 4456 ad
1158 4393 1288 4469 tempus
1314 4389 1513 4466 corripitur,
1543 4386 1600 4448 sed
1630 4387 1703 4461 post

67 4491 207 4560 pretatur
234 4492 370 4566 Petrue3
398 4491 579 4554 secundum
602 4493 703 4556 aliam
731 4493 852 4558 dicitur
907 4508 980 4554 eam
995 4493 1175 4566 liberatum
1192 4490 1271 4568 quia
1291 4488 1378 4550 sicut
1391 4502 1510 4548 aurum
1529 4484 1704 4546 examina-

66 4587 166 4660 caput,
191 4587 268 4666 quia
287 4587 375 4650 sicut
388 4605 508 4666 corpus
532 4606 592 4668 per
613 4592 735 4654 collum
750 4592 851 4670 capiti
905 4594 961 4654 tur
972 4591 1008 4652 in
1019 4589 1165 4661 tornaco,
1181 4589 1229 4650 ita
1240 4587 1360 4650 animae
1370 4585 1571 4646 mundantur
1582 4581 1623 4642 ab
1636 4597 1704 4642 om·

63 4681 217 4760 jungitur,
231 4686 278 4746 ita
291 4701 351 4763 per
363 4686 497 4750 beatum
511 4690 646 4752 Petrum
662 4691 776 4752 sancta
788 4690 853 4752 Ec-
906 4689 1004 4752 nibus
1025 4688 1116 4750 vitiis
1132 4687 1165 4748 et
1178 4685 1323 4763 peccatis
1345 4684 1380 4743 in
1400 4679 1604 4759 purgatorio.
1622 4680 1705 4738 Cor-

67 4779 159 4842 clesia
178 4781 307 4846 Christo
320 4787 499 4863 conjuncta
514 4788 574 4849 est.
599 4788 638 4850 Et
658 4788 744 4851 sicut
759 4787 852 4850 cibus
906 4787 986 4866 ripit
997 4790 1083 4848 Deus
1098 4782 1305 4853 salvandum,
1317 4779 1455 4856 corripit
1465 4776 1701 4838 damnandum.

67 4891 117 4950 per
127 4879 249 4941 collum
263 4882 300 4942 in
314 4897 434 4960 corpus
447 4884 628 4956 descendit,
644 4885 691 4947 ita
704 4900 764 4963 per
777 4885 853 4948 bea·
906 4883 1143 4963 Expectatione
1167 4879 1390 4957 praemiorum,
1410 4877 1488 4954 quia
1510 4875 1625 4936 sancta
1641 4875 1705 4934 Ec-

66 4977 125 5036 tum
142 4979 277 5040 Petrum
297 4981 494 5056 apostolum,
517 4981 656 5042 verbum
677 4984 748 5056 Dei,
765 4983 851 5061 qued
907 4984 1009 5046 olesia
1024 4979 1177 5057 expectat
1190 4978 1288 5049 hona,
1311 4989 1385 5054 quae
1406 4973 1597 5051 repromisit
1617 4975 1703 5034 Deus

66 5077 107 5135 est
129 5075 221 5138 cibus
247 5077 446 5151 animarum,
476 5078 518 5140 ad
540 5079 724 5142 Ecclesiam
747 5083 850 5144 venit.
907 5078 1121 5158 diligentibus
1136 5093 1182 5138 se.
1206 5075 1302 5138 Unde
1313 5073 1436 5135 David:
1457 5075 1564 5135 Credo
1585 5074 1704 5132 uidere
1785 5055 1797 5082 ⁸

67 5171 218 5247 christus,
250 5175 336 5237 sicut
359 5175 441 5238 dicit
462 5176 656 5254 Apostolus,
682 5179 733 5242 est
755 5181 854 5257 caput
908 5185 994 5244 dorca
1014 5178 1153 5239 Domini
1167 5178 1205 5238 in
1229 5174 1328 5236 terra
1351 5171 1543 5234 uiuentium
1564 5169 1633 5249 (Ps.
1649 5168 1700 5240 25,

68 5270 225 5345 Ecclesia,
241 5288 363 5350 corpus
377 5274 428 5336 est
447 5274 607 5348 Ecclesia,
619 5276 766 5340 membra
778 5293 854 5340 cor·
909 5276 973 5358 13).

67 5369 147 5442 poris
162 5373 239 5432 sunt
254 5371 381 5447 singuli
395 5371 521 5434 fideles.
537 5372 631 5434 Unde
647 5375 826 5452 Apostolus
843 5393 850 5431 ε
950 5373 1124 5453 Sequitur:
1140 5372 1186 5434 Et
1198 5370 1310 5445 porco
1324 5371 1430 5444 iusseri
1451 5382 1520 5429 lton
1532 5370 1705 5441 praeola-

69 5465 151 5529 Stcut
172 5473 208 5530 in
221 5483 449 5544 nunccupare
462 5471 574 5534 muna
584 5475 855 5536 membranaue·
909 5475 991 5536 oum
1018 5475 1186 5533 aduersus
1212 5484 1306 5530 cam..
1330 5467 1477 5539 Quatnor
1507 5462 1613 5525 modis
1642 5464 1705 5524 hoc

70 5578 149 5638 sucus,
169 5570 287 5628 munia
304 5567 423 5628 autem
436 5571 593 5630 memora
611 5585 681 5632 raon
697 5575 854 5634 eumaem
908 5573 981 5633 loco
1024 5567 1256 5643 intelliguntur
1297 5567 1400 5642 portae
1440 5561 1550 5623 interi.
1593 5561 1705 5622 Primo

72 5663 173 5725 ocium
192 5665 332 5738 liabent,
354 5665 518 5726 ltamultt
534 5681 855 5744 nnumcorpnssu»
909 5670 1086 5738 daemones,
1118 5663 1261 5726 manullo
1291 5661 1451 5732 haeretiei,
1487 5660 1585 5722 tertio
1610 5659 1703 5730 vitia,

71 5773 136 5822 recle
147 5765 183 5824 tn
196 5762 335 5826 curteio
350 5759 459 5842 (Rom.
475 5777 536 5836 111,
552 5762 596 5844 4).
908 5769 1026 5847 quarto
1040 5764 1162 5828 inserui
1184 5763 1340 5824 claustra.
1357 5763 1529 5821 Daemones
1551 5757 1706 5818 dicuntur
