4106 6328
371 960 416 1023 lN
438 961 661 1025 'SERMONES
683 965 770 1025 TAM
792 963 846 1025 lm
865 965 1052 1028 SANCTIS
1073 965 1192 1038 QUAM
1213 969 1266 1028 DE
1289 971 1502 1062 TEMPORE

632 1232 1239 1405 PRAEFATIO

851 1546 1017 1592 eumcum

277 1745 349 1832 EX
392 1743 846 1836 DISSERTATIONE
886 1749 933 1836 b.
968 1750 1302 1840 HIERONYMI
1348 1751 1594 1848 ΒΟΤΤΙΝΟ

101 2349 126 2408 Ι.
148 2379 193 2394 -
212 2351 395 2411 Honorius
409 2351 469 2412 III
483 2349 535 2411 cst
556 2353 680 2412 bomuu
699 2349 906 2411 Sermonum
961 2345 1758 2428 telligemlumloreinipsadedicatoriadeclara-
1885 2381 1887 2388 ,

439 2449 572 2510 auctor.
960 2445 1018 2507 vit.
1045 2447 1178 2508 Litterae
1201 2449 1343 2508 Honorii
1359 2447 1573 2508 Sermonibus
1596 2445 1755 2524 praelixas,

960 2543 1134 2620 exquibus
1150 2544 1250 2606 etiam
1273 2545 1422 2622 quaedam
1438 2543 1505 2606 alia
1520 2543 1606 2606 dona
1625 2543 1667 2605 ad
1680 2543 1757 2604 Cis-

145 2639 332 2719 Scripsisse
351 2642 535 2705 Honorium
553 2657 724 2704 sermones
743 2657 809 2703 non
822 2657 907 2718 pau·
961 2640 1099 2702 tercium
1115 2640 1156 2702 ab
1169 2641 1241 2720 ipso
1252 2642 1449 2703 transmissa
1458 2642 1599 2714 constat,
1608 2641 1759 2718 prouiex

103 2755 162 2801 cos
187 2739 231 2800 de
258 2741 411 2816 tempore
432 2739 466 2803 et
486 2741 526 2801 de
547 2741 689 2810 cunctis,
715 2749 838 2817 eosque
862 2739 903 2800 ad
959 2737 1032 2814 ipsa
1046 2738 1251 2801 Bibliotheca
1271 2739 1433 2814 Cistercii,
1450 2739 1491 2802 ad
1506 2739 1671 2814 ignatium
1687 2739 1758 2800 Fir·

107 2837 239 2898 clerum
260 2837 483 2916 populumque
499 2839 685 2900 Romanum
698 2836 903 2898 declamasse
959 2835 1086 2896 minum
1105 2837 1324 2898 biteriensem
1340 2836 1492 2899 abbatem
1510 2837 1616 2914 primo
1632 2836 1759 2900 adduc-

105 2935 265 2996 auctores
279 2936 367 3009 suni,
383 2935 471 2998 inter
492 2936 587 3009 alios,
605 2935 775 3008 oldoinus,
788 2934 823 2996 in
836 2939 906 2996 Act-
958 2932 1012 3002 tae,
1025 2933 1145 2996 deinde
1155 2933 1196 2996 ad
1212 2950 1272 2995 nos
1291 2937 1440 2996 remissae
1461 2949 1535 2995 cum
1551 2933 1627 2996 aliis
1643 2949 1759 2995 exem-

104 3033 452 3096 circumuentum
474 3036 687 3114 inHonorio
702 3037 769 3107 III,
791 3034 824 3095 et
837 3035 906 3095 Lu·
959 3030 1119 3107 pleribus,
1146 3048 1220 3109 quae
1242 3048 1307 3094 non
1332 3048 1448 3109 parum
1467 3031 1530 3093 hoc
1555 3048 1638 3108 opus
1660 3031 1759 3092 illus·

104 3129 245 3192 doricus
273 3129 417 3194 lacobus
439 3148 459 3193 a
484 3133 516 3194 S.
534 3132 663 3206 Carolo,
685 3131 720 3192 in
744 3132 902 3194 Bibliotb.
958 3128 1100 3201 traruni,
1118 3128 1396 3208 illustrabunique
1412 3129 1531 3202 adbuc,
1548 3127 1620 3191 baec
1635 3128 1759 3190 habent
1815 3207 1819 3214 Ι

104 3229 239 3303 Pontis.
266 3231 370 3292 ocrbo
384 3247 395 3290 .·
409 3231 588 3292 Honorius
607 3233 675 3302 Ill,
698 3218 754 3307 qui
768 3229 905 3291 tradunt
959 3225 1111 3288 verbus:

105 3327 208 3388 eiiam
217 3341 275 3388 eos
283 3326 373 3404 ipsos
383 3329 559 3389 Sermones
569 3327 681 3390 abbati
690 3329 723 3389 el
733 3327 904 3388 monacbis
999 3325 1178 3388 Honorius
1199 3328 1387 3400 episcopus,
1414 3339 1540 3386 servits
1571 3339 1757 3386 seruorum

106 3425 261 3488 Cistercii
294 3424 336 3486 ab
366 3425 481 3488 eodem
516 3427 665 3487 Honorio
696 3425 904 3502 nuncupatos
959 3425 1033 3494 Dei,
1057 3423 1187 3484 dilectis
1201 3423 1407 3494 illlisubbuti
1421 3424 1454 3485 ct
1477 3423 1661 3484 concentui
1683 3423 1759 3484 Cis-

106 3521 902 3600 iuisse.RemiusiusnarratAngelusManrique,
960 3519 1758 3596 torotensisulutcmctApostolicumbencdictio·

107 3619 142 3680 in
166 3623 356 3683 Annalibus
396 3622 678 3684 cistercicmibus
707 3621 749 3683 ad
781 3637 904 3682 annum
959 3618 1706 3691 item-Aquasnostrusjubcmurdividere
1720 3621 1758 3678 in

108 3719 198 3791 1223,
216 3733 287 3796 cap.
309 3719 338 3790 1,
356 3719 434 3781 tom.
451 3721 505 3792 IV,
523 3735 599 3797 pag.
615 3721 675 3781 240
691 3717 783 3798 (Vid.
804 3719 905 3780 eliam
955 3717 1101 3790 pluteus,
1125 3715 1176 3776 itu
1189 3714 1306 3776 tomen
1319 3715 1358 3776 ut
1372 3731 1441 3776 non
1455 3715 1527 3776 siut
1540 3715 1653 3776 nostri
1663 3729 1754 3788 our-

109 3817 191 3878 Gult.
207 3817 346 3888 Christ,
362 3815 441 3878 tom.
456 3817 511 3889 lv,
523 3815 609 3896 992),
622 3815 656 3879 et
669 3816 765 3894 plura
776 3816 902 3888 scribit,
961 3813 1080 3887 ticipcc
1110 3815 1225 3884 ultani,
1254 3813 1336 3885 quic
1357 3812 1486 3873 scilicet
1506 3815 1659 3872 rioldum
1684 3808 1755 3872 imo
1831 3837 1835 3842 ·

109 3929 184 3990 quae
207 3912 264 3974 hic
289 3913 410 3986 celere,
434 3913 475 3976 de
497 3914 551 3976 his
574 3913 788 3976 Sermonibus
812 3913 905 3975 textu
960 3924 1079 3971 norom
1093 3909 1249 3970 scientim
1268 3907 1359 3970 dulce
1372 3909 1469 3969 uobis
1489 3911 1680 3980 uDomino,
1697 3911 1757 3970 dc-

110 4011 210 4088 digna
233 4027 272 4073 ac
287 4013 501 4076 necessaria:
960 4010 1078 4070 beluus
1092 4009 1129 4068 in
1139 4007 1755 4082 latitudinemspurqcrcpoocllorclru,

148 4112 279 4172 «Hunc
298 4109 394 4172 nobis
411 4125 536 4173 annum
559 4109 681 4173 Christi
700 4111 903 4182 MCCXXlll,
960 4106 994 4167 et
1008 4119 1155 4167 cuculosa
1174 4108 1291 4168 irionis
1311 4105 1432 4181 oloriae
1445 4109 1596 4178 proluere,
1618 4119 1659 4165 uc
1682 4119 1759 4167 rcc-

111 4207 262 4269 Cisiercii
282 4209 398 4282 XXVI,
416 4209 608 4286 auspicetur
621 4208 788 4270 Honorius
810 4208 907 4269 anie-
957 4203 1059 4278 noctu
1084 4204 1235 4277 questus
1257 4203 1458 4277 temporalis
1478 4207 1628 4275 occluso,
1651 4217 1758 4264 ureri-

111 4305 253 4366 cessoris
274 4306 326 4367 sui
342 4306 528 4368 innocentii
542 4305 692 4368 imitatus
705 4305 903 4382 exemplum,
962 4302 1049 4362 tium
1063 4301 1279 4363 subditorum
1298 4303 1403 4361 corda
1426 4303 1476 4360 sic
1490 4315 1536 4361 cu
1556 4305 1628 4362 solu
1642 4303 1759 4362 obori-

111 4403 234 4480 etquos
249 4403 372 4464 dudum
386 4406 562 4466 Sermones
576 4402 807 4465 acrietvivldo
821 4403 920 4480 stylo.
961 4399 1031 4461 iate
1060 4401 1192 4476 riuum,
1215 4399 1255 4459 ut
1280 4402 1409 4459 nullum
1440 4400 1478 4458 in
1505 4411 1609 4470 opero
1639 4397 1758 4460 nostro

112 4499 152 4559 ad
167 4501 325 4578 populum
340 4503 525 4563 Romanum
547 4501 739 4578 clerumque
754 4501 789 4562 in
804 4516 906 4561 unum
960 4497 1098 4570 purtem
1132 4499 1198 4558 sibi
1233 4496 1380 4570 spiritus
1410 4495 1548 4556 ualeant
1579 4497 1757 4556 uiuidicurc

111 4594 198 4657 baud
222 4597 381 4674 exiguum
408 4585 571 4659 volumen'
590 4596 770 4674 colligam,
807 4597 906 4674 atque
961 4596 1114 4669 molioni.
1128 4592 1316 4660 Quamlibet
1327 4592 1438 4669 luitur
1448 4594 1587 4667 proprii
1600 4595 1758 4666 corporis

112 4691 222 4756 abbati
243 4695 276 4756 ei
297 4694 477 4759 conventui
498 4694 651 4758 cistercii
672 4695 799 4767 dicans,
816 4694 907 4772 epis·
961 4691 1166 4764 infirmitate
1177 4690 1758 4768 aravatiuuuuuuuuusuonere

110 4790 178 4853 tola
193 4792 344 4870 praelixa,
361 4809 461 4871 quam
476 4807 555 4856 mox
569 4793 779 4871 subjungam.
801 4794 906 4854 Porro
961 4789 1296 4862 Pontidcalisosbtcit,
1306 4786 1757 4861 quamuisirrucntibusun-

113 4889 265 4952 volumen
279 4891 389 4968 ipsum
403 4890 568 4969 hodieque
581 4891 732 4953 Cistercii
749 4905 907 4968 perseve-
960 4889 1060 4961 dique
1073 4887 1338 4948 sollicitudinum
1358 4883 1516 4956 ductibus
1539 4885 1675 4961 unitati,
1695 4887 1758 4944 oin

112 4987 175 5056 rat,
191 4987 287 5065 atque
301 5003 343 5050 ea
366 4989 565 5051 adservatur
582 4989 810 5058 veneratione,
833 5003 906 5065 quae
962 4985 1101 5047 tandem
1128 4989 1305 5046 ualeamus
1329 4984 1526 5059 recolliuerc
1549 4982 1701 5044 mentun
1721 4984 1758 5042 in

113 5082 205 5146 decet
227 5085 356 5149 tantum
382 5101 514 5159 munus,
543 5086 614 5148 sive
636 5086 714 5164 quia
734 5084 768 5147 id
784 5084 906 5161 religio
962 5084 1034 5144 tum
1048 5085 1187 5144 diuerso
1202 5083 1362 5153 diuisum,
1377 5080 1411 5141 ct
1424 5081 1561 5142 lectioni
1580 5081 1760 5142 seuuicdl-

114 5181 306 5256 postulabat,
319 5183 481 5262 sivequia
497 5183 583 5246 idem
604 5183 771 5245 Honorius
796 5183 906 5245 lutura
962 5181 1086 5243 tattoni
1098 5185 1151 5243 oet
1173 5181 1346 5241 modicum
1368 5181 1454 5240 duro
1471 5178 1624 5252 lembum
1640 5193 1683 5238 nc
1706 5179 1760 5238 ta-

115 5292 317 5353 praecavens,
331 5282 364 5343 ei
375 5280 428 5341 sui
440 5281 475 5341 in
487 5281 682 5342 cistercium
698 5279 822 5342 amoris
843 5279 905 5340 fir·
960 5293 1041 5340 men
1051 5281 1085 5339 id
1109 5279 1275 5352 temporis
1289 5277 1377 5350 quod
1389 5276 1665 5350 occupationibus
1678 5290 1760 5337 nos-

114 5390 189 5436 mus
201 5379 356 5452 assertor,
369 5379 615 5456 perpetuusque
634 5377 826 5450 ostentator,
838 5377 906 5440 lata
963 5377 1028 5438 tris
1048 5377 1236 5437 subduccre
1262 5375 1295 5436 et
1315 5377 1415 5448 quusi
1436 5375 1554 5446 fuirunt
1567 5373 1756 5446 potuimus

116 5473 276 5537 sententia
287 5475 642 5540 excommunicationis
662 5475 776 5537 stricte
792 5475 908 5552 prohi—
961 5473 1120 5548 efflueret
1143 5473 1301 5544 otiosum,
1324 5473 1518 5542 Sermones,
1535 5484 1619 5544 quos
1643 5473 1760 5531 diocr-

116 5569 197 5642 buit,
208 5573 462 5637 neautdistrahi
470 5572 907 5652 possetautalienari.Quod
961 5574 1011 5633 cis
1028 5571 1238 5646 temporibus
1250 5570 1430 5631 babuimus
1449 5571 1493 5628 oct
1506 5573 1637 5629 clerium
1648 5583 1761 5643 popu·

116 5670 223 5746 ipsum
237 5671 435 5734 deomnibus
451 5671 611 5742 donariis,
620 5669 908 5750 quaemuliisabeo
962 5675 1099 5743 tumque
1126 5669 1338 5738 Ronlanum,
1363 5665 1559 5727 studuimus
1587 5667 1624 5725 in
1650 5681 1759 5726 uiuum

1 5807 2 5848 q
119 5767 263 5832 ecclesiis
277 5769 400 5832 donata
420 5769 548 5843 sunt...
560 5769 595 5830 in
617 5769 812 5832 universum
828 5785 909 5831 cau·
962 5769 1149 5841 compilare
1163 5766 1550 5826 coordinureoolumen
1570 5764 1615 5821 ud
1627 5761 1761 5823 iutuitu·

118 5865 203 5938 tum3
216 5866 405 5942 specialiter
414 5868 526 5929 tamen
537 5865 578 5930 de
586 5865 650 5929 boc
668 5865 837 5930 volumine
849 5865 908 5926 in·
965 5863 1265 5940 tomoroesenttum
1278 5875 1319 5922 ac
1334 5862 1439 5923 etium
1454 5859 1686 5934 posterorum.
1695 5861 1759 5931 lu-
