3982 6302
104 415 136 477 tt
724 405 953 469 EPISTOLAE.
977 405 1056 468 LIB.
1079 407 1104 467 1.
1700 411 1738 472 18

99 579 168 652 jura
182 567 382 649 episcopalia
396 569 433 630 in
448 565 615 648 praedictis
627 566 778 630 ecclesiis
788 583 888 630 exer-

102 669 200 738 cendi,
221 685 293 746 quae
319 667 500 729 secundum
521 665 621 727 etiam
643 665 886 728 contessionem

101 769 268 832 tuamsunt
280 766 314 826 in
327 764 464 827 dioecesi
478 763 693 834 Thnamensi,
705 763 884 842 prohibuit,

102 882 139 927 ne
152 869 185 927 tu
197 865 305 942 ipsum
326 879 427 940 super
445 862 570 923 eisdem
592 862 744 924 ecclesiis
767 862 801 924 et
823 877 886 924 ea-

101 963 241 1024 rumdem
271 960 480 1039 pertinentiis
502 959 678 1038 inquietes.
713 961 763 1022 Ne
785 957 889 1037 igitur

103 1059 288 1138 saepedictus
311 1058 532 1120 Thuamensis
566 1057 742 1120 occasione
772 1057 887 1120 verbo-

101 1174 166 1219 rum
177 1158 322 1230 illorum,
337 1156 528 1219 eorumdem
545 1156 701 1218 videlicet
715 1155 888 1234 pertinen-

100 1255 324 1317 11111111111
352 1255 385 1317 11
411 1253 561 1316 111111111
587 1253 787 1332 supradictis
811 1253 886 1331 plus

100 1369 251 1430 usurpare
268 1353 450 1432 prasumat
470 1369 569 1430 quam
588 1353 652 1414 sihi
667 1367 687 1414 a
702 1352 887 1414 canonihus

100 1451 218 1513 ratione
239 1451 329 1529 juris
354 1449 553 1529 episcopalis
577 1451 803 1528 permittitur:
825 1465 886 1512 nos

99 1549 236 1611 tolentes
248 1548 459 1611 indemnitati
474 1548 540 1611 tuae
559 1548 706 1626 paternas
721 1547 888 1610 sollicitu-

99 1646 165 1709 dine
191 1662 393 1726 praecavera
415 1645 643 1708 insinuatione
669 1645 886 1724 praesentium

11 1779 13 1806 t
100 1744 308 1818 declaramus,
334 1743 526 1826 praedictam
549 1743 734 1806 clausulam
760 1743 801 1806 ad
828 1743 886 1805 illa

11 1889 12 1904 .
103 1841 211 1904 debere
226 1841 400 1920 restringi,
417 1857 490 1919 quae
507 1842 577 1920 juri
598 1841 780 1920 episcopali
802 1857 886 1904 nos-

12 1961 13 1972 2
102 1938 210 2001 cuntur
233 1954 379 2001 annexa.
408 1939 501 2001 Nulli
524 1954 604 2017 ergo
625 1937 797 2001 hominum
815 1954 888 2001 orn-

102 2035 171 2098 1111
195 2036 307 2106 liceat,
332 2037 394 2098 etc.
421 2037 540 2098 Datum
567 2035 709 2109 Perusii,
738 2037 784 2098 ΙΙΙ
813 2036 887 2099 idus

100 2135 185 2208 hug„
201 2134 415 2211 pontificatus
427 2134 533 2197 nostri
544 2149 632 2197 anno
646 2134 765 2213 primo.

442 2357 534 2444 XIV

160 2563 207 2622 Aa
219 2562 433 2636 Stephanum
445 2562 600 2624 othotam
613 2563 819 2624 naoricstcrti

102 2661 130 2718 S.
151 2661 327 2721 Benedicti
348 2662 555 2732 0111111111,
581 2663 721 2735 ejusque
742 2660 885 2734 fratres,

396 2773 429 2830 ta
444 2787 512 2846 aug.
529 2773 608 2830 1111.

220 2913 376 2978 [Baliarium
388 2913 542 2974 Romanum,
554 2919 573 2964 t.
587 2913 630 2972 lll,
645 2927 671 2978 p.
682 2913 750 2980 eotJ.

103 3072 271 3132 Confirmatio
291 3073 431 3132 honorum
450 3074 588 3144 omnium,
613 3089 647 3132 11
671 3074 886 3149 privilegiorum

226 3164 379 3221 concessio
395 3165 569 3220 monasterio
585 3163 742 3223 casinensi.

134 3298 297 3359 Honorius
336 3298 526 3376 episcopus,
563 3313 681 3361 servus
714 3295 886 3362 servorum

103 3395 164 3466 hei,
179 3395 310 3458 dilectis
323 3395 402 3457 tiliis
421 3396 589 3473 Stephano
614 3394 725 3459 abbati
744 3413 884 3459 monas-

103 3491 166 3552 terii
184 3495 215 3554 S.
232 3492 406 3554 Benedicti
422 3495 629 3567 casinensis,
652 3497 791 3572 ejusque
816 3495 887 3556 111-

102 3588 193 3650 tribus
205 3593 272 3652 tam
289 3591 510 3667 praesentibus
531 3607 630 3669 quam
650 3591 772 3655 suturis
785 3607 887 3668 regu-

103 3683 191 3748 larem
205 3690 311 3750 ritam
326 3686 484 3765 protessis
500 3689 535 3749 in
548 3689 754 3766 perpetuum.
805 3673 808 3681 ’

134 3786 352 3864 omnipotenti
367 3787 446 3858 Deo,
467 3787 561 3862 quus
575 3787 695 3848 melior
718 3787 768 3849 est
780 3787 885 3848 mise-

101 3879 230 3945 ricordia
244 3883 456 3960 supervitas,
477 3885 603 3960 gratias
619 3885 749 3962 agimus
771 3884 887 3962 copio-

102 3993 156 4050 111,
184 3983 344 4058 quoniam
373 3981 540 4058 gloriosus
576 3982 612 4043 in
641 3983 765 4045 sanctis
802 3983 882 4055 suis,

102 4074 186 4152 atque
208 4078 376 4141 mirabilis
397 4079 462 4150 est,
486 4081 519 4141 et
543 4079 684 4142 virtutes
706 4095 784 4140 suas
811 4079 886 4140 ubi-

102 4187 225 4252 cumque
238 4176 314 4240 vult
327 4175 490 4238 ineffabili
504 4176 652 4238 bonitate
670 4177 882 4239 demonstrat.

54 4319 60 4332 .
102 4269 162 4345 lpse
175 4274 297 4352 quippe
319 4273 522 4351 dignationis
548 4291 618 4337 suae
642 4275 886 4353 1111111111-

101 4367 250 4433 tissimum
264 4372 481 4434 Benedictum
495 4371 621 4449 patrem
635 4372 886 4435 11111111111111-

101 4466 281 4543 pachorum,
306 4470 414 4546 ipsum
439 4471 631 4532 monastice
657 4470 884 4548 legislatorem

101 4563 128 4622 et
150 4571 357 4642 operatorem
381 4583 455 4629 1111
483 4567 674 4646 disponens,
705 4569 742 4630 ut
766 4568 884 4630 merito

102 4659 265 4726 casinense
290 4665 530 4728 monasterium
546 4667 580 4726 in
596 4682 671 4743 quo,
686 4666 718 4727 11
742 4665 885 4728 sanctis-

102 4757 170 4820 sime
189 4763 275 4826 uixit
297 4765 330 4824 et
351 4763 593 4839 gloriosissime
614 4763 707 4836 obiit,
731 4763 883 4826 omnibus

102 4858 372 4928 peroccidentem
393 4859 605 4921 monasteriis
627 4859 797 4936 dignitatis
813 4860 886 4937 pri-

16 5003 21 5014 .
101 4951 207 5030 1111111
222 4957 413 5019 antecellat.
437 4957 599 5028 Quoniam
621 4957 725 5033 igitur
748 4957 883 5034 dignum

15 5098 16 5107 ,
102 5051 150 5121 est,
166 5054 277 5116 uttam
288 5053 419 5116 celebre
430 5071 469 5116 ac
485 5055 631 5116 solemne
646 5054 883 5117 monasterium

101 5147 278 5221 Apostolica
309 5153 412 5214 Sedes
442 5153 621 5230 specialius
651 5154 881 5231 amplectatur,

102 5249 326 5311 nonasterium
354 5250 482 5327 ipsum,
509 5251 550 5311 ad
566 5251 750 5328 exemplar
775 5250 882 5312 felicis

15 5363 16 5378 ¹
100 5347 255 5408 memoriae
271 5347 449 5410 Clementis
464 5337 700 5410 et'lnnocentii
715 5351 884 5410 Romano-

16 5495 17 5506 .
101 5451 163 5500 rum
179 5445 375 5507 Pontificum
397 5445 679 5524 praedecessorum
694 5448 882 5508 nostrorum

16 5517 17 5554 ³
104 5536 154 5596 suh
167 5538 252 5603 beati
270 5543 357 5605 Petri
373 5546 406 5605 et
421 5543 533 5606 nostra
549 5544 754 5622 protectione
774 5545 884 5606 susci-

16 5628 24 5715 1
104 5633 207 5710 pimus,
224 5640 257 5700 et
275 5641 447 5717 praesentis
467 5640 583 5720 scripti
601 5641 776 5720 privilegio
792 5659 884 5705 com-

17 5724 24 5749 *
105 5734 256 5798 muninus.
274 5740 310 5800 ln
323 5739 439 5818 primis
458 5735 621 5820 siquidem
637 5739 830 5814 statuentes,
847 5741 883 5804 ut

938 565 1027 628 idam
1043 565 1293 640 monasterium,
1309 567 1342 632 et
1356 568 1468 630 omnia
1483 583 1556 647 quae
1572 569 1613 632 ad
1626 571 1736 649 ipsum

939 665 1107 742 pertinent
1121 665 1218 742 pleno
1235 668 1312 742 jnre
1332 667 1444 744 quieta
1469 683 1611 746 semper,
1635 671 1668 731 et
1693 669 1735 730 ah

940 763 1030 824 omni
1054 766 1136 840 jugo
1164 764 1354 825 mortalium
1393 764 1499 826 lihera
1535 766 1596 826 suh
1631 766 1735 829 solius

940 861 1064 922 sanctae
1079 863 1237 923 Romanae
1251 861 1408 923 Ecclesiae
1419 864 1495 940 Jure
1519 879 1558 925 ac
1577 866 1736 941 perpetua

940 957 1131 1020 (1111111111
1152 959 1346 1021 consistant.
1372 961 1538 1022 Praeterea
1558 972 1737 1039 quascum-

940 1071 1003 1132 que
1029 1057 1270 1133 possessiones,
1299 1073 1512 1136 quaecumque
1539 1057 1627 1121 bona
1648 1059 1735 1121 idem

939 1155 1176 1217 monasterium
1191 1155 1226 1215 in
1244 1157 1497 1232 praesentiarum
1515 1157 1604 1234 J'uste
1619 1174 1658 1218 ac
1673 1174 1734 1219 ca-

939 1251 1060 1313 nonice
1071 1252 1227 1329 possidet,
1245 1255 1303 1314 aut
1314 1252 1350 1312 in
1360 1253 1507 1314 futurum
1520 1255 1736 1316 concessione

940 1349 1148 1422 Pontificum,
1159 1350 1336 1424 largitione
1343 1365 1460 1426 regum
1468 1351 1520 1413 vel
1534 1351 1731 1429 principum,

940 1444 1109 1508 oblatione
1128 1446 1286 1520 fidelium,
1310 1463 1370 1508 seu
1394 1448 1470 1510 aliis
1490 1449 1591 1526 justis
1615 1449 1732 1520 modis,

939 1545 1119 1622 praestante
1149 1545 1288 1607 Domino
1310 1545 1432 1622 poterit
1459 1546 1610 1623 adipisci,
1638 1547 1735 1608 firma

939 1640 1044 1715 111111,
1060 1642 1247 1719 vestrisque
1274 1642 1532 1716 successorihus,
1555 1645 1588 1705 et
1606 1644 1736 1706 illibata

940 1741 1166 1816 permaneant.
1190 1740 1363 1818 inquibus
1384 1741 1456 1802 haec
1469 1741 1612 1819 propriis
1632 1741 1734 1802 duxi-

940 1853 1013 1898 mus
1027 1837 1263 1916 experimenda
1277 1837 1460 1900 vocabulis.
1477 1840 1514 1899 ln
1527 1839 1643 1916 primis
1663 1855 1737 1900 mo-

941 1935 1122 1997 nasterium
1153 1935 1277 1996 domini
1307 1935 1489 1998 Salvatoris
1522 1936 1664 2014 positum
1693 1937 1735 1998 ad

940 2032 1057 2110 pedem
1072 2032 1184 2092 Casini
1204 2033 1338 2105 Montis,
1352 2035 1588 2095 monasterium
1605 2033 1734 2095 Sanctae

941 2129 1125 2191 Genetricis
1153 2130 1212 2191 Dei
1238 2129 1386 2207 Virginis
1418 2131 1534 2193 Mariae
1560 2131 1646 2209 quod
1670 2148 1734 2193 11-

940 2227 1036 2289 catur
1065 2227 1294 2300 Plumbarola,
1333 2228 1570 2292 monasterium
1604 2228 1735 2290 Sanctae

939 2325 1056 2386 Mariae
1088 2325 1124 2385 in
1157 2323 1293 2401 Cingla,
1331 2325 1449 2387 cellam
1488 2325 1601 2386 Sancti
1628 2327 1737 2386 Bene-

940 2419 1019 2482 dicti
1047 2421 1083 2482 in
1109 2423 1236 2498 capua,
1266 2438 1340 2483 cum
1372 2422 1465 2484 cellis
1497 2422 1531 2483 et
1561 2421 1735 2500 pertinen-

939 2519 995 2581 tiis
1019 2519 1099 2591 suis,
1125 2519 1238 2581 Sancti
1261 2519 1379 2596 Angeli
1403 2518 1445 2581 ad
1471 2521 1636 2592 Bormam,
1660 2535 1735 2580 cum

939 2617 1033 2678 cellis
1049 2619 1083 2680 et
1101 2617 1311 2693 pertinentiis
1334 2617 1415 2691 suis,
1440 2617 1552 2680 Sancti
1573 2616 1735 2678 Johannis

940 2713 1142 2786 Puellarum,
1161 2714 1274 2776 Sancti
1289 2714 1375 2787 Ruti,
1392 2716 1425 2775 S.
1438 2713 1606 2776 Benedicti
1617 2713 1732 2786 Pizoli,

941 2811 1053 2873 Sancti
1071 2812 1191 2888 Angeli
1211 2812 1252 2873 ad
1267 2811 1470 2886 odaldiscos,
1495 2815 1527 2874 S.
1544 2811 1682 2887 Agathae
1697 2811 1734 2872 in

939 2911 1076 2982 Aversa,
1097 2910 1228 2971 Sanctae
1242 2909 1383 2972 Caeciliae
1405 2910 1438 2972 et
1458 2910 1571 2971 Sancti
1591 2909 1735 2971 Dimitrii

939 3007 975 3068 in
989 3007 1141 3084 Neapoli.
1167 3010 1205 3068 ln
1220 3007 1356 3069 civitate
1380 3007 1613 3070 Beneventana
1628 3007 1737 3069 eccle-

940 3104 1024 3166 siam
1054 3105 1168 3168 Sancti
1187 3105 1357 3167 Benedicti
1379 3105 1420 3166 ad
1445 3106 1580 3168 Portam
1608 3104 1733 3178 Rufini,

941 3201 1052 3264 Sancti
1068 3203 1198 3264 Nicolai
1211 3205 1247 3264 in
1265 3202 1402 3265 civitate
1417 3205 1522 3276 Nova,
1540 3203 1653 3264 Sancti
1667 3205 1736 3262 Be-

939 3301 1063 3362 nedicti
1077 3302 1112 3362 in
1128 3302 1290 3374 Pantana,
1312 3302 1426 3362 Sancti
1440 3301 1572 3363 Nicolai
1587 3301 1621 3361 in
1636 3299 1736 3361 Patra

939 3398 1109 3472 Pulecina,
1144 3401 1177 3460 S.
1206 3399 1341 3475 Georgii
1370 3399 1407 3459 in
1434 3399 1592 3469 Benuclo,
1623 3397 1736 3458 Sancti

938 3496 1100 3558 iohannis
1117 3496 1151 3556 in
1165 3497 1357 3568 Turlecus0,
1373 3496 1487 3557 Sancti
1501 3495 1591 3557 Petri
1606 3495 1641 3556 11
1656 3497 1737 3556 Ros·

939 3609 1031 3666 sano,
1048 3597 1081 3655 S.
1098 3594 1217 3669 Angali
1228 3595 1263 3653 in
1274 3593 1444 3670 Capraria,
1458 3592 1571 3654 Sancti
1583 3592 1736 3654 Januarii

938 3706 1041 3768 prope
1055 3693 1291 3762 Beneventum,
1315 3690 1429 3751 Sancti
1449 3689 1584 3751 Martini
1600 3687 1733 3758 ibidem,

939 3789 1052 3850 Sancti
1075 3787 1228 3866 Dionysii
1260 3788 1296 3848 in
1338 3787 1453 3860 Ponte,
1488 3788 1520 3847 S.
1552 3779 1732 3858 anastasii,

939 3885 1069 3948 Sanctae
1093 3885 1210 3948 Mariae
1242 3885 1278 3946 in
1305 3885 1450 3946 canneto
1475 3883 1573 3960 J'uxta
1597 3883 1735 3944 fluvium

937 3983 1098 4055 Trinium,
1142 3981 1254 4046 Sancti
1295 3981 1467 4044 Laurentii
1508 3981 1544 4044 11
1582 3980 1734 4054 8111111,

939 4081 1052 4143 Sancti
1067 4080 1271 4142 liberatoris
1294 4081 1329 4142 in
1344 4079 1506 4152 Marchia,
1533 4095 1608 4140 cum
1628 4077 1737 4140 omni-

936 4179 998 4240 hus
1011 4179 1081 4240 suis
1097 4178 1321 4256 pertinentiis,
1337 4180 1370 4239 S.
1386 4177 1556 4239 Benedicti
1571 4177 1605 4238 iu
1617 4174 1734 4249 Marsi,

939 4278 971 4338 S.
989 4277 1104 4338 Mariae
1119 4277 1155 4336 in
1166 4279 1276 4348 ¹Luco,
1293 4278 1326 4336 S.
1342 4275 1505 4339 cosmatis
1519 4276 1555 4336 in
1569 4274 1733 4346 Civitella,

939 4374 1052 4436 Sancti
1065 4373 1184 4450 angeli
1199 4375 1234 4434 in
1255 4375 1374 4436 Barcio
1390 4389 1464 4434 cnm
1488 4372 1640 4436 omnihus
1653 4386 1734 4450 per-

936 4471 1087 4533 tinentiis
1116 4472 1197 4544 suis,
1230 4471 1359 4532 Sanctae
1386 4469 1502 4530 Mariae
1528 4463 1747 4530 Ancillarum'

937 4567 995 4630 Dei
1010 4569 1046 4630 in
1062 4569 1197 4630 civitate
1219 4568 1408 4639 cosentina,
1440 4565 1552 4628 Sancti
1580 4567 1673 4628 Petri
1693 4564 1734 4626 de

937 4669 1038 4740 Lacu,
1063 4667 1175 4729 Sancti
1191 4667 1282 4727 Petri
1297 4666 1337 4726 de
1358 4663 1519 4727 Avellana
1541 4679 1616 4724 cum
1640 4662 1733 4724 cellis

937 4765 970 4826 at
982 4764 1192 4848 pertinentiis
1208 4763 1291 4833 saie,
1309 4762 1422 4823 Sancti
1434 4760 1565 4822 Erasini
1578 4762 1611 4823 11
1626 4763 1658 4821 S.
1675 4761 1735 4820 Be·

937 4861 1071 4934 nedicti,
1089 4861 1123 4923 et
1135 4863 1167 4922 S.
1187 4859 1401 4921 scholasticae
1417 4859 1452 4919 in
1474 4858 1601 4930 Gaieta,
1619 4857 1734 4920 Sancti

936 4959 1098 5022 11111111
1118 4957 1243 5020 Fundis
1258 4973 1332 5020 cum
1355 4955 1450 5018 cellis
1475 4955 1508 5017 et
1521 4955 1731 5033 pertinentiis

937 5056 1018 5130 suis,
1036 5056 1166 5118 Sancta
1178 5055 1316 5131 Agatltaa
1331 5055 1364 5116 et
1375 5053 1487 5115 Sancti
1502 5053 1683 5126 Benedicti,
1701 5053 1734 5114 et

938 5155 1049 5216 Sancti
1066 5153 1226 5232 Stephani
1245 5153 1280 5214 in
1294 5153 1486 5226 Terracina,
1512 5151 1624 5213 Sancti
1641 5151 1733 5213 Petri

936 5253 970 5313 in
983 5253 1132 5324 Boresta,
1157 5267 1231 5312 cunr
1246 5252 1341 5313 cellis
1365 5252 1398 5313 et
1414 5249 1625 5328 pertinentiis
1647 5249 1729 5321 suis,

937 5353 970 5412 S.
995 5349 1106 5411 ¹Heliae
1137 5349 1172 5409 in
1199 5349 1381 5421 Ambrisia,
1417 5349 1529 5409 Sancti
1562 5345 1659 5408 Pauli
1693 5347 1730 5406 in

937 5449 1084 5518 Foresta,
1104 5449 1136 5508 S.
1153 5447 1270 5508 Mariae
1286 5446 1359 5508 etS.
1371 5445 1539 5508 vincentii
1554 5443 1587 5504 in
1604 5443 1730 5506 Ponte·

936 5561 1037 5606 curvo
1053 5561 1127 5605 cum
1140 5544 1233 5604 cellis
1247 5545 1279 5605 et
1290 5542 1498 5620 pertinentiis
1514 5541 1596 5613 suis,
1614 5541 1725 5601 Sanct'

935 5641 1103 5704 Benedicti
1118 5641 1153 5702 in
1168 5641 1366 5718 Bagnorala,
1380 5641 1412 5700 S.
1431 5639 1546 5700 Mariae
1560 5639 1593 5700 et
1608 5641 1641 5699 S·
1657 5639 1727 5699 Lu·
1819 5717 1823 5725 ι

935 5739 995 5802 ciae
1019 5739 1055 5802 in
1086 5737 1170 5800 ltivo
1198 5737 1360 5810 Matricio,
1396 5735 1508 5802 Sancti
1536 5727 1667 5797 Nicolai
1697 5735 1729 5796 et
