4058 6308
870 315 1047 377 HONORII
1068 315 1114 376 111
1136 315 1285 378 OPERA.

566 485 750 576 textili

247 727 299 786 Act
314 723 522 800 manistmcm
537 722 571 784 et
584 721 718 796 fratres
733 723 855 782 denaus
869 721 1046 794 noscitans

338 825 379 884 de
404 821 544 898 lertcto
561 823 763 882 Leudnnen.
780 821 946 881 diaecesis.

540 989 557 1046 3
573 994 656 1046 mart.
674 988 753 1045 tall.

278 1115 399 1180 literati„
411 1113 457 1166 lib.
469 1115 488 1174 1,
503 1113 576 1180 epist.
589 1113 644 1164 296.
657 1114 714 1164 Mss.
731 1113 768 1164 La
780 1112 855 1162 Portc
869 1110 904 1160 du
918 1109 1012 1174 Theill.

247 1269 306 1344 Ipsi
325 1268 511 1343 ipsorumque
527 1266 602 1326 bona
617 1266 670 1326 sub
684 1267 860 1341 protectione
878 1264 954 1323 beati
969 1265 1045 1323 Petri

263 1351 269 1364 ⁴
545 1357 748 1432 suscipiuntur.

288 1501 468 1571 Honorius,
489 1501 563 1576 ete,
582 1501 712 1564 dilectis
733 1501 812 1562 tiliis
834 1499 993 1576 magistro
1013 1497 1046 1560 et

249 1597 408 1661 fratribus
424 1599 540 1662 domus
555 1601 731 1678 hospitalis
747 1600 787 1662 de
802 1598 942 1675 Vigneto
957 1601 1047 1660 Lau-

249 1697 370 1760 dunen.
387 1698 552 1761 dioecesis.

288 1796 392 1860 Justis
418 1798 615 1874 petentium,
643 1796 724 1869 etc,
748 1811 856 1870 aspare
879 1792 1043 1857 inclinati.

248 1897 415 1956 Personas
430 1895 570 1968 vestras,
589 1895 623 1956 et
638 1894 771 1957 domurn
790 1895 912 1972 ipsam,
929 1895 965 1954 in
982 1910 1046 1971 qua

249 1991 361 2055 divino
375 1995 455 2056 estis
470 1994 628 2072 obsequio
641 1993 833 2070 mancipati,
848 2008 923 2054 cum
938 1991 1048 2053 omni-

248 2089 309 2154 bus
329 2087 436 2165 bo'nis,
450 2108 523 2170 quae
538 2092 573 2153 in
592 2092 847 2170 praesentiarum
861 2089 1047 2152 rationabi-

249 2188 326 2252 liter
340 2190 527 2268 possidetis‚
543 2190 650 2253 autin
665 2190 812 2253 futurum
824 2189 925 2269 justis
939 2187 1046 2249 modis

248 2289 426 2364 praestante
450 2290 592 2352 Domino
621 2288 772 2367 poteritis
801 2287 957 2366 adipisci,
985 2285 1046 2347 sub

247 2383 337 2448 beati
358 2387 450 2449 Petri
476 2386 510 2451 et
532 2389 647 2450 nostra
671 2387 875 2465 protectione
899 2385 1046 2462 suscipi-

247 2484 1043 2562 mus3specialiterautempossessiones,hortos,

247 2584 282 2644 et
296 2583 363 2644 alia
377 2582 464 2644 bona
478 2585 591 2645 restra
607 2583 693 2645 sicut
707 2585 819 2645 omnia
829 2586 920 2662 juste
936 2599 976 2644 ac
990 2598 1047 2659 pa·

248 2679 342 2741 cilice
364 2681 556 2758 possidetis,
581 2681 676 2742 robis
702 2683 735 2744 et
762 2697 822 2758 per
849 2697 908 2743 vos
937 2679 1045 2742 eidem

249 2776 362 2838 domui
382 2779 501 2840 vestrae
530 2777 728 2840 auctoritate
753 2778 943 2855 Apostolica
972 2793 1047 2839 con·

249 2873 438 2948 firmamus,
466 2876 499 2938 et
522 2875 696 2954 praesentis
719 2876 835 2952 scripti
860 2876 1045 2954 patrocinio

249 2973 502 3036 communimus.
518 2974 611 3036 Nulli
627 2990 717 3051 ergo,
734 2974 810 3048 etc,
820 2975 948 3036 ¹nostrae
969 2991 1047 3052 pro-

249 3072 404 3134 tectionis
423 3073 457 3135 et
470 3073 743 3140 confirmationis.
763 3073 825 3135 etc.
846 3073 881 3136 Si
896 3073 970 3152 quis
985 3089 1047 3134 au-

252 3169 326 3242 tem,
343 3171 406 3232 etc.

289 3268 409 3328 Datum
435 3268 607 3341 Laterani,
633 3268 748 3346 quinto
782 3284 888 3330 nonas
921 3271 1044 3345 martii,

248 3365 461 3444 pontificatus
476 3367 582 3429 nostri
597 3382 684 3428 anno
700 3367 819 3444 primo.

605 3571 698 3663 CCL

367 3773 421 3833 Ad
437 3773 668 3848 prepositum
689 3772 722 3834 et
740 3773 930 3848 caparnaum

500 3874 792 3949 monciacensem.

541 4037 559 4095 3
573 4045 656 4096 mart.
675 4037 753 4096 1217.

251 4141 394 4207 [lltmoires
410 4142 444 4192 de
458 4141 484 4193 le
499 4142 597 4194 Societd
618 4142 813 4208 archtologiqne
830 4144 861 4194 dc
877 4143 1047 4210 blontpcllier,

514 4227 533 4271 t.
549 4223 577 4283 V,
591 4238 617 4287 p.
631 4223 687 4282 aar,
701 4234 729 4272 n⁰
739 4223 791 4289 28.]

1829 321 1885 382 312

1100 475 1220 538 debent
1232 475 1484 540 excusationem
1496 475 1590 538 illam
1600 477 1668 538 Deo
1677 477 1881 555 praetendere,

1100 576 1157 653 qui
1170 575 1308 638 tradidit
1321 576 1490 648 universa,
1509 592 1607 654 quam
1621 577 1785 638 militibus
1799 578 1883 639 scili-

1101 675 1153 737 cet
1167 692 1234 738 non
1253 675 1473 753 praetendunt,
1490 691 1565 737 cum
1580 675 1701 753 quibus
1719 679 1885 754 proventus

1101 789 1257 851 agrorum
1284 773 1491 852 frequentius
1515 774 1719 851 partiuntur,
1750 790 1887 851 praesen-

1100 872 1182 935 tium
1201 873 1296 936 vobis
1318 873 1517 934 auctoritate
1535 873 1693 934 duximus
1716 873 1886 949 indulgen-

1100 972 1194 1045 dum,
1213 971 1316 1050 quod,
1341 970 1521 1049 siquando
1544 971 1676 1049 praefati
1704 971 1888 1050 parochiani

1101 1070 1161 1131 sub
1182 1070 1369 1132 velamento
1392 1071 1458 1132 isto
1480 1070 1626 1132 decimae
1640 1071 1788 1132 retinere
1806 1087 1888 1148 prae-

1101 1170 1312 1247 sumpserint,
1342 1171 1375 1232 et
1399 1183 1469 1243 eas,
1495 1169 1581 1231 sicut
1604 1168 1790 1246 antiquitus
1814 1184 1888 1230 con-

1101 1270 1230 1330 suetum
1252 1270 1313 1340 est,
1343 1267 1419 1345 post
1440 1267 1733 1329 commonitionem
1756 1267 1889 1328 vestram

1100 1367 1280 1440 noluerint,
1301 1367 1374 1427 sine
1390 1365 1509 1428 talium
1528 1381 1755 1444 expensarum
1774 1365 1889 1426 deduc-

1099 1465 1201 1536 tione,
1232 1465 1435 1544 persolvere,
1469 1464 1693 1542 compellendi
1727 1480 1796 1536 eos
1825 1463 1890 1524 sine

1101 1565 1335 1642 appellationis
1356 1564 1543 1638 obstaculc,
1564 1580 1624 1641 per
1643 1577 1820 1625 censuram
1836 1577 1889 1623 ca·

1101 1665 1255 1727 nonicam
1271 1663 1423 1725 babeatis
1435 1663 1575 1725 liberam
1590 1661 1795 1725 facultatem.

1142 1765 1261 1825 Datum
1277 1763 1445 1836 Laterani,
1462 1765 1491 1825 V
1505 1778 1610 1824 nonas
1623 1760 1750 1833 martii,
1766 1755 1891 1838 pontifi-

1101 1863 1194 1926 catus
1209 1861 1316 1924 nostri
1331 1877 1419 1923 anno
1434 1861 1552 1939 primo.

1446 2075 1558 2164 tell

1154 2253 1206 2313 Aa
1219 2253 1421 2314 Marsicam
1435 2253 1631 2312 Lunensem
1645 2251 1849 2324 episcopum.

1394 2365 1412 2422 l
1425 2371 1508 2422 mart.
1526 2365 1604 2423 1217.

1256 2471 1375 2538 [Uglrelli
1390 2469 1467 2522 ltalia
1478 2483 1557 2520 sacra.
1572 2475 1592 2520 t.
1604 2470 1623 2530 1,
1639 2483 1665 2534 p.
1676 2469 1746 2534 852]

1162 2606 1384 2668 concessionem
1396 2603 1501 2663 factam
1514 2605 1550 2662 ab
1562 2604 1732 2663 Innocentio
1745 2618 1793 2677 pp.
1803 2602 1841 2660 lll

1421 2695 1581 2753 confirmat.

1140 2823 1309 2887 Honorius
1321 2824 1508 2901 episcopus,
1517 2837 1634 2883 servus
1645 2834 1818 2884 servornm
1827 2813 1891 2886 Dei,

1100 2923 1286 2986 venerabili
1302 2921 1398 2984 fratri
1407 2921 1556 2984 Marnino
1571 2921 1719 2982 Lunensi
1730 2917 1888 2996 episcopo,

1101 3025 1239 3100 ejusque
1254 3020 1505 3084 successoribus
1521 3019 1681 3082 canonice
1694 3016 1892 3080 substituen-

1101 3121 1199 3183 disin
1215 3122 1422 3199 perpetuum.

1139 3221 1257 3298 Ampla
1277 3220 1389 3282 divino
1409 3233 1546 3280 munere
1567 3232 1687 3279 manus
1702 3209 1894 3293 Apostolicae

1103 3320 1198 3382 Sedis
1220 3319 1281 3380 hos
1303 3317 1469 3390 humiliat,
1485 3317 1547 3379 hos
1560 3315 1695 3388 exaltat,
1711 3315 1766 3376 his
1782 3323 1893 3388 super·

1102 3419 1171 3480 flua
1179 3417 1354 3490 subtrabit,
1367 3416 1444 3477 aliis
1455 3414 1645 3477 necessaria
1654 3407 1892 3480 subministrat

1102 3518 1176 3594 ipsa
1189 3516 1289 3589 enim,
1303 3515 1463 3593 tanquam
1476 3514 1582 3576 mater
1596 3512 1747 3575 omnium
1757 3519 1891 3588 genera-

1103 3616 1155 3689 lis,
1178 3631 1279 3693 quum
1295 3629 1512 3691 personarum
1532 3612 1662 3684 merita,
1679 3611 1713 3672 et
1725 3604 1890 3685 temporis,

1103 3715 1135 3776 et
1162 3713 1228 3775 loci
1254 3712 1447 3790 qualitatem
1472 3705 1629 3781 attendat,
1655 3709 1716 3770 bos
1745 3699 1891 3771 honorat,
1997 3747 1998 3792 ἶ

1103 3813 1204 3874 immo
1229 3811 1352 3889 saepius
1378 3810 1538 3872 honorem
1556 3807 1724 3880 oneribus,
1756 3806 1788 3868 et
1815 3813 1892 3864 onus

1103 3912 1229 3979 honore
1244 3924 1475 3986 compensans,
1488 3907 1521 3970 et
1531 3908 1648 3969 onerat
1662 3903 1851 3972 honoratos,
1865 3896 1894 3957 et

1103 4009 1258 4070 oneratos
1274 4007 1428 4069 honorat.
1447 4007 1517 4066 Hac
1532 4003 1693 4082 siquidem
1709 4003 1838 4066 ratione
1854 3995 1894 4056 fe·
1997 3999 1998 4034 l

1102 4107 1177 4168 licis
1192 4105 1366 4168 memoriae
1377 4103 1591 4166 Innocentius
1605 4105 1697 4180 Papa
1713 4099 1894 4178 praedeces·
1997 4073 1998 4144 ἶ

1104 4201 1893 4280 sornosterinductusspecialemgratiamqnam
1997 4187 1998 4270 ζ

1103 4303 1144 4366 ad
1165 4319 1342 4382 personam
1360 4301 1425 4363 bon
1440 4317 1538 4362 mem.
1556 4298 1718 4362 Gualterii
1736 4289 1892 4358 Lunensis
1997 4337 1998 4350 .

250 4390 447 4467 indulgeant,
461 4392 486 4449 sl
499 4390 614 4465 quando
627 4406 726 4449 comm
740 4390 907 4466 parochiani
922 4392 1049 4454 decimas
1103 4389 1261 4483 episcopi,
1279 4401 1349 4462 suis
1363 4399 1574 4476 exigentibus
1591 4397 1730 4468 meritis,
1748 4396 1782 4458 et
1794 4404 1891 4470 prop·
1997 4385 1998 4390 ’

285 4483 408 4540 retinere
427 4482 671 4557 presumpserint,
691 4482 755 4540 illas
775 4480 810 4540 ad
828 4482 1048 4556 persolvendum
1102 4501 1154 4562 per
1172 4502 1282 4578 ipsum
1301 4498 1343 4560 ad
1363 4496 1539 4560 ecclesiam
1559 4499 1746 4557 Lunensem
1765 4484 1893 4570 gerebat
1997 4545 1998 4548 ,

285 4573 466 4646 ⁰⁰¹¹¹t³0¹¹³¹¹¹·
1103 4599 1288 4672 attendens,
1305 4598 1338 4660 et
1350 4597 1467 4660 volens
1481 4595 1587 4672 ipsius
1603 4593 1754 4656 ecclesiae
1766 4579 1892 4654 utilitati

289 4699 457 4760 Honorius
467 4699 654 4777 episcopus,
665 4713 782 4762 servus
791 4713 966 4760 servorum
975 4697 1046 4772 Dei,
1104 4698 1289 4770 consulere,
1326 4695 1367 4757 de
1398 4694 1566 4757 communi
1593 4691 1733 4754 fratrum
1762 4680 1891 4752 consilio

252 4794 381 4858 dilectis
396 4797 474 4858 liliis
490 4798 668 4876 praeposito
684 4799 716 4861 et
731 4799 877 4876 capitulo
893 4798 1047 4875 Magalo—
1104 4795 1341 4857 monasterium
1351 4794 1522 4862 Aretense,
1539 4791 1625 4870 quod
1636 4790 1677 4851 ad
1689 4782 1890 4867 jurisdictio·
1997 4855 1998 4862 ἵ

250 4893 357 4966 nensi,
381 4893 521 4956 salutem
541 4896 574 4957 et
592 4897 816 4974 Apostolicam
836 4896 1047 4959 benedictio-
1103 4908 1179 4954 nem
1194 4893 1288 4954 Sedis
1301 4892 1501 4970 Apostolicae
1519 4888 1718 4966 pertinebat,
1735 4901 1809 4948 cum
1823 4891 1892 4960 per·

250 5005 339 5050 nem.
1102 4991 1252 5053 tinentiis
1263 4991 1333 5052 suis
1344 4989 1483 5068 praefato
1494 4989 1660 5066 episcope,
1674 4986 1707 5048 et
1720 4984 1888 5063 peripsum

291 5089 329 5148 ln
349 5086 521 5148 audientia
540 5088 655 5150 nostra
675 5091 725 5152 est
742 5093 946 5170 propositum
961 5093 1048 5170 quod
1104 5088 1257 5151 ecclcsiae
1296 5088 1444 5150 Lunensi
1475 5084 1653 5158 concessit,
1682 5072 1888 5146 confirmavit.

250 5185 448 5263 parochiani
471 5187 576 5247 vestri
606 5187 751 5248 decimas
776 5191 928 5252 ecclesiis
953 5190 1047 5252 vobis
1104 5187 1219 5265 suique
1239 5185 1354 5263 scripti
1374 5184 1549 5262 privilegio
1565 5183 1790 5246 communivit.
1807 5170 1890 5238 Unde

173 5311 196 5372 '.
252 5285 438 5346 commissis
464 5283 581 5345 nolunt
604 5301 679 5345 cum
703 5286 894 5362 integritate
918 5289 1049 5366 persoi-
1103 5285 1209 5358 nobis,
1233 5283 1362 5346 nemin
1384 5282 1514 5344 Christo
1535 5272 1892 5358 fraterepiscope,l1u·

250 5399 340 5456 rere‚
367 5383 515 5446 volentes
540 5398 583 5444 ex
605 5382 688 5459 ipsis
713 5399 877 5460 expensas
904 5387 1048 5464 primum
1103 5383 1227 5444 militer
1246 5379 1454 5458 supplicasti,
1477 5381 1513 5441 ut
1533 5380 1780 5441 concessionem
1794 5376 1889 5452 ipsam
1997 5437 1998 5440 ,

183 5535 185 5540 ,
251 5481 426 5554 deducere,
453 5497 535 5558 quas
559 5481 595 5542 in
617 5479 809 5553 seminibus,
832 5483 885 5544 rel
907 5501 1049 5561 congre·
1102 5479 1291 5558 Apostolico
1304 5479 1519 5555 dignaremur
1533 5478 1717 5539 munimine
1730 5475 1887 5537 roborare.

251 5581 368 5657 pandis
388 5579 550 5656 frugibus,
573 5595 633 5641 seu
656 5578 873 5656 agricultura,
894 5583 948 5643 vel
970 5583 1047 5643 aliis
1103 5581 1172 5640 Nos
1195 5578 1298 5654 igitur
1319 5577 1472 5655 precibus
1495 5576 1561 5639 tuis
1583 5576 1763 5652 benignum
1776 5573 1890 5646 imper·

251 5679 370 5754 modis
396 5677 514 5742 fecisse
544 5678 736 5743 noscuntur.
767 5679 850 5750 Quia
872 5696 952 5742 roro
981 5697 1048 5744 non
1102 5677 1221 5740 tientes
1246 5691 1429 5749 assensum,
1456 5675 1489 5737 et
1517 5675 1766 5738 concessionem
1793 5671 1888 5748 ipsam
