3936 6318
239 385 299 447 267
697 371 878 438 HONORII
900 377 944 436 111
967 377 1175 462 οι>11111.-
1193 377 1427 472 sisonchus.
1816 386 1867 447 268

239 557 379 614 marum,
394 555 470 618 quaa
482 537 559 601 dum
571 552 674 602 vonas
695 535 890 608 intentionis
911 551 1032 614 aquam
1086 533 1247 614 effugare,
1263 533 1412 613 leprosos
1424 529 1597 612 mundare,
1616 537 1762 602 mortuos
1775 544 1872 604 susci-

238 637 399 717 propositi
414 650 474 698 suo
487 650 563 696 rora
575 634 729 712 irrigant,
740 635 774 697 et
785 632 973 706 iniundvmt
989 648 1032 696 ne
1085 633 1169 720 tare,
1197 649 1217 696 a
1243 633 1383 696 mortuis
1408 649 1586 711 resurgere
1611 634 1792 700 divinitatis
1817 641 1870 702 est.

237 734 440 798 tructidcans
453 731 915 808 moriatur,perseverantiam
927 731 1033 810 lacry-
1086 731 1291 809 Quicumque
1314 731 1426 794 omnia
1441 731 1505 794 ista
1520 731 1625 794 credit
1646 748 1720 796 cum
1735 735 1807 796 aliis
1820 735 1874 798 ho-

236 849 377 896 merum.
400 832 541 906 Lignum
560 830 647 908 quod
664 833 760 908 juxta
780 829 903 894 tinente
927 846 1033 908 aqua·
1086 829 1139 890 nis
1154 829 1413 906 operationibus,
1437 845 1496 906 per
1519 830 1645 892 scalam
1660 830 1757 894 istam
1772 848 1875 895 ascen·

236 947 309 992 rum
331 931 515 1009 plantatum
542 929 611 1002 est,
636 928 778 990 viridius
800 930 833 990 et
858 928 1031 1006 pulchrius
1086 927 1135 988 dit
1148 929 1180 990 et
1194 927 1251 1005 qni
1271 943 1338 990 non
1356 927 1472 1000 credit,
1488 925 1669 992 descendit.
1688 931 1767 992 Item
1783 947 1875 1008 :gra-

235 1028 312 1091 aliis
336 1044 410 1090 ossa
435 1028 529 1100 solet,
552 1027 585 1088 et
606 1027 713 1103 magis
734 1026 864 1089 crescit.
881 1026 1031 1089 Christus
1086 1023 1147 1086 dus
1171 1025 1271 1103 hujus
1292 1026 1392 1088 scalae
1413 1025 1491 1088 sunt
1518 1027 1711 1103 Evangelia,
1731 1044 1789 1106 per
1809 1045 1874 1107 qua

234 1141 314 1202 ergo
332 1125 439 1188 dictus
458 1127 509 1188 est
522 1124 648 1204 lignum
663 1124 749 1202 quod
775 1125 960 1202 plantatum
982 1125 1032 1186 est
1085 1123 1172 1185 totus
1188 1123 1329 1186 muudus
1344 1123 1482 1200 regitur.

234 1239 333 1292 secus
362 1223 521 1284 decursus
546 1237 720 1300 aquarum,
737 1222 816 1300 quia
839 1222 980 1285 viridior
998 1225 1031 1284 et
1126 1221 1364 1292 Quatuorsunt
1379 1221 1554 1299 qualitates
1569 1221 1610 1284 de
1628 1222 1748 1301 quihus
1768 1223 1873 1285 sancta

235 1321 371 1384 uberior
385 1320 449 1384 init
466 1321 501 1382 in
515 1320 624 1397 gratia
639 1320 769 1384 caeteris
786 1321 922 1384 sanctis.
939 1321 1031 1384 Unde
1086 1317 1266 1396 Evangelia
1301 1321 1523 1382 contexuntur
1546 1335 1554 1380 :
1578 1323 1763 1399 praeopta,
1791 1337 1877 1383 man·

235 1419 271 1484 in
286 1419 491 1496 Evangelio:
512 1423 564 1482 De
582 1419 794 1493 perductae
817 1422 892 1493 ejus
913 1434 1032 1482 omues
1086 1415 1183 1488 data,
1204 1416 1415 1490 testimonia,
1445 1416 1610 1495 exempla.
1640 1421 1677 1480 In
1708 1417 1877 1496 praeceptis

234 1521 439 1595 accepimus,
453 1519 488 1580 et
505 1517 659 1596 gratiam
672 1533 741 1592 pro
759 1520 876 1596 pratia
888 1516 998 1598 (ioan.
1006 1533 1029 1588 1,
1082 1512 1276 1589 justitiam
1288 1514 1456 1578 mandatis
1466 1514 1672 1590 charitas,in
1686 1515 1877 1580 testimoniis

235 1613 301 1694 16).
312 1617 352 1678 nt
360 1615 533 1694 pulchrior
543 1614 696 1680 omnihus
707 1615 781 1678 tuit.
799 1616 893 1678 Unde
903 1615 1029 1678 David:
1085 1610 1178 1684 fides,
1201 1611 1237 1672 in
1255 1612 1418 1690 exemplis
1441 1611 1611 1691 perfectio·
1634 1615 1805 1694 Praecepta
1825 1613 1878 1674 hu·

232 1716 413 1788 speciosus
422 1715 888 1787 sarncprcmtonomtaam
897 1715 969 1792 (Ps.
979 1716 1028 1787 44,
1080 1709 1226 1786 jusmodi
1238 1710 1334 1772 sunt:
1349 1715 1393 1772 ln
1403 1713 1499 1774 vtum
1511 1713 1877 1790 gentiumnecoterttts

232 1809 300 1890 23).
326 1810 367 1872 nt
401 1811 536 1872 isaias:
561 1811 632 1874 Iste
663 1813 838 1885 formosus
873 1813 911 1874 tre
939 1811 1031 1874 stota
1085 1804 1216 1885 (Matth.
1232 1823 1266 1880 x,
1281 1806 1329 1887 5).
1346 1809 1487 1882 Hocest,
1503 1809 1667 1872 declinas
1682 1811 1877 1873 maluitan-

232 1923 309 1982 suc,
329 1911 550 1987 praesancta
562 1908 781 1971 multitudine
802 1909 945 1972 virtutts
957 1924 1031 1972 sace
1085 1904 1172 1977 data,
1189 1905 1225 1970 ut
1249 1906 1312 1968 hoc
1326 1927 1335 1966 ε
1350 1907 1556 1970 harmotum
1578 1922 1708 1970 novam
1720 1912 1763 1971 dc
1777 1911 1874 1978 ooth,

235 2005 294 2086 (Is.
310 2021 406 2079 anu,
428 2004 471 2086 1).
494 2007 565 2070 iste
585 2008 760 2080 serenosus
782 2009 819 2068 tn
840 2006 928 2068 stom
951 2021 1028 2080 aaa,
1084 2003 1123 2063 ut
1150 2005 1300 2080 diligatis
1323 2007 1472 2066 invicem
1497 2003 1608 2084 (toan.
1632 2021 1707 2078 1111,
1730 2004 1796 2086 34),
1818 2003 1875 2065 hoc

233 2104 330 2177 idest,
350 2104 386 2165 in
410 2102 528 2166 habitu
553 2102 967 2180 humanitatis3grcdtens
992 2108 1030 2167 ia
1084 2102 1146 2172 ost,
1162 2099 1216 2164 fao
1229 2100 1353 2163 bonum
1377 2102 1410 2164 ot
1431 2101 1627 2166 charitatem
1642 2102 1756 2181 imple.
1778 2101 1879 2164 Testi-

231 2202 450 2284 multitudine
464 2201 607 2264 virtutis
619 2217 703 2274 suae,
720 2200 816 2273 idest,
830 2201 865 2264 in
882 2202 1029 2278 potentia
1084 2198 1222 2260 monia:
1239 2200 1317 2271 Quae
1345 2199 1381 2260 in
1403 2215 1462 2262 ore
1485 2200 1626 2262 duorum
1641 2200 1693 2264 vol
1713 2201 1825 2274 trium,
1847 2199 1879 2260 ut

232 2315 302 2361 suae
317 2298 513 2362 divinitatis.
527 2299 568 2361 nt
581 2299 688 2376 magis
704 2298 794 2371 aliis,
806 2303 967 2376 quantum
987 2300 1029 2362 ad
1084 2295 1146 2358 hoc
1161 2317 1169 2356 ι
1185 2299 1363 2374 ‹Joannes
1391 2297 1560 2374 perhibuit
1586 2297 1813 2361 testimonium
1839 2296 1877 2358 de

231 2397 462 2475 apparentiam
480 2397 693 2470 exteriorem,
716 2396 750 2458 in
773 2397 936 2474 sapientia
954 2413 1031 2460 cre-
1083 2409 1135 2456 me
1147 2410 1184 2468 v,
1200 2395 1259 2457 sed
1278 2395 1385 2458 haheo
1399 2395 1625 2460 testimonium
1640 2399 1760 2475 majus,
1774 2397 1876 2459 idest:

231 2496 290 2558 vit.
304 2495 398 2558 Unde
408 2495 443 2556 in
454 2495 633 2572 Evangelio
650 2515 658 2556 ε
674 2500 772 2557 Puer
780 2497 881 2560 aean
895 2511 1029 2558 cresce-
1083 2493 1193 2556 Poter
1206 2495 1280 2568 ipse
1299 2497 1358 2568 pat
1372 2496 1410 2556 in
1429 2509 1485 2556 me
1499 2497 1627 2568 ntcrwt,
1645 2495 1877 2559 testimoniam

231 2593 287 2661 hat
312 2593 347 2654 et
367 2592 628 2666 confortabatur
646 2597 770 2666 plenus
789 2595 972 2668 sapterttta,
994 2595 1028 2656 et
1077 2591 1235 2664 perhibet
1254 2593 1296 2653 de
1308 2605 1365 2654 me
1377 2589 1487 2670 (toan.
1505 2607 1566 2665 ιιι,
1580 2590 1645 2673 18).
1659 2593 1830 2672 Exempla,
1846 2592 1879 2653 ut

230 2691 348 2766 pratia
374 2693 438 2751 Det
461 2690 539 2750 erat
552 2704 631 2750 cum
654 2691 709 2751 tuo
729 2687 822 2768 (Luc.
848 2705 886 2758 ιι,
902 2689 968 2770 40).
989 2693 1028 2754 In
1082 2687 1146 2749 hoc
1168 2708 1176 2748 ε
1201 2700 1220 2749 a
1243 2687 1367 2750 Discite
1391 2704 1413 2750 a
1439 2705 1492 2752 me
1519 2691 1598 2768 quia
1629 2691 1719 2753 mitis
1751 2709 1824 2754 sum
1850 2690 1880 2752 st

231 2787 304 2864 ipso
326 2785 414 2847 enim
436 2786 473 2848 ut
492 2785 671 2862 Apostolus
687 2785 745 2858 ait,
761 2787 891 2850 ttaottat
915 2793 1028 2850 omats
1082 2784 1217 2847 humilis
1230 2785 1329 2847 corde
1339 2801 1368 2849 ι».
1381 2788 1420 2849 nt
1436 2787 1666 2866 tEstoteerpo
1679 2788 1713 2850 et
1727 2805 1790 2853 vos
1805 2803 1879 2864 per·

227 2883 404 2961 plenitudo
442 2883 635 2946 divinitatis
680 2885 907 2959 corporaliter
944 2883 1026 2964 (Go-
1080 2883 1172 2975 lectt,
1188 2883 1277 2944 stctd
1291 2884 1325 2946 ct
1339 2883 1578 2948 Paterocster
1588 2887 1736 2948 coelestts
1749 2889 1881 2962 perrec-

233 2983 313 3044 loss.
329 2997 366 3050 ιι,
387 2977 431 3052 9).
447 2981 487 3044 Et
508 2979 583 3042 ideo
598 2979 681 3042 hene
703 2980 789 3054 dico,
803 2982 961 3060 qnanann
984 2984 1027 3045 ad
1082 2980 1139 3042 tus
1150 2981 1202 3042 est
1216 2976 1346 3059 (Matth.
1363 2997 1396 3054 v,
1409 2979 1476 3060 48).
1493 2983 1533 3045 st
1548 2985 1779 3059 :receptum
1790 2985 1880 3046 enim

231 3078 472 3157 apparentiam,
481 3078 559 3156 quia
568 3093 667 3155 quam
677 3079 743 3142 cito
757 3078 820 3144 tuit
834 3081 1024 3159 conceptus,
1081 3079 1158 3140 dedt
1167 3081 1271 3152 coho,
1287 3079 1326 3140 ut
1345 3079 1380 3141 et
1393 3094 1454 3142 cos
1468 3079 1519 3141 tia
1530 3082 1668 3154 factatis
1681 3078 1793 3159 (toan.
1807 3095 1877 3152 1111,

230 3176 348 3239 habuit
375 3175 472 3253 plane
497 3191 628 3238 omnem
652 3177 861 3254 sapientiam.
892 3181 963 3242 Hoc
984 3179 1028 3242 li·
1082 3173 1145 3251 15).
1169 3177 1216 3236 Ila
1230 3177 1396 3253 praecepto
1416 3176 1496 3238 dicit
1506 3177 1878 3258 Davidchraeceptum

228 3290 330 3350 gnum
344 3273 424 3336 tunc
440 3273 623 3350 plantatum
647 3273 708 3346 est,
725 3274 858 3351 quando
876 3275 912 3337 in
932 3277 1026 3340 utero
1081 3271 1214 3333 Domini
1238 3271 1396 3346 lucidum,
1424 3273 1619 3340 illuminans
1648 3275 1807 3340 oculos».
1834 3279 1879 3338 De

229 3371 379 3447 Virginis
393 3371 444 3432 est
457 3370 668 3433 incarnatum
684 3371 770 3434 sicut
792 3372 827 3433 in
846 3373 1026 3450 Evangelio
1081 3369 1236 3434 mandato
1252 3393 1260 3430 :
1276 3371 1423 3434 «Latum
1444 3373 1636 3436 mandatum
1656 3375 1751 3436 tuum
1770 3374 1880 3437 nimis.

230 3469 299 3532 ait:
320 3471 466 3530 Verium
482 3483 566 3530 caro
585 3469 716 3542 sactum
741 3469 1027 3536 asseruerant
1081 3467 1143 3540 Qui
1171 3467 1259 3531 enim
1281 3468 1390 3546 diligit
1403 3469 1601 3546 proximum,
1626 3471 1734 3548 legem
1763 3473 1885 3551 imple-

229 3570 266 3628 tn
278 3569 374 3630 noth
389 3563 498 3644 (Joan.
513 3579 536 3638 1,
554 3562 618 3645 14).
1079 3566 1128 3628 vit
1141 3582 1171 3627 v.
1188 3569 1234 3628 De
1248 3566 1448 3629 testimoniis
1465 3588 1473 3628 ε
1489 3584 1508 3629 ιι
1522 3569 1724 3632 testimonia
1748 3571 1808 3634 tua
1832 3571 1885 3632 in-

267 3664 412 3727 Verhum
430 3662 500 3737 Dei,
524 3662 610 3726 idest
624 3663 730 3725 Filius
750 3663 820 3738 Dei,
838 3663 924 3729 idest
937 3665 1025 3728 Deus
1079 3664 1194 3726 tellexi
1209 3681 1238 3725 s.
1251 3667 1307 3727 Et:
1323 3665 1587 3730 «Testimonium
1598 3667 1729 3731 Domini
1739 3669 1839 3734 fidele
1849 3686 1879 3730 s.

228 3762 431 3836 incarnatus,
447 3762 505 3840 qui
526 3761 633 3825 tactus
647 3763 698 3824 est
710 3762 892 3826 exsemine
906 3763 1023 3837 David,
1080 3761 1160 3823 Plus
1171 3762 1260 3828 enim
1270 3761 1335 3824 ilde
1347 3762 1450 3824 animi
1464 3779 1562 3840 quam
1573 3764 1678 3826 oculis
1691 3769 1808 3830 carnis
1820 3769 1882 3830 tes·

226 3861 550 3924 secundumcaruam
565 3860 736 3924 descendit
749 3861 785 3922 in
799 3861 950 3934 matram,
967 3861 1024 3924 sed
1078 3859 1217 3922 timonia
1233 3860 1394 3937 indigent.
1411 3861 1570 3938 Exempla
1582 3863 1727 3950 marimo
1740 3864 1883 3928 historia

227 3955 388 4020 remansit
401 3973 475 4020 cum
485 3957 595 4020 Patre.
609 3958 760 4034 Suscepit
771 3959 1023 4037 humanitatem,
1080 3957 1236 4019 continet.
1264 3959 1302 4020 ln
1330 3957 1383 4018 his
1405 3959 1547 4034 quatuor
1568 3959 1786 4036 qualitatihus
1807 3962 1883 4024 sunt

228 4056 285 4118 sed
307 4053 445 4117 retinuit
456 4053 631 4116 Deitatem.
646 4057 739 4116 Nam
757 4069 837 4116 cum
854 4057 892 4116 tu
910 4057 1025 4129 forma
1078 4053 1188 4124 timor,
1206 4052 1298 4125 tides,
1315 4069 1401 4130 spes,
1417 4055 1574 4118 charitas.
1589 4056 1722 4122 Timore
1736 4075 1883 4139 namque

224 4155 288 4216 Det
300 4151 400 4223 esset,
416 4165 486 4214 non
500 4152 663 4224 rapinam
678 4150 870 4213 arbitratus
884 4153 936 4214 est
950 4167 1025 4214 esse
1079 4149 1267 4226 incipimus,
1296 4150 1360 4212 tide
1387 4167 1559 4214 servamus
1583 4154 1669 4230 qnod
1686 4155 1880 4234 incipimus,

225 4265 262 4312 se
288 4251 453 4324 opacam
479 4249 562 4316 Deo,
590 4247 787 4310 ectnontott
813 4249 1026 4322 aetermam
1079 4262 1137 4323 spe
1156 4245 1328 4322 erigimur,
1344 4248 1506 4312 charitate
1521 4266 1805 4318 consummamur.
1823 4256 1884 4318 Fi-

223 4349 319 4411 serat
333 4347 503 4421 accipiens
517 4347 555 4406 tc
570 4345 832 4408 similitudinem
846 4349 1025 4410 hominum
1078 4343 1130 4408 nis
1146 4342 1236 4406 onim
1250 4345 1411 4422 praecepti
1425 4347 1475 4410 est
1489 4347 1647 4412 charitas.

224 4446 336 4522 factus
345 4442 504 4508 arnestat
513 4442 826 4506 incentusathomo
836 4441 974 4523 (Philip.
985 4461 1021 4517 ιι,
1117 4441 1160 4504 lii
1187 4443 1263 4507 sunt
1284 4445 1426 4522 quatuor
1449 4461 1581 4507 meuses
1604 4448 1682 4508 ante
1709 4463 1880 4522 messem,

223 4543 268 4622 6).
282 4541 614 4618 Hocautemllgnum
628 4555 695 4604 non
709 4541 745 4602 ln
758 4540 839 4605 rivis
853 4542 910 4603 sed
926 4558 1023 4604 secus
1078 4555 1161 4618 quos
1199 4539 1350 4604 Christus
1387 4542 1544 4618 praedixit
1563 4565 1571 4604 ε
1589 4547 1723 4619 Nonne,
1752 4549 1880 4622 inquit,

223 4644 381 4706 decursus
407 4655 569 4720 aquarum
585 4637 769 4716 plantatum
791 4653 866 4701 esse
888 4638 1021 4711 dicitur,
1077 4639 1880 4722 quatuormeasessuntontemessem(toamrv,

223 4741 300 4820 qnia
313 4741 386 4818 ipse
399 4739 549 4804 Christus
564 4736 753 4802 licettuerit
764 4737 911 4800 humana
922 4753 1022 4800 carne
1076 4728 1151 4814 35)t
1163 4737 1200 4797 ut
1211 4735 1244 4798 ot
1256 4751 1315 4797 nos
1331 4751 1390 4812 per
1403 4741 1568 4815 praeopta
1584 4739 1643 4800 Dei
1658 4740 1691 4802 et
1705 4742 1879 4816 mandata,

222 4837 373 4909 vestitus,
389 4839 576 4900 nontamen
595 4833 658 4899 tuit
677 4836 824 4900 humana
840 4833 1022 4912 fragilitate
1076 4831 1266 4896 testimonia
1298 4834 1396 4911 atque
1424 4836 1598 4914 exempla,
1627 4838 1775 4901 maturos
1802 4842 1883 4918 post

222 4933 378 5011 pollutus.
1071 4930 1235 5008 judicium
1256 4931 1417 4994 metamus
1438 4949 1514 4994 cum
1534 4933 1657 5010 gaudio
1675 4933 1827 5014 tructus3
1847 4940 1881 5000 et

262 5029 418 5106 Sequitur
434 5029 543 5092 :Vidit
550 5029 660 5116 ,Jacob
675 5031 812 5094 scalam.
827 5033 865 5096 In
879 5029 933 5094 his
943 5031 1022 5094 duo·
1076 5028 1133 5106 qui
1148 5027 1184 5090 in
1198 5027 1355 5106 lacrymis
1375 5028 1503 5091 timoris
1525 5032 1653 5093 semina
1668 5035 1881 5110 poenitentia

220 5128 282 5190 hus
307 5125 407 5203 lignis
430 5125 554 5189 diversi
578 5129 655 5194 sunt
677 5130 800 5205 gradus
815 5128 925 5207 positi,
942 5129 1020 5206 quia
1071 5123 1286 5202 jactavimus,
1313 5127 1484 5203 portantes
1512 5127 1686 5192 charitatis
1715 5133 1879 5208 manipu-

220 5225 398 5290 inGhristo
413 5222 555 5286 diversae
582 5224 660 5288 sunt
679 5227 901 5302 operationes.
922 5228 1021 5298 Quae-
1074 5223 1124 5283 los
1148 5238 1221 5284 cum
1247 5221 1369 5299 gaudio
1396 5223 1557 5288 metamus
1583 5225 1618 5288 in
1644 5227 1741 5290 coelo.
1768 5229 1876 5293 Item:

220 5325 295 5386 dam
309 5322 398 5384 enim
415 5320 493 5383 tecit
509 5320 545 5382 ut
558 5323 656 5393 Deus,
674 5323 825 5399 quaedam
840 5339 919 5386 varo
936 5339 1017 5400 pas·
1073 5319 1196 5396 gradus
1223 5318 1321 5396 hujus
1350 5320 1449 5382 scalas
1476 5322 1554 5385 sunt
1578 5322 1693 5386 decem
1716 5326 1877 5390 mandata

219 5439 276 5485 sus
289 5420 384 5483 estut
398 5420 508 5482 nomo.
523 5419 672 5480 comedit
686 5419 821 5492 assuit,
834 5420 975 5484 esurivit
986 5423 1018 5484 at
1073 5417 1167 5494 lasis,
1183 5432 1256 5494 uuae
1272 5417 1384 5480 omnia
1405 5418 1482 5480 sunt
1495 5420 1716 5496 operationes,
1734 5423 1767 5485 et
1784 5439 1880 5500 prae-

155 5557 157 5560 -
219 5519 334 5591 sitivit,
351 5517 517 5590 dormivit,
543 5532 661 5594 passus
683 5519 734 5578 est
756 5519 789 5578 et
803 5516 844 5578 ad
865 5517 1016 5580 ultimum
1065 5515 1167 5592 cepta
1185 5517 1265 5577 Jesu
1284 5515 1417 5577 Christi.
1435 5516 1637 5596 Quicumque
1656 5535 1736 5596 ergo
1751 5520 1878 5584 ohser-

218 5617 366 5682 mortuus
379 5615 439 5677 est.
455 5613 573 5676 Omnia
588 5611 654 5676 ista
667 5613 835 5692 pertinent
845 5613 887 5674 ad
902 5613 1017 5678 huma·
1032 5631 1034 5634 ’
1070 5614 1126 5675 vat
1148 5611 1313 5690 praecepta
1337 5613 1509 5690 Evangelii
1538 5615 1570 5678 et
1598 5616 1753 5680 mandata
1772 5618 1874 5694 legis,

218 5717 366 5782 nitatem.
389 5715 500 5776 cacos
524 5727 603 5778 vero
626 5711 828 5803 illuminare,
846 5709 1015 5776 daemones
1069 5708 1218 5774 ascendit
1231 5709 1273 5774 ad
1295 5710 1462 5776 Christum
1486 5727 1544 5792 per
1559 5713 1686 5798 'scalam
1707 5715 1817 5787 istam,
1838 5718 1884 5782 et·
