3960 6304
252 273 311 340 {35

255 437 340 516 quod
357 435 555 516 quicumque
577 435 698 497 nonin
722 430 866 511 propriis
893 428 1045 508 personis

254 537 335 598 illuc
354 533 566 606 accesserint,
583 532 641 595 sed
665 532 700 594 in
719 530 790 592 suis
807 528 970 591 duntaxat
987 541 1048 590 ex-

254 634 366 714 pensis
375 633 472 711 juxta
487 629 678 694 facultatem
687 630 721 692 et
732 626 925 708 qualitatem
940 641 1045 698 suam,

253 733 344 794 viros
365 731 502 792 idoneos
526 727 737 798 destinarint,
752 725 793 788 dc
808 724 896 786 sacri
911 738 1049 785 conces·

253 831 347 892 sione
368 827 513 902 concilii,
534 827 666 904 plenam
685 839 820 886 suorum
836 821 1046 900 peccatorum

251 927 383 990 veniam
394 916 598 989 obtinebunt.
606 923 842 986 Datumllomae
852 919 938 998 apud
948 921 1048 981 Sanc·

251 1027 321 1088 tum
334 1025 479 1096 Petrum,
493 1025 584 1085 XVII
604 1021 766 1084 kalendas
777 1017 939 1097 januarii,
962 1033 1047 1097 pon-

252 1123 396 1187 titicatus
411 1123 516 1184 nostri
536 1137 624 1182 anno
640 1119 757 1198 primo.

608 1352 694 1440 clv

285 1581 337 1640 Ad
356 1580 569 1640 Gntloetmnm
580 1577 788 1638 Meldensctn
803 1577 1009 1649 episcopum.

542 1691 574 1750 li
594 1688 656 1746 dec.
678 1689 756 1747 talo.

299 1817 348 1880 [lin
359 1813 459 1877 Pisaeis,
471 1813 535 1864 llist.
551 1811 688 1871 delleaux,
703 1817 724 1861 t.
739 1811 770 1870 ll,
783 1825 809 1876 p.
824 1809 878 1868 tot,
889 1825 915 1860 u.
929 1809 997 1874 iti}

251 1960 334 2022 Mittit
359 1957 506 2016 decretum
533 1962 565 2013 ut
589 1955 646 2012 duo
669 1969 705 2012 ex
727 1954 873 2012 canonicis
890 1951 1045 2012 lleldensis

285 2047 414 2106 ecclesie
446 2058 563 2103 suarum
596 2041 704 2100 tructus
737 2041 849 2116 integra
888 2039 1045 2116 percipiant

266 2177 269 2182 -
286 2133 514 2212 praebendarum.

288 2279 455 2343 Honorius
463 2277 649 2355 episcopus,
662 2289 778 2337 servus
790 2289 961 2337 servorum
971 2275 1041 2350 Dei,

248 2375 433 2442 venerabili
449 2375 545 2437 fratri
560 2377 623 2435 G...
633 2372 795 2435 Meldensi
810 2373 976 2451 episcopo,
994 2389 1044 2436 sa·

248 2477 351 2539 lutam
366 2476 399 2536 et
413 2473 628 2552 apostolicam
643 2470 917 2532 benedictionem.

288 2577 339 2636 Ex
353 2573 446 2650 parte
458 2571 512 2634 tua
528 2569 590 2632 iuit
600 2569 805 2646 propositum
820 2584 932 2631 coram
948 2570 1042 2632 nobis

249 2671 335 2750 quod
359 2685 459 2747 quum
480 2669 515 2728 in
538 2667 700 2728 Meldensi
723 2667 865 2728 ecclesia
892 2668 1043 2744 quaedam

249 2771 292 2831 eit
313 2766 503 2830 constitutio
524 2764 620 2833 inita,
641 2766 831 2841 iuramento
854 2763 989 2839 vallata,
1011 2766 1044 2828 et

249 2864 446 2928 auctoritate
461 2861 767 2939 sedisapostolicae
785 2860 990 2934 confirmata,
1008 2864 1044 2924 ut

248 2963 404 3026 videlicet
424 2964 496 3038 ejus
516 2959 668 3021 canonici
690 2959 745 3036 qui
760 2974 820 3035 per
838 2975 898 3020 sex
912 2975 1042 3022 menses

249 3078 316 3124 nou
330 3059 516 3122 resederint
534 3056 708 3129 incedam,
726 3071 861 3118 suarum
872 3057 1044 3136 priventur

248 3159 409 3222 fructibus
435 3155 698 3234 praebendarum,
714 3155 782 3216 illis
802 3155 964 3218 duntaxat
982 3173 1044 3218 ex-

249 3258 352 3335 ceptis
366 3272 447 3334 quos
456 3253 634 3315 infirmitas
647 3253 772 3329 proprii
785 3253 933 3329 corporis
946 3269 1044 3315 excu-

249 3357 349 3427 saret,
366 3354 436 3416 sive
452 3352 491 3412 ad
509 3351 626 3412 Sedern
638 3350 862 3428 apostolicam
872 3351 1040 3424 accedere,

249 3453 303 3516 vel
326 3453 362 3513 in
387 3453 460 3529 ejus
484 3449 623 3512 servitio
652 3447 859 3523 contingeret
888 3449 1041 3520 detineri,

250 3565 397 3630 quosque
420 3545 701 3626 peregrinationis
722 3545 827 3619 labor,
852 3548 911 3608 aut
934 3546 1043 3608 studia

248 3647 423 3712 traherent
438 3645 642 3708 litterarum:
659 3645 821 3717 necamus,
841 3645 874 3705 et
896 3645 954 3706 alii
968 3646 1044 3722 qui-

250 3747 325 3808 dam
341 3743 493 3808 canonici
506 3741 691 3804 Meldenses
702 3742 876 3804 occasione
887 3743 1043 3804 constitu-

248 3843 349 3906 tionis
364 3843 476 3920 bujus‚
491 3841 716 3903 canonicos'in
729 3841 785 3902 tuo
800 3841 936 3902 servitio
951 3856 1044 3902 com-

249 3941 417 4003 morantes
450 3937 701 4016 prebendarum
739 3953 873 3998 suarum
909 3938 1042 4024 privare

249 4037 411 4100 fructibus
426 4035 622 4110 moliuntur;
640 4033 727 4096 unde
738 4034 849 4096 tamen
864 4034 1042 4113 plurimum

249 4135 311 4198 tibi
324 4133 480 4212 expediat
493 4131 623 4210 aliquos
637 4131 872 4193 canonicorum
895 4132 1042 4209 ipsorum

248 4235 284 4294 in
296 4233 351 4294 tuo
360 4230 496 4293 servitio
508 4229 664 4298 retinere,
677 4228 773 4290 nobis
783 4230 953 4292 humiliter
963 4247 1043 4309 sup-

248 4329 380 4408 plicasti
396 4330 432 4390 ut
447 4343 547 4405 super
560 4327 624 4389 boc
638 4327 828 4390 necessitati
838 4329 915 4399 tuae,
930 4331 1041 4407 Apos-

247 4429 356 4491 tolicae
372 4427 587 4503 dignaremur
598 4425 799 4502 provisionis
816 4425 1041 4490 moderamine

247 4525 433 4606 providere.
443 4523 599 4587 Volentes
607 4523 765 4600 igitursic
773 4524 1041 4587 constitutionem

246 4624 412 4688 moderari
426 4623 630 4702 praedictam,
647 4623 683 4683 ut
695 4621 782 4684 dicta
795 4623 936 4684 ecclesia
950 4622 1042 4685 irno-

245 4727 314 4786 tum
338 4723 460 4785 sentiat
477 4738 520 4784 ex
536 4721 663 4794 eadem,
679 4723 713 4782 et
730 4735 791 4798 per
805 4723 878 4798 ejus
901 4720 1041 4784 abusum

245 4821 454 4900 dispendium
467 4835 533 4881 non
555 4819 720 4891 incurras,
733 4819 946 4897 praesentium
959 4835 1042 4880 auc-

244 4919 378 4982 toritate
400 4918 622 4986 decernimus,
648 4918 685 4978 ut
710 4917 775 4979 duo
801 4933 844 4979 ex
869 4917 1040 4980 canonicis

245 5015 396 5079 ecclesiae
415 5017 606 5076 memorate
621 5013 725 5076 intuo
740 5015 876 5077 servitio
892 5015 1041 5078 existen-

242 5116 294 5177 tes
310 5129 446 5176 suarum
468 5112 595 5174 tructus
610 5112 737 5190 integre
753 5113 939 5192 percipiant
952 5129 1041 5191 prae-

243 5213 437 5283 bendarum,
452 5226 553 5290 quum
568 5209 721 5274 absentes
736 5211 801 5272 dici
818 5227 884 5272 non
899 5211 1040 5273 debeant

244 5311 302 5373 sed
316 5312 509 5389 praesentes
533 5309 589 5388 qui
602 5309 710 5371 tecurn
735 5325 794 5386 pro
808 5311 864 5371 tuo
880 5309 913 5372 et
933 5309 1038 5387 ipsius

243 5409 394 5471 ecclesiae
409 5408 545 5471 servitio
563 5408 818 5470 commorantur.
835 5408 954 5470 Datum
971 5411 1040 5472 Ro-

243 5523 305 5568 mae
316 5503 403 5585 apud
415 5509 447 5568 S.
459 5507 605 5579 Petrum,
616 5508 691 5568 XVI
701 5505 861 5568 kalendas
875 5506 1036 5584 januarii,

242 5605 452 5683 pontificatus
467 5605 571 5668 nostri
583 5621 671 5666 anno
683 5605 800 5683 primo.

874 267 1050 330 HONORII
1072 265 1117 328 111
1139 267 1287 330 OPERA.

1474 435 1539 523 GV

1239 643 1292 703 Ad
1304 639 1491 716 cacinnum
1509 639 1748 704 Placentinum.

1392 755 1426 812 l8
1444 751 1506 814 dec.
1529 754 1606 813 lato.

1160 876 1270 941 [Campi
1282 875 1393 928 Historia
1404 876 1430 928 di
1441 877 1598 938 Piccemt,
1608 879 1639 936 11,
1650 891 1674 944 p,
1682 877 1732 938 agg,
1748 893 1771 928 n·
1779 879 1820 941 ⁰⁶]-
1948 831 1949 870 t

1101 1019 1243 1078 llonorius
1269 1019 1423 1093 capitulum
1451 1019 1647 1079 Placentinum
1672 1019 1706 1077 de
1724 1022 1782 1078 novi
1799 1022 1857 1096 cpie

1324 1109 1388 1182 copi
1405 1109 1544 1168 electione
1554 1117 1661 1168 mouet.

1139 1253 1305 1314 Honorius
1345 1252 1530 1331 episcopus,
1565 1268 1680 1315 servus
1717 1268 1857 1315 servourm

1100 1350 1170 1422 Dei,
1189 1349 1317 1412 dilectis
1333 1350 1410 1412 tiliis
1426 1350 1569 1428 capitulo
1583 1349 1777 1423 Placentino,
1787 1349 1860 1410 salu-

1099 1447 1164 1508 tem
1177 1449 1210 1510 et
1221 1448 1437 1526 apostolicam
1452 1448 1722 1511 benedictionem.

1139 1545 1207 1607 Etsi
1218 1562 1261 1607 ex
1272 1547 1449 1624 assumptae
1469 1546 1639 1608 servitutis
1653 1545 1755 1609 ostiolo
1766 1545 1862 1606 tenea-

1100 1657 1175 1704 mur
1206 1643 1423 1705 ecclesiarum
1454 1643 1601 1704 omnium
1636 1641 1861 1705 sollicitudinem

1099 1755 1215 1816 gerere
1226 1741 1407 1804 studiosam
1417 1763 1425 1816 ;
1437 1740 1571 1804 illarum
1583 1742 1695 1804 tamen
1710 1755 1783 1802 cura
1793 1739 1864 1801 solli·

1099 1838 1164 1900 cita
1178 1839 1368 1916 specialiter
1378 1838 1474 1900 nobis
1488 1839 1660 1912 incumbit,
1677 1854 1746 1917 quae
1759 1837 1795 1898 ad
1810 1841 1864 1898 llo-

1099 1951 1230 1998 manam
1238 1937 1420 1999 Ecclesiam
1434 1935 1702 2016 nullopertinent
1713 1934 1864 1998 mediante.

1099 2035 1179 2095 Cum
1202 2035 1306 2112 igitur
1332 2035 1506 2097 ecclesiam
1527 2037 1687 2108 vestram,
1709 2032 1810 2112 sponsi
1825 2031 1866 2094 vl-

1098 2132 1232 2195 duatam
1260 2133 1378 2195 solatio
1409 2133 1451 2195 ad
1477 2133 1599 2195 nostrae
1630 2131 1744 2194 deceat
1768 2147 1868 2192 conso-

1098 2229 1233 2293 lationis
1253 2229 1408 2292 solatium
1430 2231 1592 2308 aspirare,
1613 2229 1759 2292 volentes
1779 2231 1867 2305 Apos-

1098 2329 1206 2392 tolicae
1231 2329 1432 2407 provisionis
1464 2328 1636 2390 inflectere
1666 2327 1775 2390 oculos
1795 2326 1868 2386 circa

1098 2428 1216 2503 ipsam,
1244 2425 1428 2490 venerabili
1466 2424 1563 2488 fratri
1598 2428 1712 2488 nostro
1731 2422 1867 2489 lanueusi

1098 2525 1347 2602 archiepiscopo
1360 2523 1482 2586 nostris
1495 2523 1610 2586 damus
1620 2523 1740 2586 litteris
1751 2524 1784 2584 in
1792 2537 1870 2582 man-

1098 2622 1195 2696 datis,
1208 2623 1244 2683 ut
1257 2637 1317 2683 vos
1327 2621 1369 2683 ad
1386 2621 1574 2698 eligendum
1591 2621 1765 2698 praesulem
1776 2618 1870 2698 provi-

1098 2721 1186 2792 dum,
1206 2722 1240 2780 et
1257 2719 1433 2781 honesturn
1451 2719 1627 2794 diligenter
1642 2720 1772 2781 moneat
1788 2719 1817 2778 et
1828 2717 1872 2776 in-

1098 2818 1206 2890 ducat,
1223 2818 1256 2878 et
1269 2831 1311 2877 ne
1334 2815 1435 2894 (quod
1450 2815 1549 2896 absit)
1564 2815 1711 2895 alicujus
1725 2815 1870 2876 damnosa

1097 2914 1287 2976 ambitionis
1308 2914 1440 2975 stimulo
1455 2913 1561 2975 scindi
1574 2914 1711 2976 valeant
1725 2915 1795 2976 vota
1806 2927 1870 2972 vcs-

1097 3013 1159 3086 tra,
1177 3011 1328 3073 eumdem
1343 3011 1630 3089 archiepiscopum
1645 3012 1682 3073 in
1697 3010 1800 3073 medio
1810 3023 1871 3070 ves·

1097 3113 1184 3172 trum
1204 3108 1415 3171 statuendum
1439 3107 1646 3170 decrevimus
1668 3107 1872 3188 tanquamla-
1951 3081 1953 3110 ¹

1097 3209 1206 3286 pidem
1246 3207 1440 3284 angularem
1480 3207 1710 3270 discordantes
1747 3205 1873 3286 parietes

1097 3305 1363 3384 conjungentem.
1380 3306 1541 3377 Quocirca
1563 3305 1758 3369 discretioni
1770 3305 1873 3368 vestrae

1096 3419 1156 3481 per
1165 3404 1354 3481 apostolica
1365 3403 1487 3482 scripta
1496 3404 1706 3479 mandamus,
1718 3404 1873 3482 quatenus,

1098 3499 1874 3580 quumabipsoarchiepiscopolueritisrequisiti,

1099 3600 1241 3677 Spiritus
1251 3600 1364 3661 Sancti
1374 3599 1482 3675 gratia
1497 3600 1665 3674 invocata,
1678 3599 1787 3663 detali
1797 3595 1876 3662 vobis

1097 3697 1271 3775 providere
1286 3697 1418 3774 pastore
1433 3697 1537 3775 ipsius
1559 3697 1801 3776 archiepiscopi
1814 3709 1875 3756 me·
1952 3697 1954 3780 l

1097 3795 1208 3856 diante
1221 3793 1372 3866 consilio,
1389 3795 1560 3867 studeatis
1571 3795 1627 3873 qui
1639 3796 1784 3872 gratiam
1792 3797 1877 3870 Apos
1953 3795 1954 3802 ’

1097 3893 1205 3954 tolicae
1234 3891 1342 3964 Sedis,
1363 3893 1396 3954 et
1409 3895 1558 3954 nostram
1581 3892 1719 3966 babeat,
1739 3893 1772 3956 et
1787 3891 1877 3952 eidem
1953 3925 1954 3928 =

1097 3989 1254 4052 Ecclesiae
1270 3989 1455 4051 nonsolum
1466 3991 1744 4068 praeessevaleat,
1755 3989 1809 4052 sed
1819 4003 1880 4066 pro-

1097 4088 1202 4149 desse.
1224 4091 1296 4150 Dat.
1316 4091 1431 4151 Romae
1451 4088 1538 4165 apud
1562 4087 1725 4151 Sanctum
1747 4087 1876 4152 Petrum,

1096 4187 1155 4249 XV
1176 4185 1337 4248 kalendas
1355 4185 1516 4265 ianuarii,
1540 4185 1756 4264 pontificatus
1788 4179 1877 4246 nostri

1096 4299 1183 4346 anno
1200 4285 1318 4361 primo.

1453 4473 1538 4561 CVI

1095 4651 1147 4712 Ad
1174 4653 1369 4726 cpiscoptnn
1392 4653 1629 4725 Tarvisintnn,
1654 4653 1690 4714 ct
1718 4651 1880 4714 arcann-

1264 4763 1387 4810 conntn
1424 4751 1724 4812 concordiensem.

1387 4862 1421 4919 rt
1440 4861 1502 4920 dec.
1519 4862 1597 4920 tato.

1237 4975 1357 5041 [Ugbellt
1369 4976 1445 5028 ltalia
1459 4991 1539 5038 sacra,
1557 4983 1578 5028 t.
1592 4979 1625 5040 V,
1637 4993 1664 5043 p.
1681 4977 1753 5044 336}

1094 5110 1220 5181 Mandat,
1242 5119 1273 5168 ut
1300 5111 1416 5170 iliberto
1444 5112 1535 5170 electo
1555 5111 1762 5172 concordiensi
1783 5115 1881 5169 tantum

1129 5199 1165 5257 de
1184 5199 1414 5273 possessionibus
1434 5201 1530 5260 minus
1544 5201 1660 5260 utilibus
1684 5199 1827 5260 vendendi
1842 5196 1881 5255 tri-

1128 5287 1216 5347 buant
1230 5289 1372 5348 licentiam
1388 5297 1525 5363 quantum
1539 5290 1575 5349 ad
1588 5291 1791 5350 allevationem
1805 5285 1880 5347 debiti

1128 5378 1347 5438 concordiensis
1361 5379 1492 5437 ecclesie
1501 5379 1643 5454 expediat.

1133 5505 1300 5568 Honorius
1336 5505 1523 5586 episcopus,
1565 5522 1681 5569 servus
1718 5517 1879 5568 servorum

1093 5602 1162 5675 Dei,
1193 5603 1348 5681 episcopo
1373 5605 1560 5679 Tarvisino,
1593 5607 1627 5667 et
1652 5603 1880 5668 archidiacono
