4142 6312
137 304 197 362 tob
765 299 991 362 hPls'rOLAE.
1017 301 1094 362 hlss.
1117 303 1157 360 ll.

134 461 325 524 resistendi.
350 463 421 524 Hoc
446 460 602 524 nimirum
626 459 778 538 exemplo
803 461 838 522 et
857 459 934 522 aliis
1021 491 1024 496 ,
1205 469 1207 472 ’
1317 485 1464 576 cem

132 559 262 628 multis,
287 559 407 636 qulbus
431 560 558 622 erudiri
586 558 756 632 debuerat,
783 557 935 636 arguitur

134 658 278 735 populus
294 657 514 730 Christianus,
532 657 587 735 qui
603 657 636 719 et
647 673 722 719 eum
742 656 791 718 sio
805 656 846 718 ad
859 657 934 718 ira·
990 629 1041 690 Λα
1061 632 1256 705 epm-vum
1274 631 1562 693 Silvanoelssmm
1578 633 1612 693 0!
1629 635 1785 698 abbatem

134 754 292 816 cundiam
305 755 560 833 provocavit,ab
575 757 647 833 ejus
658 753 822 816 mandatis
839 753 937 816 audi·
1030 729 1207 789 Cantium
1233 741 1274 790 αθ
1302 731 1582 792 archidiasslmum
1614 733 1783 794 Camera-

134 853 218 924 tum,
249 852 282 914 et
307 868 460 929 gressum
487 868 507 914 a
533 851 659 915 semitis
688 851 878 924 avertendo,
901 852 936 913 ut
1028 838 1175 886 mem·
1389 903 1396 918 .

134 952 359 1028 proptereJus
381 951 527 1013 offensas
542 950 577 1012 in
593 967 688 1013 suam
707 949 934 1014 haereditatem
1169 1017 1174 1028 ,
1285 903 1489 1028 ‘mmm'
1715 1023 1721 1036 ‚

135 1049 252 1124 gentes
278 1051 394 1110 venire
421 1047 619 1126 permiserit,
647 1049 680 1109 ot
702 1048 810 1125 ipsum
835 1047 935 1124 digna
1021 1014 1142 1106 [liegest.,
1156 1017 1202 1068 hh.
1213 1018 1244 1078 ll,
1255 1024 1330 1082 epist.
1342 1019 1603 1073 loe3.ldss.LaPorte
1615 1023 1650 1075 du
1660 1022 1755 1090 Thali]

133 1145 366 1210 satisfactione
392 1147 536 1224 placare,
565 1147 606 1208 ad
634 1147 870 1224 percupientem
900 1161 936 1206 ΒΘ
1012 1122 1263 1225 blandatflullltenr
1276 1125 1350 1183 inter
1363 1127 1528 1200 episcopum
1544 1129 1726 1188 suessionen.
1741 1137 1769 1189 et

136 1243 310 1306 humiliter
319 1245 527 1313 revertendo,
542 1245 702 1306 hactenus
715 1259 782 1306 non
794 1243 934 1314 curavit,
1078 1228 1216 1287 mmmm
1230 1213 1357 1287 ⁰³⁰⁸d⁹¹¹¹
1372 1224 1495 1274 ⁰¹V¹²⁸²¹⁸
1508 1226 1691 1291 mmmmm·

135 1344 274 1419 propter
283 1342 368 1419 quod
381 1343 421 1404 ad
431 1341 660 1405 liberationem
668 1344 780 1403 Terrae
794 1343 934 1414 Sanctae,
1031 1339 1208 1413 Honorius,
1224 1345 1299 1410 eto„
1313 1341 1509 1404 venerabilii
1522 1343 1618 1406 fratri
1632 1344 1787 1422 episcopo

138 1439 237 1518 quasi
279 1439 402 1502 trustra
441 1439 637 1502 laborarunt
677 1438 937 1516 praedecessores
991 1438 1025 1498 et
1049 1437 1284 1500 archidiacono
1313 1439 1536 1513 cameracen„
1569 1441 1650 1504 ot...
1677 1441 1787 1505 abbati

136 1537 245 1598 nostri
260 1537 401 1599 Romani
416 1536 611 1616 pontifices,
628 1536 753 1598 trustra
774 1533 938 1598 laborauit
993 1535 1170 1597 caroliloci
1180 1535 1374 1598 cistercien.
1386 1536 1471 1610 ord.,
1481 1539 1790 1602 silvanectendioe·

137 1635 172 1698 et
184 1635 327 1712 populus
341 1635 560 1706 Christianus,
576 1634 640 1694 nisi
657 1633 734 1712 quia
746 1633 839 1696 multi
850 1632 891 1696 ad
905 1631 937 1694 id
992 1630 1090 1694 cesis.
1138 1637 1144 1646 ’

136 1732 280 1795 servanti
296 1732 461 1797 desiderio
476 1732 682 1801 insistentes,
694 1731 758 1794 etsi
769 1732 937 1797 terrenam
1032 1729 1240 1793 Venerabilis
1261 1731 1364 1796 irater
1387 1731 1537 1794 noster...
1562 1731 1737 1810 episcopus
1757 1735 1792 1796 et

136 1830 348 1892 Hierusalem
363 1845 561 1908 recuperare
583 1829 803 1907 nequiverint,
819 1829 940 1892 coeles-
993 1827 1105 1890 dilecti
1116 1828 1177 1890 tilii
1188 1829 1588 1907 capitulumSuessionen.
1597 1831 1791 1893 transmissa

135 1931 205 1990 tem
220 1931 330 1992 tamen
351 1944 410 2005 per
424 1928 577 2006 martyrii
594 1928 750 2006 palmam,
767 1929 803 1990 ut
830 1926 940 1988 credi·
993 1925 1089 1988 nobis
1116 1927 1343 1989 insinuatione
1363 1929 1601 1998 monstrarunt,
1622 1928 1708 2007 quod
1731 1944 1791 1990 ros

136 2043 224 2099 mus,
236 2028 313 2089 sunt
323 2025 444 2104 adepti.
995 2023 1029 2086 in
1043 2039 1145 2086 causa
1159 2039 1233 2103 qum
1246 2025 1334 2087 inter
1344 2041 1401 2086 eos
1417 2025 1565 2102 exparte
1585 2042 1661 2098 una,
1678 2027 1712 2088 et
1726 2041 1793 2088 ma·

179 2124 379 2186 lneumdem
393 2124 524 2186 modum
536 2124 682 2201 regibus,
697 2124 940 2186 ducibusoaete-
990 2124 1110 2200 joram,
1123 2123 1253 2200 juratos
1281 2123 1314 2183 et
1339 2123 1559 2184 communiam
1578 2123 1791 2184 Suessiones.

136 2223 252 2299 risque
267 2221 474 2300 principibus
488 2223 623 2284 illarum
639 2223 824 2299 regionum.
994 2235 1038 2282 ex
1052 2219 1131 2290 alia,
1147 2235 1248 2297 super
1262 2221 1602 2283 excommunciatonis
1625 2225 1658 2283 et
1681 2222 1790 2283 inter-

995 2316 1076 2380 dicti
1087 2318 1259 2380 sententiis
1273 2317 1313 2380 ab
1331 2318 1456 2380 eisdem
1470 2318 1623 2396 episcopo
1638 2320 1672 2380 et
1696 2317 1793 2395 capi-

482 2412 607 2500 GGLX
995 2415 1064 2478 tulo
1075 2415 1292 2493 promulgatis
1305 2415 1339 2476 in
1352 2415 1440 2488 illos,
1455 2417 1577 2492 agitari
1587 2416 1795 2492 dignoscitur

210 2555 262 2612 Ad
285 2555 382 2613 mm-
400 2553 496 2626 mco
521 2567 579 2612 um
604 2551 856 2612 mmmmm
995 2513 1036 2576 ah
1059 2511 1355 2590 apostolicavohis
1376 2513 1460 2574 Sede
1475 2513 1663 2585 commissa,
1685 2529 1793 2592 oppo-

383 2567 402 2614 θ
441 2674 474 2731 ¹8
488 2569 555 2730 [inii
568 2671 637 2730 mg
859 2591 867 2609 '
996 2610 1069 2674 sitis
1080 2627 1123 2672 ex
1134 2612 1229 2689 parte
1241 2611 1389 2689 majoris,
1401 2611 1633 2688 juratorumet
1645 2627 1795 2674 commu-

155 2781 276 2843 [Regest.,
289 2780 334 2831 lib.
349 2781 380 2838 ll,
393 2780 467 2844 epist.
480 2779 549 2830 luet.
565 2780 621 2829 hlss
638 2781 674 2830 La
688 2779 764 2830 Parte
777 2779 811 2829 du
825 2777 919 2842 theth]
996 2709 1795 2887 &offssssffiztggrglggssistzffisffffit¹3?ng

249 2885 436 2948 fflmfflefldli
455 2887 624 2960 magistrum
639 2885 833 2958 dimidium·
997 2905 1083 2982 quod
1095 2904 1131 2966 in
1146 2905 1266 2968 litteris
1285 2905 1327 2967 ad
1337 2921 1408 2984 ‘vos
1430 2921 1531 2982 super
1552 2907 1615 2968 hoo
1634 2924 1677 2968 ex
1703 2909 1797 2984 parte

180 3006 361 3072 Honorius,
387 3004 462 3077 etc,
485 3001 669 3066 venerabili
690 3001 785 3064 tratri
809 3001 943 3063 archie-
997 3003 1110 3066 nostra
1145 3002 1351 3065 uansmissis
1381 3004 1434 3073 tu,
1461 3003 1509 3063 illi
1539 3003 1795 3077 archidiacone,

140 3106 280 3182 piscopo
295 3103 475 3166 Bituricen.
997 3099 1190 3177 priusquam
1215 3101 1262 3172 tu,
1284 3099 1332 3160 dli
1358 3098 1471 3171 abbas,
1489 3100 1523 3160 in
1546 3102 1711 3163 solutione
1736 3118 1798 3178 po-

183 3202 329 3264 Sudores
343 3215 458 3262 eorum
470 3199 572 3262 linteo
585 3197 823 3262 consolationis
836 3197 943 3260 exter·
998 3195 1082 3260 situs
1096 3197 1256 3275 reperiris
1268 3199 1302 3259 et
1315 3196 1351 3258 in
1369 3197 1494 3259 eisdem
1511 3196 1631 3260 litteris
1651 3197 1743 3260 nulla
1755 3199 1796 3261 de

137 3315 222 3377 gere
249 3300 371 3362 nostrae
393 3299 488 3360 decet
499 3296 735 3359 munificentia
755 3295 940 3365 cantatem,
998 3295 1116 3357 cariss.
1131 3294 1306 3357 inchristo
1320 3295 1388 3358 lilio
1401 3297 1515 3359 nostro
1528 3295 1683 3374 Philippo
1701 3297 1798 3358 illus·

136 3398 198 3476 qui
211 3397 282 3460 dies
307 3396 493 3458 laboriosos
516 3395 552 3456 in
567 3393 691 3457 scholis
705 3395 739 3456 et
757 3393 871 3456 noctes
884 3391 943 3453 diu
997 3394 1040 3456 tri
1069 3408 1146 3470 rege
1172 3395 1376 3456 Francorum
1399 3393 1486 3474 lacta
1506 3397 1557 3456 est
1581 3397 1715 3468 mentio,
1742 3399 1800 3476 qui

138 3495 302 3556 duxerint
315 3495 495 3564 insomnes,
520 3494 556 3555 ut
578 3491 772 3554 thesaurum
794 3488 942 3554 scientiae
997 3491 1084 3554 siout
1095 3491 1172 3554 alim
1183 3491 1224 3552 ad
1237 3493 1280 3563 te,
1292 3490 1340 3552 dli
1355 3491 1468 3565 abbas,
1480 3494 1513 3555 et
1521 3495 1597 3555 tuos
1607 3496 1798 3573 conjudices

142 3593 304 3656 studiosae
329 3591 554 3654 meditationis
581 3589 742 3652 exercitio
766 3603 942 3665 compara·
998 3589 1133 3650 directae
1165 3588 1285 3650 litterae
1313 3589 1536 3661 continebant,
1559 3606 1619 3667 pro
1650 3593 1798 3669 praelatis

139 3693 228 3754 rent
254 3691 354 3752 Tales
368 3690 457 3751 enlm
472 3705 547 3750 cum
559 3685 708 3750 moribus
722 3685 942 3748 litteraturam
998 3688 1136 3763 mau'ore,
1148 3685 1271 3763 juratis
1290 3700 1330 3746 ao
1345 3687 1532 3748 communia
1556 3688 1652 3750 nobis
1678 3705 1797 3768 porre-

139 3789 308 3852 adornant
332 3788 365 3850 et
388 3787 565 3851 scientiam
589 3783 749 3848 condiunt
771 3781 943 3844 honestate
997 3783 1094 3845 xerat
1118 3798 1235 3860 preces
1259 3799 1349 3855 suas,
1366 3783 1435 3844 tum
1458 3783 1535 3861 quia
1564 3786 1796 3850 continebatur

144 3891 305 3965 tanquam
318 3886 445 3962 lignum
473 3899 570 3946 secus
595 3882 756 3944 decursus
782 3896 943 3958 aquarum
999 3881 1033 3942 in
1057 3880 1125 3942 illis
1140 3882 1177 3942 ut
1192 3895 1302 3942 causae
1320 3878 1385 3959 ipsi
1405 3897 1478 3958 quae
1498 3882 1592 3944 vobis
1611 3889 1662 3946 est
1676 3887 1795 3948 termi-

141 3986 329 4064 plantatum
344 3983 580 4044 suavissimum
593 3981 674 4041 dare
688 3979 840 4040 solentin
854 3981 942 4040 tem-
998 3978 1110 4040 nanda
1135 3978 1324 4050 commissa,
1349 3979 1379 4040 si
1404 3979 1444 4040 de
1467 3983 1612 4057 partium
1626 3985 1797 4048 voluntate

140 4099 224 4162 pore
252 4097 312 4145 suo
332 4081 486 4143 fructum.
515 4081 562 4141 Ea
591 4079 725 4156 propter
743 4091 804 4154 pro
823 4075 943 4138 dilecto
999 4076 1330 4158 procederetjudicio
1345 4076 1399 4138 vel
1411 4078 1650 4156 compositione
1667 4083 1797 4146 amica·

142 4182 214 4243 illio
238 4178 398 4256 magistro
421 4177 598 4255 aymerico
625 4175 665 4236 de
689 4175 794 4236 rente
808 4172 942 4240 clerico,
998 4175 1058 4236 hili
1081 4176 1128 4247 tu,
1148 4174 1196 4235 tlli
1216 4173 1330 4247 abbas,
1346 4190 1386 4237 ac
1403 4175 1455 4239 tui
1472 4176 1570 4255 primi
1593 4180 1795 4259 conjudices,

141 4279 199 4358 qui
211 4292 385 4356 porannos
397 4275 640 4354 pluresiuagro
650 4270 945 4336 scholasticolabo-
1000 4273 1097 4334 linem
1112 4272 1285 4350 imponere
1292 4275 1456 4336 curaretis
1467 4295 1476 4336 t
1488 4274 1637 4354 alioquin
1648 4279 1798 4343 eamdem

140 4377 249 4440 raudo
268 4375 448 4453 pretiosam
467 4372 589 4436 ibidem
609 4369 757 4432 scientiae
773 4369 943 4446 margari·
998 4371 1039 4432 ad
1062 4385 1123 4432 nos
1137 4369 1349 4434 remitteretis
1370 4371 1573 4436 sufficienter
1586 4374 1794 4451 instructam,

140 4477 211 4538 tam
227 4473 395 4536 distractis
408 4471 478 4532 sere
497 4467 649 4532 omnibus
661 4466 757 4530 bonis
770 4467 839 4528 suis
854 4465 943 4528 dici·
999 4467 1794 4550 praefigendopartibusterminumcompetentem‚

138 4576 198 4636 tur
219 4585 441 4649 comparasse,
465 4567 707 4630 fraternitatem
731 4566 820 4628 tuam
841 4579 943 4641 roga·
999 4581 1063 4644 quo
1079 4581 1138 4643 per
1154 4567 1387 4644 procuratores
1401 4566 1538 4629 idoneos
1556 4573 1798 4646 praesentarent

140 4687 229 4743 mus,
252 4684 425 4732 monemus
438 4667 471 4729 et
485 4667 668 4736 hortamur,
682 4679 742 4740 per
755 4662 944 4740 apostolica
1000 4680 1036 4725 se
1046 4663 1158 4726 nostro
1165 4663 1368 4741 conspectui,
1376 4663 1462 4740 quod
1469 4665 1689 4730 statueremus
1698 4686 1798 4749 super

141 4770 268 4846 scripta
292 4763 517 4848 praecipiendo
538 4762 756 4833 mandantes,
781 4763 944 4838 quatenus
1001 4759 1286 4841 [exceptionibus]
1304 4761 1494 4838 hujusmodi
1512 4767 1712 4842 recepturae,
1729 4771 1799 4832 turn

141 4884 220 4930 eum
250 4865 309 4944 qui
331 4867 401 4942 jara
430 4861 527 4940 quasi
552 4848 691 4920 maritu's
722 4859 764 4920 ad
787 4857 944 4920 Ecclesiae
1000 4859 1156 4936 quonlam
1171 4859 1206 4920 in
1219 4859 1338 4922 litteris
1353 4875 1419 4921 non
1435 4862 1624 4925 continetur
1637 4865 1678 4928 de
1697 4868 1798 4932 verbo

142 4967 269 5028 sanctae
284 4962 449 5037 retugium
467 4957 638 5034 singulare
654 4955 811 5031 confugit,
827 4969 869 5017 ae
883 4971 944 5018 eo·
1001 4957 1041 5018 ad
1056 4955 1194 5018 verbum
1209 4957 1357 5034 priorum
1379 4959 1584 5023 continentia
1597 4962 1797 5040 litterarum,

141 5064 243 5140 gatur
257 5062 292 5122 iu
308 5059 361 5122 sui
376 5056 591 5137 opprobrium
614 5053 742 5116 ordinis
756 5053 858 5116 uitam
878 5051 944 5115 du·
1001 5071 1076 5116 oum
1096 5052 1131 5116 in
1152 5055 1220 5116 illis
1233 5055 1375 5128 dicatur,
1397 5057 1499 5120 nullis
1521 5053 1640 5122 litteris
1659 5064 1798 5128 obstan·

142 5177 221 5223 cere
238 5158 458 5228 inhonestam,
468 5155 512 5216 in
526 5154 639 5231 aliqua
647 5151 865 5214 ecclesiarum
879 5150 945 5213 tuae
1001 5151 1100 5223 tibus,
1117 5149 1145 5213 si
1157 5167 1231 5230 quae
1245 5154 1473 5229 apparuerint,
1488 5155 1605 5218 harum
1618 5161 1734 5222 tenore
1747 5163 1802 5224 ta-

142 5257 349 5336 prorinciae‚
385 5253 443 5314 uhi
475 5252 593 5314 melius
619 5249 742 5317 rideris
766 5247 943 5325 expedire,
1001 5250 1116 5322 cito,a
1140 5249 1225 5312 Sede
1245 5251 1436 5328 apostolica
1455 5253 1650 5330 impetratae,
1669 5261 1803 5336 propter

143 5356 344 5419 auctoritate
367 5355 482 5414 nostra
505 5349 610 5425 recipi
633 5347 737 5410 iacias
757 5346 791 5408 in
807 5345 946 5408 canoni·
1002 5349 1200 5425 quaomnia
1215 5347 1344 5425 praelati
1358 5353 1475 5428 mador,
1491 5353 1592 5428 jurati
1603 5355 1636 5415 at
1650 5371 1801 5420 eommu-

143 5471 220 5516 cum
232 5455 265 5516 et
278 5451 312 5514 in
326 5451 478 5524 iratrem3
495 5445 757 5510 contradictores
772 5443 864 5520 siqui
874 5443 947 5504 lue·
1001 5448 1058 5508 nia
1073 5448 1319 5524 proposuerunt
1333 5447 1515 5509 destinatas
1529 5449 1571 5510 ad
1592 5468 1652 5514 vos
1673 5455 1802 5520 litteras

144 5553 224 5626 rint,
240 5549 294 5612 rel
313 5547 468 5618 rebelles,
491 5545 554 5608 etc.
578 5545 696 5606 Datum
720 5544 833 5605 Romae
857 5542 945 5619 apud
1002 5543 1098 5622 quasi
1114 5544 1153 5607 de
1168 5545 1371 5606 conscientia
1398 5548 1510 5608 nostra
1538 5565 1603 5611 non
1619 5567 1801 5618 emanave-

146 5655 180 5715 S.
197 5650 333 5712 Petrum
344 5648 402 5708 XV
412 5643 573 5706 kalendas
584 5642 673 5721 junii
686 5657 775 5704 anno
788 5641 945 5702 secundo.
1002 5643 1080 5716 rint,
1096 5642 1224 5721 priores
1249 5644 1384 5705 minime
1409 5659 1597 5711 revocasse.
1618 5652 1702 5724 Quia
1723 5669 1802 5718 vero

292 5792 407 5836 raraou.
427 5790 502 5832 roua
521 5775 558 5832 ll.
1626 5781 1661 5840 23
