3994 6326
305 333 365 395 135
765 333 940 394 HONORll
962 335 1008 396 111
1022 331 1172 393 opsita.
1188 359 1229 376 -
1251 331 1485 394 SERMONES.
1879 339 1925 400 136

304 507 370 564 res,
388 507 447 554 seu
464 491 599 555 Petrum
623 493 655 552 et
670 475 810 554 Paulum
834 491 876 553 ad
898 508 960 555 me.
984 493 1024 555 nt
1037 490 1101 554 boc
1154 507 1173 551 s
1195 505 1280 560 mus,
1299 490 1332 553 et
1345 505 1412 552 non
1427 491 1605 569 praetereat
1618 505 1679 554 nos
1698 491 1758 556 llos
1776 495 1924 572 temporis,

260 577 262 582 ’
304 590 413 667 potest
454 589 520 651 dici
555 589 595 650 de
634 589 740 666 prima
775 589 965 664 vocatione,
1003 589 1098 662 idest,
1156 603 1393 650 «coronemus
1415 605 1475 651 nos
1496 588 1583 651 rosis
1605 592 1780 669 antequam
1799 608 1927 654 marces·

302 689 437 766 quando
450 688 583 750 vocavit
602 703 659 749 eos
679 686 713 748 in
728 689 914 766 Apostolos
931 691 965 750 et
986 689 1101 750 statuit
1155 704 1173 747 s
1195 689 1281 750 cant.
1291 688 1425 748 Nullum
1436 690 1568 765 pratum
1579 688 1621 751 sit
1631 689 1715 767 quod
1727 705 1791 752 non
1799 693 1927 768 pertran-

305 803 408 846 unum
418 785 543 848 iudaeis
558 785 593 846 in
606 785 837 862 apostolatum,
854 787 887 848 et
905 787 1007 848 alium
1018 803 1101 862 gen·
1155 800 1173 843 s
1195 785 1266 845 seat
1279 783 1414 845 luxuria
1428 787 1553 846 nostra.
1567 801 1586 846 a
1601 785 1785 848 Adaemone
1800 787 1835 849 tit
1847 804 1928 849 reve·

304 883 416 945 tibus:
443 883 540 956 idest,
557 883 654 946 alteri
679 882 768 946 dedit
789 885 1009 962 apostolatum
1028 885 1099 945 cir·
1155 880 1235 943 latio
1256 884 1309 944 val
1332 882 1520 958 inspiratio,
1542 884 1671 960 quoties
1692 885 1805 963 iniqua
1823 886 1853 948 et
1870 903 1929 947 ma·

304 983 518 1044 cumcisionis
537 998 597 1042 seu
612 983 722 1054 Petro,
744 984 777 1045 at
800 983 858 1044 alii
880 982 1099 1059 apostolatum
1155 979 1245 1055 ligna
1264 980 1508 1056 persuadentur
1519 981 1555 1042 in
1570 981 1669 1043 corde
1684 982 1836 1044 bominis.
1850 984 1928 1045 Unde

303 1079 469 1157 praeputii,
482 1095 542 1138 seu
554 1079 670 1140 Paulo.
683 1079 775 1150 Quod
789 1080 887 1141 etiam
901 1079 1024 1141 Paulus
1036 1080 1101 1142 tes·
1155 1078 1206 1140 est
1226 1077 1308 1139 illud
1331 1079 1366 1138 in
1390 1078 1476 1140 libro
1499 1080 1703 1158 Sapientia:
1724 1081 1930 1143 ‹Circumve-

302 1177 393 1239 taiur
418 1176 554 1237 dicens:
585 1178 648 1242 Oui
671 1176 834 1252 operatus
862 1177 914 1240 est
933 1176 1042 1238 Petro
1062 1180 1101 1239 ia
1155 1192 1174 1235 e
1195 1176 1326 1237 niamus
1336 1178 1476 1254 justum,
1493 1178 1649 1255 quoniam
1673 1179 1800 1241 inutilis
1818 1181 1864 1241 est
1877 1195 1930 1240 no-

303 1275 497 1350 apostolatu
516 1277 798 1348 circumcisionis,
816 1275 980 1351 operatus
994 1275 1047 1336 est
1067 1275 1101 1338 ei
1154 1290 1173 1334 s
1194 1272 1475 1347 bis,eontumeliis
1484 1276 1517 1337 et
1528 1276 1699 1340 tormentis
1710 1277 1931 1353 interrogemus

303 1370 815 1452 midiinterpersiesitlalat.11,
832 1371 877 1452 8).
896 1372 1100 1434 Undeetiam
1154 1388 1173 1432 tv
1195 1372 1305 1445 illum,
1334 1374 1441 1435 morte
1470 1374 1664 1450 turpissima
1693 1375 1930 1437 condemnemus

305 1487 406 1532 unam
416 1472 546 1546 virgam
560 1470 692 1533 vocavit
703 1471 867 1544 decorem,
884 1471 917 1534 ai
930 1471 993 1533 boc
1006 1488 1101 1549 prop
1156 1485 1175 1530 e
1197 1485 1314 1532 eum.»
1336 1471 1428 1550 (Sap.
1454 1486 1491 1540 11,
1509 1468 1576 1550 12.)
1594 1475 1621 1533 Α
1642 1473 1710 1534 Deo
1734 1471 1771 1535 tit
1787 1474 1931 1534 revelatio

186 1633 188 1637 .
302 1572 354 1633 tar
375 1569 594 1646 gentilitatem
609 1585 682 1647 quae
703 1584 763 1647 per
776 1569 927 1631 decorem
945 1569 1102 1645 designa·
1155 1568 1208 1631 vel
1222 1569 1411 1646 inspiratio,
1428 1569 1557 1647 quoties
1572 1571 1688 1632 saneta
1703 1571 1737 1632 et
1748 1571 1841 1633 utilia
1854 1587 1932 1632 reve

304 1670 370 1731 tur.
395 1667 488 1732 Unde
510 1667 546 1729 in
573 1667 708 1730 cantico
732 1666 963 1730 canticorum:
987 1671 1101 1745 Nigro
1155 1666 1269 1728 lantur
1300 1667 1335 1728 in
1368 1667 1467 1728 corde
1500 1666 1644 1730 hominis
1675 1669 1783 1745 gratia
1808 1669 1932 1746 Spiritus

304 1783 393 1840 suni,
409 1771 469 1828 sed
486 1768 640 1841 somnoso
656 1763 763 1845 (Cant.
785 1783 807 1838 1,
824 1764 858 1846 4)
876 1768 1010 1844 propter
1028 1766 1102 1828 cul·
1157 1763 1281 1826 Sancti.
1305 1765 1399 1827 Unde
1423 1765 1582 1842 scriptum
1601 1766 1652 1828 est
1668 1767 1704 1828 in
1721 1767 1886 1828 Ezechiele
1900 1765 1933 1826 do

304 1866 375 1927 tum
391 1864 489 1926 unius
504 1865 564 1926 Dei
577 1880 673 1942 quem
688 1866 870 1941 receperat.
887 1865 989 1935 Quasi
1008 1865 1101 1926 diea-
1155 1863 1279 1925 'sanctis
1294 1861 1495 1924 animalibus
1510 1885 1519 1924 τ
1540 1867 1598 1926 Ubi
1621 1865 1700 1926 erat
1714 1867 1860 1939 impetita
1874 1866 1934 1940 spi-

304 1965 357 2025 ret
379 1963 558 2024 Dominus:
585 1965 692 2023 Unam
718 1962 899 2038 virgarum,
925 1962 978 2025 vel
997 1977 1100 2023 unum
1154 1963 1257 2034 ritus,
1271 1964 1349 2024 illue
1361 1963 1611 2036 praeliabantur
1626 1960 1758 2042 (Uzecb.
1775 1980 1797 2033 1,
1812 1965 1934 2038 litim-

304 2062 471 2140 pastorem
483 2060 619 2122 tradidit
630 2059 808 2136 gentilitati
819 2077 893 2139 quas
908 2061 1102 2138 designatur
1150 2059 1251 2137 petus
1267 2059 1405 2136 spiritus
1420 2059 1526 2121 estad
1541 2062 1656 2122 sancta
1673 2077 1776 2138 opera
1795 2063 1827 2123 et
1840 2059 1934 2126 utilia,

305 2174 365 2237 per
388 2159 556 2230 decorem,
578 2159 617 2220 et
644 2157 745 2219 aliam
772 2159 942 2234 virgarum
970 2159 1101 2222 vocavit
1155 2157 1297 2235 impetus
1317 2159 1427 2218 autem
1451 2157 1615 2219 carnisad
1634 2158 1814 2221 luxuriam.
1830 2159 1934 2220 Sancta

305 2257 501 2328 funiculum,
524 2255 625 2327 idest,
650 2256 820 2334 judaicum
847 2258 1014 2334 populum,
1044 2256 1100 2336 qui
1155 2256 1326 2328 animalia,
1347 2255 1443 2328 idest,
1469 2257 1593 2319 sanctae
1614 2257 1734 2318 animae
1754 2257 1936 2335 gradiuntur

305 2354 499 2431 designatur
510 2369 569 2431 per
580 2352 777 2426 funiculum,
790 2355 846 2432 qui
861 2355 1014 2431 designat
1025 2355 1100 2417 hae·
1155 2353 1212 2415 ubi
1228 2354 1278 2416 ast
1292 2353 1435 2431 impetus
1451 2353 1594 2430 Spiritus
1615 2355 1742 2428 Sancti,
1765 2355 1843 2434 quia
1868 2353 1936 2416 iacit

303 2452 490 2525 reditatem,
511 2452 589 2531 quia
603 2451 692 2513 terra
703 2467 818 2514 eorum
833 2453 1098 2528 mensurabatur,
1154 2452 1359 2516 voluntatem
1375 2451 1445 2513 Dei.
1462 2451 1542 2513 Mali
1556 2467 1636 2514 vero
1652 2453 1790 2529 spiritus
1806 2468 1936 2530 sequun-

306 2553 339 2612 et
353 2551 513 2612 Dominus
532 2550 623 2611 dedit
638 2549 741 2612 iacob
762 2551 795 2613 et
814 2552 1011 2630 sequacibus
1027 2556 1100 2631 ejus
1154 2552 1211 2614 tur
1223 2551 1381 2629 impetum
1401 2550 1523 2622 carnis,
1541 2549 1619 2628 quia
1634 2553 1821 2629 sequuntur
1834 2549 1936 2612 diabo-

305 2649 340 2710 in
356 2648 596 2710 hereditatem.
611 2647 704 2709 Unda
716 2649 876 2709 Dominus
894 2651 996 2712 Jacob
1011 2673 1018 2711 :
1034 2655 1102 2713 liit-
1155 2650 1234 2722 lum,
1253 2653 1347 2728 cujus
1362 2665 1464 2727 opera
1479 2648 1616 2711 iaciunt.

303 2750 439 2808 reiculas
460 2745 674 2807 licereditotis
691 2760 779 2806 meae
793 2745 907 2824 (Desit.
921 2761 1030 2819 xxrn,
1053 2747 1099 2826 9).
1196 2749 1347 2810 Secundo
1357 2749 1455 2810 vocat
1466 2764 1542 2810 eum
1555 2748 1689 2810 Petrum
1703 2747 1841 2812 dicendo
1853 2769 1860 2808 τ
1874 2749 1937 2822 ligo

305 2846 352 2905 llc
380 2844 409 2904 si
437 2843 562 2904 diceret
587 2842 768 2904 Dominus:
788 2843 896 2904 Aliam
917 2845 1098 2920 virgarum,
1155 2851 1229 2909 dieo
1244 2849 1314 2921 tibi,
1330 2850 1413 2922 quia
1426 2847 1464 2908 tu
1478 2861 1516 2908 es
1529 2847 1669 2919 Petraea,
1690 2847 1725 2908 et
1746 2850 1937 2922 superbam

306 2941 407 3014 idest,
433 2939 535 3002 alium
559 2941 726 3018 pastorem
745 2940 867 3003 tradidi
882 2941 1018 3019 juda-ico
1039 2959 1102 3023 po-
1152 2947 1302 3020 peirom,
1319 2944 1417 3017 idest,
1433 2961 1533 3022 super
1547 2960 1600 3006 me
1614 2944 1670 3022 qui
1695 2961 1769 3006 sum
1784 2945 1892 3005 firmus
1911 2940 1939 3001 et

304 3039 395 3119 pulo,
413 3039 469 3118 qui
483 3039 676 3116 designatur
689 3054 749 3116 per
763 3039 959 3104 funiculum.
1156 3042 1285 3105 stabilis
1299 3044 1332 3105 et
1346 3041 1440 3106 fortis
1460 3043 1545 3105 sicut
1559 3044 1665 3121 petra,
1681 3043 1854 3115 aedificabo
1873 3043 1933 3101 lic-

344 3142 410 3201 Per
434 3139 547 3214 virgas
567 3152 646 3214 ergo
670 3137 787 3200 merito
808 3138 1025 3216 designantur
1043 3141 1100 3204 'isti
1155 3144 1295 3204 eleatem
1308 3155 1433 3203 meana
1449 3145 1544 3203 raes
1556 3141 1686 3203 Petrus
1698 3141 1731 3202 et
1745 3155 1851 3217 super
1863 3143 1938 3201 ione

304 3239 454 3316 pastores
472 3237 505 3299 et
526 3236 595 3297 alii.
615 3236 848 3314 Unusquisque
862 3238 972 3299 autem
989 3241 1102 3316 pastor
1151 3240 1293 3315 petram
1325 3240 1497 3314 (edificabo
1529 3241 1717 3302 Docleatem
1750 3253 1872 3310 meam
1911 3233 1939 3295 et

305 3335 401 3398 debet
433 3334 556 3396 habere
589 3333 734 3411 quinque
764 3335 888 3410 virgas.
918 3337 1101 3400 pastoralis
1153 3340 1266 3414 porte
1293 3340 1400 3413 terreri
1427 3353 1497 3398 oon
1517 3338 1757 3410 praeoaeount
1784 3341 1937 3399 adversio

305 3435 393 3496 enim
412 3449 492 3495 cura
511 3432 546 3493 in
569 3432 713 3509 quinque
729 3432 891 3494 consistit.
908 3434 1020 3508 Debet,
1043 3437 1100 3496 in·
1156 3451 1233 3500 eone
1251 3435 1464 3515 (Matinium,
1482 3433 1545 3512 18).
1565 3437 1646 3497 Cum
1659 3436 1748 3496 enim
1761 3437 1807 3498 sit
1827 3432 1936 3496 lunda·

304 3549 415 3612 quam,
447 3531 553 3593 bonus
585 3529 698 3607 pastor
725 3529 851 3592 babere
877 3531 1005 3609 virgam
1027 3534 1100 3596 dis·
1155 3535 1209 3597 tor
1242 3534 1275 3595 et
1308 3533 1559 3595 fundamentum
1594 3533 1767 3605 Ecclesiae,
1803 3531 1936 3611 proiecto

296 3625 452 3709 cipimus,
477 3630 606 3705 virgam
630 3627 802 3705 potentiae,
831 3628 961 3705 virgam
990 3633 1103 3694 scien-
1156 3633 1260 3710 portae
1281 3631 1381 3693 inseri
1401 3631 1560 3693 adversus
1584 3645 1657 3692 eam
1679 3633 1864 3709 praevalera
1885 3641 1940 3689 non

302 3732 370 3804 tiae,
384 3731 514 3806 virgam
529 3726 700 3800 custodiae,
720 3729 752 3789 et
764 3727 897 3805 virgam
910 3729 1102 3793 misericor-
1156 3733 1304 3809 possunt,
1322 3729 1400 3808 quia
1419 3728 1668 3791 tundamentum
1687 3729 1856 3792 immobile
1875 3741 1942 3806 per-

304 3830 378 3891 diaa.
411 3829 523 3889 Prlma
552 3825 603 3888 est
630 3825 732 3898 utilis,
761 3826 906 3889 secunda
928 3829 1099 3904 terribilis,
1157 3830 1296 3891 severat.
1323 3831 1370 3890 De
1387 3843 1452 3906 quo
1474 3827 1554 3889 dicit
1576 3827 1783 3904 Apostolusz
1809 3830 1940 3890 moia-

304 3927 404 3990 tertta
444 3925 566 3997 dulcis,
604 3925 722 4001 quarta
759 3926 1099 4003 circumspectabilis,
1155 3929 1312 3990 meritum
1333 3928 1484 4002 positum
1505 3926 1567 3998 est,
1588 3927 1723 4000 praeter
1749 3929 1840 4001 quod
1862 3923 1942 3987 olisai

304 4024 419 4103 quinta
448 4023 577 4094 suavis,
608 4022 694 4084 idest
717 4022 959 4084 misericordia.
998 4026 1101 4102 Virga
1152 4029 1238 4100 poni
1257 4039 1327 4086 oon
1347 4024 1470 4097 potest,
1493 4027 1581 4099 quod
1602 4023 1654 4086 est
1675 4026 1777 4086 Jesos
1800 4023 1943 4087 Uirbius

305 4123 392 4184 enim
424 4119 607 4198 disciplinae
641 4120 789 4195 corrigit,
825 4121 921 4197 virga
944 4121 1101 4199 potentiae
1156 4119 1186 4200 (Ι
1207 4123 1280 4182 Gor.
1303 4134 1353 4192 111,
1382 4118 1446 4197 11).
1470 4120 1562 4181 Licet
1582 4135 1662 4196 orgo
1684 4121 1842 4183 navicula
1864 4115 1943 4180 Petri

304 4219 409 4299 punit,
424 4219 520 4293 virga
533 4217 682 4278 scientim
700 4217 820 4289 erudit,
831 4219 927 4295 virga
942 4219 1100 4282 custodias
1156 4218 1286 4294 magnis
1301 4217 1456 4280 ductibus
1466 4218 1500 4279 in
1516 4217 1624 4279 medio
1634 4219 1738 4280 maris
1751 4218 1944 4296 saepejaote·

303 4319 421 4386 munit,
436 4317 531 4393 virga
551 4301 788 4377 misericordiae
809 4317 926 4392 parcit.
1156 4317 1220 4389 tur,
1232 4315 1416 4393 praesertim
1424 4331 1499 4378 eum
1509 4317 1545 4377 in
1558 4331 1597 4378 ea
1611 4315 1732 4378 dormit
1740 4318 1850 4388 iesus,
1863 4327 1944 4376 num·

344 4419 448 4479 Item:
468 4415 597 4477 Beatus
610 4429 646 4475 es
658 4415 787 4485 Sintoo,
814 4417 1101 4490 Barmalacum
1156 4429 1255 4491 quam
1275 4413 1386 4477 mmen
1405 4413 1645 4489 submergitur,
1666 4413 1746 4492 quia
1770 4415 1868 4476 Jesus
1888 4411 1945 4473 im·

303 4530 385 4577 coro
409 4514 600 4590 etsoopais
616 4527 685 4573 ooo
703 4513 871 4573 revetavit
892 4513 952 4575 tibi
967 4512 1098 4592 (matth.
1156 4513 1251 4590 perat
1279 4513 1388 4574 ventis
1416 4513 1449 4575 et
1473 4511 1577 4584 mari,
1612 4512 1646 4573 et
1672 4511 1709 4573 tlt
1728 4509 1944 4590 tranquillitas

303 4611 450 4692 xv1,1i),
465 4611 618 4672 sicutnec
629 4609 745 4682 Pau10,
758 4609 845 4669 unde
858 4610 1002 4687 ipseait:
1017 4613 1102 4673 Cum
1156 4627 1287 4687 magna,
1305 4610 1352 4673 ita
1364 4612 1400 4672 ut
1412 4607 1563 4672 homines
1579 4608 1657 4671 inde
1672 4608 1837 4672 mirentur
1851 4609 1882 4671 et
1895 4606 1943 4668 di-

304 4712 420 4772 autem
428 4709 599 4783 placuitet
609 4711 667 4782 qest
676 4721 732 4769 me
741 4711 933 4783 segregavit
944 4723 990 4768 eor
1002 4709 1102 4770 atero
1156 4709 1444 4775 cantztloaiisest
1459 4711 1605 4781 niequio
1616 4708 1945 4770 mareeiveniiobe·

304 4808 431 4868 aratris
451 4821 549 4880 mete,
574 4807 612 4868 ot
627 4806 799 4868 revelaret
817 4807 928 4879 lilium
944 4821 1048 4867 stiam
1065 4810 1102 4868 ia
1157 4807 1255 4867 divini
1273 4811 1306 4868 ei
1320 4808 1333 4866 i
1348 4805 1479 4885 (Matth.
1498 4821 1570 4877 vni,
1586 4804 1653 4885 27).
1674 4807 1754 4868 Haec
1768 4806 1819 4867 esi
1838 4805 1944 4868 domus

304 4919 371 4976 nee,
392 4905 553 4965 coriliano
576 4919 645 4967 non
659 4907 815 4979 acquievi
836 4907 937 4965 corni
961 4904 995 4966 ei
1019 4917 1104 4966 aaa·
1157 4904 1215 4965 illa
1228 4904 1390 4974 sublimis,
1406 4904 1447 4965 da
1462 4919 1525 4981 qua
1541 4903 1673 4965 Veritas
1686 4902 1753 4965 ait:
1769 4899 1943 4966 Descendit

305 5003 404 5078 putot
420 4997 504 5073 (Gal.
519 5014 543 5071 1,
561 4999 609 5070 15,
628 4999 688 5069 tol,
709 5000 806 5070 idest,
825 4999 944 5061 scribis
959 5000 991 5060 ot
1013 4999 1104 5061 Pha·
1152 5007 1283 5079 pitacio,
1300 5001 1472 5064 venamini
1485 5001 1641 5073 fiumina,
1653 5001 1830 5073 siccarunt
1842 4999 1941 5068 vertit,

305 5097 426 5162 risaeis.
444 5098 526 5157 Tres
544 5096 621 5156 sunt
638 5097 766 5174 species
782 5097 1024 5161 revelationum
1048 5099 1102 5160 vel
1156 5102 1191 5164 et
1205 5101 1390 5164 emanat
1411 5102 1450 5160 ie
1470 5101 1608 5161 domum
1627 5101 1731 5171 iilam,
1755 5100 1789 5163 et
1811 5114 1881 5162 non
1897 5110 1946 5159 ce-

304 5195 573 5275 inspirationum.
584 5192 660 5254 Alia
671 5195 870 5268 astacarne,
882 5197 916 5259 et
925 5197 1100 5274 sanguina,
1156 5199 1259 5272 σταίη
1293 5197 1438 5274 madata
1461 5200 1554 5259 enim
1580 5197 1659 5258 erat
1685 5211 1794 5272 super
1814 5197 1945 5271 petroni

306 5294 373 5357 alia
387 5311 405 5355 a
419 5293 580 5363 daemone,
601 5289 669 5352 alia
688 5292 802 5352 aDeo.
816 5294 844 5353 A
859 5308 959 5355 cama
977 5294 1011 5357 et
1023 5309 1102 5356 san·
1157 5295 1288 5378 (Matth.
1310 5311 1368 5369 vu,
1388 5293 1455 5374 25),
1479 5308 1579 5371 super
1597 5294 1707 5367 illam,
1726 5294 1891 5366 videlicet,
1911 5291 1946 5352 de

305 5393 407 5470 guina
418 5390 453 5453 tlt
463 5389 623 5452 revelatio
634 5387 687 5450 vel
702 5388 889 5466 inspiratio,
902 5391 1033 5468 quando
1047 5407 1102 5454 vo-
1156 5395 1197 5456 de
1218 5409 1283 5473 qua
1298 5393 1380 5456 dicit
1396 5392 1572 5471 Apostolus
1589 5414 1597 5453 ε
1612 5392 1724 5454 Petra
1737 5393 1855 5455 autem
1875 5388 1947 5454 erat

206 5495 207 5498 ’
302 5487 525 5569 luptuosavel
541 5484 752 5549 delectabilia
767 5486 1102 5552 suadenturincorde
1157 5493 1313 5555 circites
1345 5490 1375 5570 (Ι
1401 5493 1474 5552 Gor.
1504 5505 1537 5562 x,
1569 5489 1612 5570 l).
1641 5490 1736 5552 Patet
1761 5505 1840 5566 ergo
1865 5485 1944 5566 quod

304 5589 462 5652 nominis.
479 5587 573 5651 Unde
590 5584 641 5648 est
652 5583 736 5646 illud
750 5584 784 5646 in
797 5584 882 5648 libro
898 5587 1099 5663 Sapientiae:
1155 5589 1344 5667 apostolica
1369 5587 1471 5650 Sedes
1494 5603 1559 5649 non
1575 5587 1687 5650 delicit
1706 5587 1741 5648 in
1762 5586 1945 5650 tribulatio·

303 5687 430 5750 «Vino
453 5684 599 5764 pretioso
623 5685 656 5748 et
679 5681 858 5760 unguentis
876 5699 937 5746 nos
960 5683 1102 5762 implea-
1155 5687 1265 5758 nibus,
1289 5687 1345 5750 sed
1361 5686 1541 5764 perficitur,
1563 5687 1600 5746 ut
1613 5684 1724 5749 dicere
1745 5685 1855 5748 valeat
1876 5695 1944 5746 cum
