4058 6308
114 336 164 404 285

115 502 171 565 tota
191 498 255 562 die.
278 498 462 572 Quodcirea
481 499 731 564 universitatem
751 502 896 566 vestram

114 614 266 674 rogamus,
295 613 466 659 monemus
489 599 647 660 attentius
669 600 703 662 et
725 600 899 663 hortamur

115 714 165 776 per
187 697 378 773 apostolica
408 696 501 758 vobis
535 698 658 776 scripta
689 700 896 771 mandantes,

115 797 277 874 quatenus,
295 795 381 857 sicut
400 796 541 857 salutem
556 798 700 859 vestram
713 796 852 874 diligitis
867 797 900 860 et

115 897 261 956 honorem
277 894 310 956 et
323 909 436 955 caram
452 895 583 956 habetis
595 896 738 972 gratiam
753 897 899 957 divinam

116 995 142 1054 et
152 992 306 1065 nostram,
330 992 424 1054 robis
449 994 521 1055 sine
539 1010 633 1056 mora
654 994 846 1072 praeficiatis
858 994 899 1054 ad

115 1092 220 1152 restrae
244 1091 395 1166 regimen
420 1092 566 1154 civitatis
590 1093 797 1170 potestatem,
820 1107 901 1154 con-

40 1253 42 1274 ,
116 1190 191 1250 sules
200 1189 254 1249 rel
267 1189 440 1263 rectorem,
454 1191 510 1268 qui
524 1191 723 1268 quaestiones
737 1191 769 1253 et
781 1206 900 1252 causas

40 1289 42 1328 2
115 1287 272 1348 intervos
296 1287 450 1350 subortas
472 1289 593 1366 poterit
613 1290 807 1367 posmodum
827 1289 901 1350 ter-

40 1423 42 1430 ,
115 1386 243 1458 minare,
261 1386 473 1448 ostendentes
493 1387 646 1464 protinus
661 1404 721 1465 per
735 1387 899 1461 effectum,

116 1483 217 1560 quanti
235 1482 302 1545 sint
316 1484 402 1562 apud
427 1487 663 1562 ros-ponderis
685 1502 800 1564 preces
822 1501 903 1548 nos-

40 1641 41 1650 ,
115 1583 175 1653 trae,
195 1582 228 1642 et
251 1580 337 1658 quod
363 1583 412 1644 sic
438 1583 615 1645 debeamus
641 1601 700 1647 vos
725 1586 761 1646 in
782 1585 903 1648 restris

40 1663 42 1726 ἕ
116 1679 360 1742 necessitatibus
388 1681 565 1755 exaudire,
593 1683 679 1745 sieut
703 1699 764 1761 pro
790 1685 902 1745 uestra

116 1778 209 1839 salute
224 1779 382 1854 rogantes
402 1795 421 1839 a
440 1779 534 1840 robis
556 1780 717 1843 fuerimus
740 1780 902 1844 exauditi.

40 1869 41 1932 i
117 1876 243 1937 Slvere
277 1877 444 1954 aliquibus
477 1880 689 1956 juramentis,
728 1880 904 1942 adversum

40 1937 42 2058 f
116 1991 164 2034 ros
188 1975 333 2036 invicem
353 1976 533 2038 temerarie
557 1979 728 2054 praestitis,
744 1978 905 2040 tenemini

116 2070 244 2134 forsitan
260 2072 408 2148 obligati,
429 2075 471 2136 ad
486 2075 662 2136 consilium
681 2077 832 2138 nostrum
847 2092 906 2136 su-

40 2227 42 2252 ,
116 2185 165 2244 per
186 2171 228 2230 iis
255 2187 429 2233 recurrere
454 2173 606 2250 poteritis
629 2174 778 2252 tempore
802 2191 905 2252 opor-

40 2253 42 2340 ξ
116 2267 193 2338 tuno,
213 2268 296 2344 quia
316 2269 426 2345 parati
452 2285 567 2331 sumus
593 2271 785 2348 impendere
806 2273 908 2350 spiri-

40 2355 42 2442 }
116 2363 251 2426 tualibus
301 2365 521 2442 languoribus
564 2369 724 2432 salutaris
767 2369 907 2434 antidoti

116 2462 307 2524 medicinam
324 2466 357 2526 et
375 2465 450 2541 paci
470 2467 589 2528 vestrae
609 2467 782 2529 intendere
796 2485 835 2530 ac
851 2485 909 2530 sa-

41 2575 42 2638 ς
116 2558 176 2620 luti.
185 2563 306 2623 Datum
314 2563 480 2638 Laterani,
493 2567 554 2627 XII
563 2565 629 2628 hal.
642 2566 765 2640 martii,
779 2566 908 2644 pontifi·

41 2659 42 2688 ³
116 2661 321 2723 catusnostri
336 2678 424 2724 anno
439 2663 557 2740 primo.

420 2823 606 2910 CCXXIX

42 3009 43 3050 r
117 2991 161 3050 Ad
178 2995 338 3066 priorem
360 2993 394 3054 et
418 2995 606 3068 capitelam
623 2995 825 3057 caracterem
844 2999 906 3058 Jo-

239 3093 369 3152 honaia
383 3091 417 3153 et
430 3097 533 3154 Paeti
553 3095 771 3156 Tudertinus

399 3225 432 3282 l9
448 3223 517 3284 febr.
538 3227 617 3284 lali.

119 3307 180 3367 [dod.
199 3309 251 3362 iat.
277 3311 349 3371 aial,
365 3327 391 3378 p.
410 3313 464 3364 lii.
484 3317 541 3366 lisa.
559 3315 739 3380 Bibliotbdque
755 3315 906 3381 nationale]

43 3417 44 3420 ’
118 3423 166 3482 Eos
181 3435 207 3484 et
226 3429 369 3488 ecclesias
392 3445 492 3488 eorum
511 3447 576 3490 curn
601 3431 735 3490 omnibus
752 3431 836 3490 bonis
855 3433 907 3492 sub

290 3521 322 3576 B.
338 3520 413 3576 Petri
428 3522 605 3593 protectione
620 3523 728 3594 recipit.

43 3649 45 3716 1,
151 3642 252 3704 iustis
279 3645 461 3722 petentium
486 3648 586 3708 etc...
623 3661 731 3722 eserie
756 3663 906 3708 assensu.

43 3806 44 3828 ἶ
121 3737 294 3803 Personam
310 3744 343 3805 et
357 3742 532 3805 ecclesiam
547 3746 692 3807 vestram
708 3761 783 3806 eum
801 3745 909 3807 omni-

43 3913 44 3916 *
120 3831 171 3895 bus
185 3837 284 3900 bonis
300 3856 373 3917 quae
406 3841 705 3918 impraesentiarum
723 3842 910 3904 rationabi-

43 3924 44 3945 ¹
119 3929 185 3995 liter
206 3937 399 4014 possidetis,
427 3940 480 4001 vel
502 3940 537 4000 in
561 3940 708 4002 futurum
730 3941 909 4018 praestante

43 4047 44 4100 l
118 4030 248 4096 Domino
258 4037 367 4114 jusus
384 4037 491 4098 modis
512 4037 665 4115 poteritis
679 4039 831 4116 adipisci,
848 4037 908 4099 sub

119 4124 196 4192 beati
211 4133 307 4196 Petri
317 4135 350 4196 et
360 4135 475 4198 nostra
490 4136 695 4213 protectione
711 4137 910 4213 suscipimus

43 4257 45 4325 t
120 4227 146 4286 ct
167 4232 342 4303 praesentis
368 4233 484 4312 scripti
507 4235 629 4311 pagina
656 4235 908 4297 communimus.

118 4323 198 4386 Nulli
217 4345 301 4404 ergo
319 4330 455 4391 omnino
480 4331 663 4404 hominum,
682 4333 771 4394 etc...
789 4333 910 4394 nostrae

119 4425 337 4500 protectionis,
351 4429 439 4489 eto...
453 4429 572 4506 Siquis
584 4430 792 4492 autemetc...

150 4524 266 4586 Datum
284 4525 451 4598 Laterani,
469 4526 596 4589 decimo
609 4527 769 4590 kalendas
785 4527 909 4600 martii,

119 4621 321 4692 pontificatus
334 4623 439 4686 nostri
452 4640 540 4686 anno
553 4625 678 4702 prime.

427 4784 593 4872 cdxxx

120 4935 164 4992 Ad
188 4938 474 5012 archiepiscopos,
505 4941 680 5012 episcopos
705 4937 740 4998 et
762 4937 911 5005 abbates,

152 5035 295 5104 priores
308 5035 343 5096 et
356 5037 441 5096 alios
455 5038 679 5097 ecclesiarum
690 5035 854 5110 pretores
868 5037 913 5096 od

153 5143 232 5201 quos
248 5132 378 5194 litterae
388 5131 626 5208 pervenerint.

407 5265 440 5321 l9
457 5263 528 5322 febr.
545 5265 623 5322 lali.

123 5345 185 5409 [θοὰ.
204 5351 252 5402 lat.
271 5351 342 5413 ater,
364 5367 391 5418 p.
411 5351 466 5402 1³0.
490 5354 548 5404 llss.
567 5352 746 5416 bibliotheque
760 5349 912 5417 nationale]

123 5455 346 5534 archiepiscopis
368 5465 395 5518 ct
416 5459 559 5533 episcopis
581 5458 616 5517 ad
636 5474 708 5532 quos
725 5459 826 5518 littere
851 5459 914 5516 istae

152 5551 333 5618 pervenerint
346 5549 529 5608 commendat
541 5548 672 5607 ordinem
690 5549 740 5606 SS.
756 5548 910 5606 Trinitatis.

157 5693 261 5764 Quum
295 5696 391 5772 juxta
424 5694 563 5758 verbum
594 5692 754 5772 Apostoli,
790 5692 914 5756 bonum

731 342 962 403 EPISTOLAE.
986 343 1064 404 LIB.
1088 343 1113 402 1.

1690 343 1752 404 286

951 503 1084 580 operari
1107 503 1290 574 teneamur,
1317 501 1358 562 ad
1385 500 1492 562 omnis
1519 517 1608 564 curae
1636 501 1752 564 defen-

953 601 1080 663 sionem
1102 601 1135 662 et
1157 600 1381 677 provisionem
1405 600 1539 661 illorum
1564 601 1751 676 praesertim

953 715 1088 777 operam
1103 698 1261 760 adhibere
1274 698 1426 762 tenemur
1440 698 1497 775 qui
1510 698 1665 775 operibus
1678 699 1752 775 pie-

952 798 1031 860 tatis
1045 797 1203 858 insistunt
1217 797 1250 858 et
1264 797 1511 874 compatiuntur
1523 797 1752 874 proximorum

954 896 1124 957 laboribus
1140 896 1173 958 et
1188 895 1356 956 aerumnis.
1373 895 1452 955 Inde
1474 895 1525 956 est
1546 895 1631 972 quod
1653 913 1753 972 quum

955 995 1067 1056 dilecti
1082 994 1143 1055 filii
1156 997 1303 1055 ioannes
1326 993 1478 1054 minister
1497 993 1529 1054 et
1548 991 1668 1054 fratres
1697 1010 1755 1054 or-

956 1092 1043 1153 dinis
1067 1093 1191 1153 sanotae
1218 1090 1391 1152 Trinitatis
1413 1090 1446 1152 et
1471 1091 1691 1170 captivorum,
1716 1108 1754 1153 se

955 1190 1139 1269 receptioni
1151 1205 1346 1266 pauperum,
1364 1188 1571 1249 infirmorum
1594 1190 1752 1251 consola-

955 1288 1051 1360 tioni,
1069 1303 1108 1348 ac
1129 1285 1349 1363 redemptioni
1371 1285 1587 1362 exposuerint
1602 1286 1753 1364 captivo-

956 1403 1042 1456 rum,
1065 1385 1318 1447 unirersitatem
1340 1399 1514 1446 monemus
1540 1384 1698 1446 attentius
1722 1385 1756 1446 et

957 1485 1141 1557 hortamur,
1158 1484 1322 1561 quatenus
1343 1499 1400 1544 eos
1422 1483 1455 1544 et
1469 1482 1602 1543 domum
1620 1483 1755 1543 illorum

958 1581 1241 1645 recommendatos
1270 1580 1432 1644 habentes
1449 1581 1482 1642 et
1496 1581 1709 1642 defendentes
1735 1597 1755 1642 a

959 1682 1179 1758 malignorum
1204 1681 1352 1751 incursu,
1381 1679 1602 1756 parochianos
1627 1681 1756 1740 vestros

959 1781 1017 1842 aut
1030 1781 1079 1842 eis
1092 1779 1133 1841 de
1149 1778 1246 1841 bonis
1264 1778 1327 1839 sibi
1342 1793 1361 1838 a
1377 1780 1446 1838 Deo
1461 1777 1591 1838 collatis
1607 1778 1756 1839 eleemo-

959 1894 1060 1955 synas
1075 1876 1272 1954 largiantur,
1288 1875 1322 1936 et
1336 1873 1508 1936 beneficiis
1528 1875 1756 1936 charitatisil-

960 1977 1067 2038 lorum
1078 1993 1138 2055 pro
1154 1991 1251 2053 posse
1274 1973 1438 2035 auxilium
1455 1971 1755 2050 conferantoppor-

960 2075 1093 2148 lunum,
1128 2073 1291 2135 moneatis
1325 2071 1482 2134 attentius
1516 2071 1549 2133 et
1576 2071 1757 2133 efficaciter

960 2173 1137 2236 inducatis.
1171 2173 1290 2233 Datum
1322 2167 1492 2241 Laterani,
1522 2170 1568 2229 Xl
1595 2169 1759 2230 kalendas

961 2271 1085 2345 martii,
1098 2270 1310 2349 pontificatus
1323 2268 1429 2330 nostri
1442 2282 1530 2328 enno
1543 2267 1661 2344 primo.

1269 2554 1455 2642 dcxxxi

962 2765 1014 2826 Ad
1026 2766 1059 2826 J.
1071 2765 1315 2839 presbeterum
1329 2765 1478 2826 ecelesiae
1492 2761 1622 2824 sancire
1633 2761 1762 2821 Marios

1081 2865 1118 2924 ie
1134 2863 1320 2924 domenati
1341 2865 1481 2936 ejusque
1495 2860 1638 2935 fratres.

1256 3048 1288 3105 {9
1302 3044 1374 3104 febr.
1392 3047 1471 3104 lili.

994 3135 1065 3202 [Cod.
1076 3135 1122 3187 lat.
1135 3135 1206 3189 aeti.
1217 3151 1243 3200 p.
1256 3135 1309 3186 lbi.
1320 3136 1378 3185 liss.
1392 3133 1567 3196 bibliotheque
1577 3130 1730 3196 nationale]

962 3289 1005 3349 rid
1032 3290 1178 3362 exemplar
1203 3289 1352 3347 coelestini
1372 3302 1420 3360 pp.
1448 3287 1489 3343 lll
1515 3283 1760 3353 constitutionem,

998 3392 1052 3450 qua
1074 3377 1103 3432 in
1121 3389 1221 3432 eorum
1241 3379 1385 3432 conventu
1400 3371 1548 3445 quinarius
1567 3371 1685 3428 fratrum
1704 3369 1760 3426 nu'·

998 3480 1095 3523 merus
1109 3463 1240 3533 habetur,
1256 3462 1416 3520 confirmat.

1002 3639 1020 3699 J
1023 3636 1105 3697 ustis
1123 3635 1268 3696 filiorum
1285 3632 1435 3694 ecclesiae
1450 3629 1603 3707 precibus
1618 3627 1761 3702 benigne

963 3733 1228 3797 condescendere
1252 3747 1314 3792 nos
1338 3729 1476 3806 oportet,
1503 3727 1536 3788 et
1558 3725 1640 3804 ipsis
1662 3724 1763 3786 facile

963 3832 1112 3894 favorem
1124 3828 1353 3907 Apostortcum
1368 3823 1547 3902 impartiri,
1560 3824 1596 3886 ut
1610 3839 1711 3900 quum
1726 3838 1763 3883 se

963 3928 1122 3992 benevole
1153 3927 1300 3990 viderint
1333 3923 1525 3995 exauditos,
1558 3920 1691 3983 facilius
1719 3919 1762 3980 ad

964 4029 1172 4091 devotionem
1185 4025 1333 4087 nostram
1344 4024 1377 4085 et
1384 4021 1541 4084 Ecclesiae
1549 4019 1761 4081 inducantur.

965 4125 1157 4204 napi-optes,
1170 4122 1283 4185 dilecti
1298 4121 1332 4182 in
1352 4119 1492 4182 Domino
1507 4118 1579 4189 filii,
1603 4115 1763 4192 scriptum

965 4224 1192 4288 authenticum
1214 4237 1279 4298 quo
1295 4219 1393 4298 Juxta
1416 4215 1590 4278 facultates
1610 4213 1764 4276 ecclesiae

964 4324 1095 4393 vestrae,
1110 4321 1149 4381 de
1163 4334 1302 4380 assensu
1313 4313 1515 4378 venerabilis
1531 4311 1644 4374 fratris
1657 4311 1764 4372 nostri

966 4419 1151 4483 Placentini
1165 4415 1322 4494 episcopi,
1337 4411 1556 4476 consideratis
1567 4412 1638 4487 eJus
1651 4407 1765 4470 facul-

964 4518 1100 4590 tatibus,
1118 4515 1308 4593 quinarium
1328 4512 1363 4572 in
1382 4525 1421 4572 ea
1436 4508 1577 4570 fratrum
1589 4521 1764 4567 numerum

965 4615 1103 4695 provide
1128 4611 1304 4682 statuistis,
1326 4604 1563 4686 perspicaciter
1584 4603 1763 4676 intuentes,

966 4731 1008 4777 ne
1033 4729 1133 4792 super
1159 4711 1347 4788 aliquorum
1368 4703 1559 4780 receptione
1585 4700 1709 4778 praeter
1730 4699 1764 4762 ld

967 4813 1052 4891 quod
1072 4808 1232 4872 statutum
1248 4805 1298 4866 est
1313 4800 1447 4878 possitis
1471 4797 1617 4876 qualibet
1640 4797 1766 4873 impro-

966 4911 1068 4973 bitate
1092 4905 1226 4976 vexari,
1253 4898 1522 4964 constitutionem
1548 4895 1656 4974 ipsam
1680 4896 1766 4957 sicut

966 5004 1210 5071 rationabiliter
1228 4999 1316 5062 facta
1334 4998 1395 5068 est,
1412 4996 1453 5058 ad
1470 4994 1641 5071 exemplar
1656 4992 1766 5055 felicis

967 5107 1135 5167 memoriae
1175 5097 1332 5161 celestini
1366 5098 1466 5172 Papae
1509 5092 1766 5170 praedecessoris

968 5202 1085 5274 nostri,
1097 5197 1295 5261 auctoritate
1309 5193 1501 5272 Apostolica
1516 5191 1765 5262 confirmamus,

968 5302 1001 5364 et
1024 5296 1197 5378 praesentis
1225 5293 1340 5370 scripti
1365 5290 1488 5369 pagina
1512 5287 1765 5359 communimus,

968 5399 1034 5460 nisi
1053 5395 1137 5458 forte
1157 5393 1191 5454 in
1210 5391 1340 5454 tantum
1359 5389 1465 5466 ipsius
1490 5384 1641 5447 eeclesiae
1661 5382 1770 5446 facul·

968 5499 1054 5560 tates
1068 5491 1279 5557 excreverint
1294 5488 1380 5568 quod
1396 5486 1508 5564 plures
1523 5482 1641 5544 merito
1656 5482 1769 5544 valeat

968 5595 1123 5664 retinere,
1135 5590 1228 5651 salvo
1239 5589 1274 5650 in
1285 5584 1437 5647 omnibus
1448 5579 1768 5657 tamennpostonce

970 5692 1064 5757 Sedis
1088 5688 1255 5752 mandato.
1286 5683 1380 5752 Nulli
1406 5696 1486 5756 ergo
1513 5679 1658 5750 omnino,
1677 5677 1768 5742 etc...
