3982 6302
283 337 344 400 339
746 335 922 399 HONORII
943 338 990 399 III
1010 336 1159 400 oraui.
1174 365 1215 386 -
1230 330 1462 404 SERMONES.
1835 347 1893 420 „alo

285 495 390 558 illam.
407 495 442 558 Sl
458 494 628 573 nonpotes
643 509 754 558 emere
769 495 905 559 dimidio
918 495 1079 573 patrimo-
1171 499 1253 560 Dico
1285 499 1405 562 autem
1435 495 1558 564 vobo:
1587 502 1696 564 omuts
1718 505 1893 579 wuuutque

285 593 333 654 nii
348 609 422 656 cum
437 593 588 668 zachaeo;
611 608 684 656 eme
698 593 827 656 duobus
849 593 987 656 minutis
1002 611 1077 656 cum
1131 589 1307 671 coufessus
1340 599 1448 672 {trem
1479 613 1535 660 unc
1554 613 1672 660 coram
1691 602 1891 664 bominibus...

284 693 395 754 vidua.
412 695 490 752 Eme
503 692 609 753 calice
627 704 722 770 aquae
744 691 885 768 trigidae,
900 693 933 754 et
949 693 977 753 si
993 693 1078 755 desit
1132 691 1262 771 (Matth.
1288 711 1323 768 x,
1350 692 1417 774 22).
1451 695 1570 759 Tribus
1595 695 1699 757 modis
1726 697 1895 759 confitemur

284 789 434 861 facultas,
449 805 515 851 uno
526 791 559 851 et
572 789 643 851 solo
657 791 837 852 voluntatis
848 791 981 854 affectu.
995 791 1079 867 Reg·
1132 791 1297 854 Christum
1306 793 1791 866 corambomlnibus,videlicet,
1802 796 1893 868 corde,

284 903 363 947 num
375 889 464 948 enim
475 888 535 949 Dei
547 889 675 949 tantum
688 889 778 951 valet
788 890 947 966 quantum
960 888 1075 950 habes.
1132 903 1189 950 ore
1201 890 1234 950 et
1254 903 1365 966 opera.
1387 890 1481 952 Unde
1503 905 1563 968 per
1577 891 1774 952 contrarium
1788 889 1823 952 de
1835 892 1897 967 qul·

285 987 349 1046 Pro
365 985 470 1046 nihilo
489 985 550 1047 tibi
569 986 771 1058 conceditur,
793 988 897 1062 gratis
914 1003 975 1048 nec
994 987 1077 1048 dee·
1131 985 1270 1048 busdam
1289 987 1370 1049 dicit
1386 988 1510 1049 Paulus
1525 1009 1533 1048 ε
1549 989 1750 1061 coaudientes
1769 1003 1802 1050 sc
1814 1003 1896 1049 nosse
1977 985 1978 1072 l

284 1084 363 1144 runt
387 1083 579 1156 vendentes,
597 1084 627 1144 si
648 1084 741 1148 illam
764 1085 917 1146 volumus
938 1101 1076 1162 compa·
1133 1088 1253 1153 Delum,
1282 1086 1384 1158 suetis
1410 1087 1528 1148 autem
1551 1086 1678 1163 nequet
1706 1085 1778 1163 (Tit.
1803 1101 1824 1152 r,
1844 1083 1896 1162 16).

284 1193 372 1242 rare.
389 1181 510 1242 Nonne
525 1181 668 1258 quinque
684 1197 838 1259 passeres
861 1184 1007 1244 veneunt
1021 1182 1076 1242 di·
1110 1176 1115 1186 '
1132 1181 1279 1252 Quatuor
1292 1181 1450 1258 suntquse
1461 1182 1704 1244 contessionem
1718 1181 1896 1259 impediunt:

285 1277 425 1356 pondiot
451 1279 605 1356 Quinque
637 1295 789 1356 passeres
827 1281 903 1342 sunt
931 1281 1078 1356 quinque
1132 1279 1238 1356 pudor
1252 1278 1383 1340 dicendi
1393 1280 1426 1342 et
1438 1280 1540 1342 timor
1557 1280 1766 1358 poenitentia,
1777 1293 1843 1355 spes
1852 1278 1900 1338 de-

285 1374 505 1437 bumanorum
517 1377 665 1438 cordium
678 1378 816 1455 species.
827 1377 940 1438 Prima
948 1377 999 1439 est
1008 1392 1079 1438 cor·
1133 1376 1248 1437 siderii
1263 1377 1296 1438 et
1308 1375 1496 1454 desperatio
1509 1378 1707 1440 abstinendi.
1724 1377 1758 1438 Si
1777 1375 1843 1454 quis
1862 1375 1900 1435 is-

285 1471 337 1534 dis
352 1473 505 1550 duplicis,
526 1475 670 1536 secunda
686 1476 849 1548 dissoluti,
871 1476 970 1537 tertia
990 1475 1075 1546 duri,
1132 1474 1175 1534 tis
1188 1473 1330 1551 quatuor
1347 1475 1520 1551 premitur,
1533 1478 1624 1539 recte
1641 1476 1771 1546 dicitur,
1786 1471 1900 1552 quodin

285 1571 403 1647 quarta
424 1571 642 1648 ingredientis
661 1573 744 1634 duas
761 1575 845 1646 vias,
869 1573 984 1652 quinta
998 1587 1077 1634 cor-
1133 1573 1454 1649 monumentojacet,
1472 1574 1505 1636 et
1520 1573 1758 1651 quatriduanus
1769 1575 1833 1649 jam
1851 1569 1903 1629 lo-

286 1665 337 1726 dis
351 1683 503 1745 nequam.
1132 1670 1189 1730 tet.
1204 1670 1323 1730 Contra
1334 1668 1504 1746 pudorem,
1516 1670 1741 1748 componenda
1751 1665 1899 1730 sunttrla:

326 1765 363 1825 Iu
391 1765 444 1826 his
470 1766 704 1842 intelliguntur
729 1767 876 1844 quinque
907 1766 1078 1828 hominum
1133 1767 1369 1830 consideratio
1392 1768 1552 1840 rationis,
1577 1783 1638 1830 cur
1667 1767 1783 1846 pudeat
1807 1765 1901 1826 dicere

286 1862 425 1938 species.
441 1863 505 1924 Gor
519 1863 641 1941 duplex
656 1864 706 1926 est
717 1865 752 1925 iu
762 1865 827 1937 bis,
851 1864 906 1941 qui
920 1866 996 1926 sunt
1007 1865 1081 1925 lus·
1133 1862 1219 1939 quod
1235 1877 1302 1924 non
1317 1861 1435 1940 puduit
1443 1863 1565 1936 iacere,
1581 1865 1776 1926 reuerentia
1788 1860 1903 1922 intuen-

284 1959 403 2021 tabiles
417 1961 551 2037 stragi,
569 1962 625 2038 qul
640 1962 736 2024 modo
751 1961 875 2024 liabent
895 1977 995 2023 unam
1014 1978 1078 2023 vo·
1132 1961 1177 2021 tis
1201 1961 1282 2034 Del,
1307 1964 1520 2036 comparatu
1547 1963 1684 2039 majoris
1709 1956 1901 2022 contusionis.
1977 1981 1978 2044 q

285 2055 457 2128 luntatem,
473 2059 570 2134 modo
594 2060 706 2120 aliam.
727 2061 791 2120 Gor
811 2059 1007 2121 dissolutum
1029 2060 1080 2122 est
1134 2059 1256 2120 Contra
1280 2058 1433 2120 timorem
1454 2058 1532 2131 tria,
1547 2075 1646 2136 poena
1664 2057 1793 2129 interni,
1808 2056 1902 2129 longa,

284 2153 321 2215 in
334 2154 471 2228 timidis,
486 2157 675 2218 cordurum
694 2157 729 2218 in
745 2156 931 2230 obstinatis,
952 2172 1012 2219 cor
1026 2157 1080 2218 in·
1132 2155 1257 2230 gravis,
1271 2154 1495 2216 infructuosa:
1510 2155 1626 2217 contra
1637 2153 1905 2233 poenitautiaeprae·
1977 2169 1978 2228 q

284 2252 439 2328 grediens
463 2254 545 2314 duas
567 2253 639 2317 uias
659 2255 710 2316 est
730 2254 924 2332 hypocritis,
948 2255 1004 2332 qui
1026 2254 1080 2314 iu·
1134 2252 1405 2329 sentistemporis
1419 2251 1649 2325 breviatoris,
1662 2249 1905 2315 fructuosatlon·
1977 2285 1978 2300 ,

284 2349 481 2424 grediuntur
495 2352 585 2412 viam
607 2352 666 2414 Dei
690 2352 723 2415 et
737 2353 826 2414 viam
845 2352 972 2426 mundi,
988 2353 1077 2414 viam
1133 2353 1186 2412 tra
1198 2365 1290 2427 spem
1304 2351 1389 2412 tria:
1405 2350 1492 2412 bona
1509 2348 1613 2412 luturi
1627 2351 1739 2412 saeculi
1752 2343 1904 2426 praeseulis
1977 2347 1978 2388 l

284 2447 344 2508 Dei
358 2447 394 2510 in
415 2447 502 2511 bona
523 2448 697 2526 religione,
719 2450 809 2511 riam
826 2449 940 2512 mundi
962 2449 997 2510 in
1020 2450 1080 2510 de-
1133 2447 1318 2509 ritaebonis
1334 2438 1905 2524 maq‘ora,certiora,durabiliora;ad
1977 2461 1978 2488 l

284 2543 406 2605 siderio
436 2561 532 2607 vanae
557 2546 684 2622 gloriae.
708 2549 772 2608 Gor
792 2563 934 2624 nequam
955 2547 991 2606 in
1012 2562 1080 2607 ma·
1134 2559 1273 2620 quorum
1302 2545 1584 2621 comparationem
1613 2544 1771 2622 quidquid
1799 2543 1831 2602 in
1855 2539 1907 2600 boc

284 2639 415 2702 litiosis.
452 2643 494 2704 Hi
529 2659 699 2720 passereS,
736 2645 772 2705 ut
806 2644 855 2704 ait
888 2643 1077 2715 Psalmista,
1134 2640 1255 2703 mundo
1279 2641 1463 2702 desiderari
1478 2642 1595 2718 potest,
1613 2643 1776 2704 modicum
1791 2640 1848 2709 est,
1863 2635 1908 2695 in-

284 2735 525 2814 transmigrant
542 2737 577 2800 iu
601 2741 724 2810 monte,
746 2737 842 2809 idest,
865 2739 899 2798 in
923 2737 1079 2814 superbia
1134 2739 1260 2800 certum
1275 2739 1336 2810 est,
1351 2741 1617 2801 momentaneum
1632 2740 1694 2802 est.
1713 2738 1828 2800 Contra
1842 2734 1908 2794 des·
1977 2781 1978 2820 ,

285 2833 430 2895 somnae.
446 2834 628 2912 Dipondius
645 2835 699 2897 vel
719 2835 912 2912 dipondium
933 2835 984 2896 est
996 2849 1080 2912 pon·
1134 2835 1340 2913 perationem
1350 2835 1504 2896 uincendi
1512 2836 1662 2913 peccata,
1675 2836 1756 2898 tria:
1771 2831 1906 2912 proprius

284 2929 346 2990 dus
361 2930 578 3004 levissimum,
600 2933 755 2994 constans
778 2931 905 2994 duobus
929 2931 1076 2994 minutis.
1132 2934 1229 3010 uigor
1252 2933 1402 3010 sumptus
1423 2949 1466 2994 ex
1481 2933 1721 3006 contutatione,
1736 2931 1838 3009 gratia
1857 2924 1906 2989 Dei

284 3027 343 3089 Isti
364 3044 518 3105 passeres
532 3030 680 3092 veneunt
694 3030 861 3108 dipondio,
878 3030 973 3102 idest,
996 3029 1077 3092 vitio
1133 3045 1206 3108 quoe
1228 3031 1642 3104 mereturexhumilitate,
1660 3029 1905 3103 auxiliumque
1977 3035 1978 3080 l

283 3125 469 3200 gulositatis
491 3127 525 3189 et
545 3127 705 3190 libidinis.
727 3130 806 3190 Haec
826 3129 903 3190 sunt
929 3126 993 3189 duo
1013 3126 1079 3187 llu-
1133 3129 1187 3190 cul
1201 3128 1377 3191 confltetur
1396 3145 1439 3190 ex
1453 3129 1696 3205 compassione.

284 3222 375 3285 mina
389 3226 554 3298 Damasci,
571 3226 708 3298 scilicet,
723 3225 849 3298 Abona,
870 3226 956 3302 quod
972 3226 1079 3288 inter*-
1171 3225 1305 3288 Duobus
1338 3227 1448 3288 autem
1482 3227 1589 3288 modis
1621 3225 1833 3288 confitebitur·
1856 3233 1908 3280 nos
1977 3225 1978 3310 t

284 3322 433 3400 pretatur
445 3323 678 3399 suffossiones;
693 3330 727 3386 et
740 3324 893 3400 designat
907 3322 1077 3384 libidinem
1133 3324 1283 3386 Christis
1304 3339 1416 3385 coram
1432 3323 1572 3400 augelis,
1587 3323 1755 3396 uidelicet,
1773 3318 1909 3384 laudibus

284 3433 358 3495 quaa
382 3419 537 3482 diffundit
562 3423 595 3482 et
617 3422 832 3498 distemperet
859 3420 1015 3481 humores
1042 3420 1078 3481 in
1133 3423 1166 3484 et
1188 3419 1394 3482 muneribus.
1418 3424 1466 3482 De
1487 3421 1642 3483 laudibus
1667 3422 1747 3485 dicit
1770 3421 1908 3482 Salomon
1977 3409 1978 3486 l

283 3530 433 3593 corpore,
448 3520 481 3579 et
493 3519 648 3596 Pharplra
663 3517 748 3596 quod
769 3519 1008 3595 interpretatur
1026 3518 1079 3579 la·
1133 3520 1167 3581 iu
1188 3519 1391 3590 Proverbiis,
1409 3518 1449 3580 de
1470 3519 1548 3580 torti
1569 3519 1731 3582 muliere:
1750 3522 1910 3582 Stlrreue-

283 3613 388 3690 pides,
406 3614 558 3692 designat
572 3615 690 3677 edendi
703 3616 925 3693 gulositatem,
938 3631 1011 3693 quae
1027 3615 1080 3676 fa·
1132 3618 1217 3678 runt
1230 3618 1293 3690 liiii
1305 3620 1391 3688 cius,
1406 3619 1440 3678 et
1459 3618 1694 3678 beatissimam
1714 3617 1912 3692 proedtcaoe-
1977 3609 1978 3692 J

283 3711 329 3774 cit
349 3713 501 3776 homines
516 3714 672 3778 duroset
695 3713 841 3776 hebetes.
863 3715 934 3776 Hoc
957 3713 1078 3790 dipon·
1133 3715 1228 3787 ruat,
1243 3715 1277 3776 ct
1290 3717 1348 3776 cir
1361 3716 1437 3786 ejus
1447 3715 1694 3776 loudoottcam
1708 3712 1910 3793 (Proumru
1977 3705 1978 3712 '

282 3809 338 3870 dio
362 3827 398 3873 se
421 3812 568 3874 vendunt
592 3814 743 3875 homines
772 3812 836 3891 ipsi
855 3812 999 3884 diabolo,
1020 3811 1077 3874 sed
1132 3811 1198 3891 28).
1220 3813 1330 3874 Fortis
1344 3811 1465 3872 muller
1485 3811 1536 3872 est
1549 3811 1662 3872 anima
1686 3827 1761 3890 quae
1780 3807 1914 3871 contem-

282 3909 394 3970 tamen
423 3925 488 3972 non
514 3912 592 3972 suut
616 3911 652 3972 iu
674 3911 842 3973 oblivione
865 3926 978 3974 coram
997 3913 1076 3982 Deo,
1134 3911 1184 3971 nit
1203 3925 1364 3987 prospera
1385 3908 1511 3969 mundi.
1532 3907 1609 3968 Filii
1631 3909 1706 3984 ejus
1729 3911 1805 3970 sunt
1826 3915 1914 3981 opera

284 4005 341 4081 qui
356 4006 459 4067 solem
481 4023 577 4068 suum
603 4008 687 4068 oriri
709 4008 789 4068 lacit
807 4023 907 4083 super
925 4007 1029 4068 bonos
1047 4009 1080 4068 et
1133 4005 1220 4067 bona
1235 4022 1308 4082 quae
1325 4005 1507 4067 laudabunt
1527 4021 1611 4066 eam.
1642 4006 1705 4068 Vir
1725 4009 1807 4084 ejus,
1829 3999 1912 4064 idest

284 4102 400 4162 malos.
419 4103 483 4164 Sed
497 4103 610 4180 capilli
629 4105 748 4180 capitis
763 4104 864 4164 vestri
886 4119 1000 4164 omnes
1015 4119 1080 4164 nu·
1134 4103 1296 4173 Christus,
1313 4104 1447 4178 propter
1460 4102 1547 4164 bona
1562 4117 1702 4178 opera...
1720 4102 1871 4166 Dominus
1881 4096 1914 4156 do

284 4199 403 4259 merati
429 4200 515 4260 sunt.
542 4199 660 4276 Capilli
676 4199 754 4258 sunt
767 4199 853 4260 bona
868 4199 1075 4275 temporalia,
1135 4199 1250 4260 sancto
1274 4197 1417 4260 Martino
1442 4198 1527 4261 dixit
1547 4198 1588 4259 ad
1609 4200 1749 4274 angelos
1768 4221 1776 4261 ι
1797 4194 1914 4260 Morti-

284 4295 502 4372 cogltationes
525 4297 654 4368 mentis,
676 4296 815 4357 minima
848 4311 987 4374 quaeque
1004 4313 1080 4357 cor·
1133 4311 1200 4358 uus
1215 4297 1325 4356 aduro
1338 4295 1600 4358 cathecumenus
1613 4297 1916 4360 dccmeoastecou·

284 4393 386 4471 poris.
406 4395 452 4455 De
476 4393 583 4470 primo
607 4393 723 4464 habes,
746 4394 832 4471 quod
845 4394 952 4456 Maria
967 4395 1080 4456 exter-
1134 4393 1234 4454 tescit.
1251 4395 1298 4453 De
1309 4393 1503 4455 muneribus
1515 4393 1596 4454 dioit
1607 4395 1915 4470 Apostolus2cho·

285 4491 331 4554 s‘t
349 4491 480 4568 capillis
498 4493 567 4553 suis
583 4492 783 4570 pedesJesu.
800 4493 892 4564 Quod
908 4507 1078 4569 exponens
1133 4491 1202 4551 sito
1216 4491 1268 4551 cst
1288 4491 1679 4562 midicorouajustittce,
1690 4506 1796 4565 quom
1809 4481 1917 4550 reddet

283 4588 400 4652 beatus
422 4590 603 4668 Gregorius
624 4590 704 4653 dicit
720 4610 728 4650 ε
744 4593 855 4652 Pedes
877 4593 962 4652 Jcsu
978 4593 1079 4663 copti·
1132 4591 1218 4650 milu'
1246 4590 1414 4650 Dorulaus
1443 4591 1481 4647 tu
1508 4591 1566 4650 tito
1591 4591 1645 4650 dte
1672 4591 1792 4661 justus
1813 4586 1917 4648 domu

282 4690 326 4750 its
337 4688 473 4765 torpere
484 4691 536 4751 est
545 4703 722 4765 pauperes
732 4691 828 4750 boote
837 4689 1079 4763 temporalibus
1134 4683 1179 4763 (ΙΙ
1194 4685 1277 4748 Tim.
1293 4701 1338 4755 ru,
1357 4684 1402 4763 8).
1419 4683 1510 4754 Quod
1535 4685 1605 4762 ipse
1626 4687 1788 4761 praestare
1810 4683 1918 4758 digne-

283 4787 492 4848 sustcuture.
1132 4783 1198 4855 tur,
1222 4781 1279 4859 qui
1299 4780 1382 4842 sivit
1401 4782 1435 4842 et
1448 4782 1565 4857 regnat
1589 4781 1624 4842 iu
1651 4785 1775 4846 saecula
1788 4777 1918 4844 saeculo·

324 4883 371 4941 De
386 4885 530 4945 secundo
541 4884 575 4944 in
588 4884 674 4946 libro
685 4883 824 4946 Numeri
839 4885 971 4956 dicitur,
991 4883 1077 4960 quod
1133 4895 1219 4941 rum.

285 4978 464 5039 Nazaraeus
475 4979 571 5042 debet
583 4981 719 5058 capillos
732 4981 850 5043 radere
863 4983 897 5042 in
909 4997 1079 5043 consecra·
1477 5001 1582 5090 XXX

284 5075 386 5137 tione.
396 5077 425 5136 N
428 5091 577 5138 azaraeus
590 5079 640 5138 est
653 5079 793 5154 quilibet
806 5079 1007 5140 christianus
1020 5095 1079 5155 per

284 5187 398 5234 veram
426 5171 623 5247 religionem
647 5176 859 5238 consecratus
883 5191 903 5237 a
926 5177 1076 5248 Domino,
1231 5189 1277 5251 [Ν
1298 5189 1428 5253 ppsqo
1450 5191 1580 5252 ququs
1601 5173 1830 5254 qupppqg

284 5268 341 5348 qui
356 5269 453 5331 debet
467 5267 605 5345 capillos
626 5270 755 5344 radere,
773 5271 868 5344 idest,
893 5289 998 5334 ranas
1022 5289 1080 5335 co-

284 5366 463 5444 gitationes
478 5369 661 5441 amputare.
681 5369 833 5429 Detertlo
848 5369 884 5428 in
899 5369 961 5432 hoc
976 5387 1080 5432 eran·
1174 5369 1238 5437 Qui
1258 5367 1330 5427 uuit
1344 5369 1465 5428 vautra
1477 5367 1555 5442 post
1569 5382 1625 5429 nte
1638 5368 1781 5444 obrepet
1795 5361 1919 5428 soluet-

284 5465 398 5542 gelio:
421 5463 478 5526 ubi
503 5463 584 5526 dicit
609 5463 727 5525 beatus
751 5466 965 5540 Augustinus,
992 5468 1078 5544 quod
1134 5463 1304 5540 ipsomet
1319 5464 1684 5538 tollatcrucemsuom,
1707 5465 1741 5527 ct
1761 5462 1921 5538 secaretur
1977 5465 1978 5470 ’

285 5578 399 5626 omnes
414 5561 514 5638 capili
529 5561 634 5624 nostri
658 5562 819 5639 quantum
841 5563 881 5624 ad
905 5579 1089 5636 resurrecr
1134 5560 1442 5641 lue(lldatth.xxv1,
1461 5559 1515 5640 2)

286 5659 410 5722 tionem
427 5657 591 5722 numerati
613 5662 700 5721 sumt
1173 5661 1279 5735 Hujus
1300 5659 1465 5735 euangelii
1489 5659 1587 5721 lectio
1613 5659 1676 5722 tria
1695 5658 1789 5724 nobis
1805 5658 1920 5719 obsor-
