3988 6308
90 387 133 454 m
695 379 924 462 nmsronm.
948 379 1026 440 uio.
1049 379 1074 439 1.

88 544 200 630 possitis
223 539 263 604 de
285 541 487 617 negligentia
509 540 719 618 reprehendi.
742 541 860 602 Datum

88 641 232 712 Laterani,
253 642 328 700 XVI
349 639 510 700 kalendas
531 638 703 711 februarii,
724 639 860 716 pontid-

88 745 164 806 catus
181 739 285 800 nostri
300 753 387 798 anno
402 737 520 814 primo.

391 977 544 1064 CXLVI

186 1175 239 1234 Ad
256 1173 450 1248 episcopum
465 1174 739 1233 anubioneoscm.

365 1285 468 1358 itjan.
487 1285 565 1344 1217.

109 1411 209 1476 [depost.
221 1409 266 1459 lib.
282 1407 303 1470 l,
314 1407 390 1473 epist.
403 1407 458 1458 las.
470 1409 526 1460 liss.
537 1411 573 1460 Lu
589 1408 665 1459 Porto
683 1407 717 1458 du
735 1407 830 1473 Theti]

85 1551 183 1612 llaudat
198 1558 231 1608 ut
254 1557 369 1608 moneat
390 1549 528 1624 quosdam
544 1551 663 1608 clericos
679 1565 738 1608 suco
754 1549 859 1608 dioece-

112 1642 146 1698 sis
160 1639 193 1696 ad
216 1639 411 1712 caelpiendum
426 1639 576 1698 sacerdotii
594 1639 733 1708 ordinem,
749 1641 798 1712 qui
813 1655 858 1696 oc-

112 1729 204 1786 clcsias
221 1727 358 1798 obtinent,
375 1729 557 1800 quibuscum
578 1729 738 1786 animarum
752 1727 861 1785 adnexa

112 1825 159 1884 est,
178 1823 205 1873 et
224 1817 253 1873 in
269 1816 377 1874 eisdem
390 1816 518 1873 ecclesiis
534 1815 639 1874 lucium
654 1832 705 1890 por
724 1815 861 1889 quosdam

112 1903 293 1962 conductitios
308 1905 471 1962 ministrari.

112 2050 287 2124 Honorius,
318 2049 393 2122 etc„
422 2049 606 2111 venerabili
629 2048 725 2112 fratri
749 2051 862 2113 nostro

80 2147 264 2208 Ambianen.

112 2245 154 2305 kd
180 2245 329 2306 nostram
355 2245 489 2306 noueris
516 2245 718 2307 audientiam
739 2260 861 2323 perve-

79 2341 166 2414 nisse,
194 2341 439 2419 quodquidam
468 2343 581 2403 clerici
609 2344 674 2405 tuae
696 2343 861 2415 dioecesis,

79 2439 127 2514 qui
137 2439 297 2500 ecclesias
318 2437 477 2511 obtinent,
496 2439 615 2516 quibus
631 2455 712 2501 cura
727 2439 864 2502 6311111-

78 2551 193 2596 marum
208 2553 354 2609 annexa,
379 2537 414 2597 in
434 2538 558 2598 eisdem
572 2538 722 2599 ecclesiis
737 2535 864 2598 iaciunt

79 2647 129 2707 per
142 2632 303 2710 quosdam
318 2633 537 2695 conductitios
553 2636 741 2696 sacerdotes
752 2635 866 2695 minis·

79 2730 158 2802 irari,
172 2730 204 2792 et
217 2731 257 2791 in
270 2731 481 2808 presbyteros
494 2733 680 2810 promoueri
695 2733 861 2804 recusant,

78 2824 175 2888 liceta
189 2831 222 2889 te
240 2828 366 2890 suerint
379 2845 479 2905 super
493 2827 684 2891 multotiens
699 2829 862 2908 requisiti.

78 2923 151 2982 Cum
165 2926 270 3000 igitur
289 2926 345 3002 qui
367 2926 623 2988 emolumentum
642 2928 785 3004 percipit
799 2943 863 2988 ex-

80 3023 179 3080 cusari
193 3039 265 3084 non
280 3022 431 3085 debeata
446 3023 571 3094 labore,
588 3024 786 3086 fraternitati
799 3025 863 3086 tuae

77 3133 130 3192 per
141 3121 326 3196 apostolica
342 3122 464 3198 scripta
479 3122 685 3196 mandamus,
703 3123 864 3199 quatenus

76 3215 220 3288 praelatos
234 3218 377 3280 clericos
391 3219 432 3279 ad
447 3219 674 3297 recipiendum
687 3220 864 3280 sacerdotii

73 3313 337 3393 ordinemquum
350 3315 473 3378 uideris
489 3317 656 3394 expedire,
665 3333 799 3379 moneas
815 3317 865 3378 ei-

75 3407 222 3484 10101161,
242 3415 279 3475 61
294 3413 431 3475 inducas
448 3414 538 3490 ipsos
551 3414 592 3474 ad
607 3415 669 3476 hoc
685 3415 713 3475 si
728 3431 864 3476 necesse

70 3505 164 3570 luerit
178 3527 241 3586 per
259 3509 518 3572 subtracti0nem
538 3511 776 3573 beneficiorum
800 3529 864 3590 ap-

72 3606 243 3678 pellatione
275 3613 400 3670 remota
416 3609 627 3685 compellens.
658 3610 777 3671 Datum
795 3613 864 3671 La-

67 3702 178 3772 terani,
192 3707 275 3766 XVI
288 3705 450 3766 kalendas
463 3706 634 3778 februarii,
651 3708 863 3784 pontificatus

70 3801 165 3861 nostri
181 3818 277 3863 anno
290 3803 409 3880 primo.

289 3999 294 4007 ’
381 4016 553 4104 CXLVII

65 4227 112 4288 Act
133 4231 341 4304 episcopum
360 4230 394 4290 et
411 4234 690 4294 orcltc'dc'aconccm
712 4233 749 4294 111
769 4236 863 4294 Hos-

111 4326 257 4388 trenom
274 4327 308 4388 et
316 4329 545 4402 praepositam
559 4330 811 4392 atrebatenses.

370 4442 403 4498 17
413 4439 473 4513 jan.
491 4442 569 4499 lali.

92 4561 203 4626 [liegest.
222 4564 272 4614 lib.
289 4564 308 4620 l,
328 4563 403 4628 epist.
419 4563 464 4613 138
485 4565 542 4614 iiss.
555 4565 590 4616 La
601 4566 678 4615 Porte
691 4567 725 4616 du
740 4565 832 4632 Tacit]

63 4703 174 4764 Mandat
189 4715 223 4764 ut
237 4715 348 4780 cogant
360 4707 499 4780 quosdam
514 4707 632 4766 abbates
645 4716 672 4766 et
686 4709 865 4784 presbyteros

91 4795 308 4854 arilianensis
331 4796 463 4854 dioecesis
479 4797 514 4854 ud
530 4797 721 4856 obedientiam
736 4807 765 4857 et
782 4814 863 4858 reve-

93 4887 217 4944 rentiam
236 4884 369 4943 debitam
384 4887 519 4960 episcopo
533 4887 732 4946 Auribianensi.

95 5031 289 5100 1101011111,
304 5031 378 5102 etc„
390 5030 573 5091 venerabili
589 5031 683 5094 tratri
697 5033 863 5110 episcopo,

60 5125 88 5186 et
102 5127 242 5190 dilectis
261 5127 342 5188 filiis
357 5129 593 5190 archidiacono
613 5131 648 5190 in
664 5133 863 5204 llostrenan,

59 5225 88 5284 et
99 5226 293 5302 praeposito
308 5225 497 5288 atrebaten.

95 5325 144 5384 Ex
169 5325 276 5401 parte
300 5323 500 5384 uenerabilis
515 5324 627 5386 fratris
651 5326 756 5386 nostri
783 5331 866 5386 Am-

58 5417 192 5482 bianen.
211 5421 369 5498 episcopi
385 5421 447 5482 iuit
462 5423 665 5498 propositum
676 5439 788 5484 coram
801 5440 865 5484 no-

57 5514 114 5590 bis,
132 5519 226 5598 quod
244 5519 401 5579 nonnulli
414 5519 549 5580 abbates
562 5520 784 5598 etpresbyteri
798 5538 866 5583 suae

58 5613 214 5678 dioecesis
239 5615 276 5677 ei
294 5615 513 5678 obedientiam
527 5619 560 5678 et
574 5618 794 5679 reuerentiam
809 5619 868 5680 de-

57 5711 156 5777 bltam
170 5713 613 5792 subtrahuntminusJ'uste3
626 5715 758 5792 quidam
768 5717 867 5778 etiam

1650 377 1709 436 182

915 538 1068 601 canonici
1089 535 1282 599 ambianen.
1309 535 1469 612 ecclesiae,
1493 537 1590 614 prout
1603 535 1709 614 ipsius

915 638 1065 699 ecclesiae
1094 637 1276 697 necessitas
1302 635 1421 711 engo,
1449 636 1490 696 ad
1518 635 1709 697 mandatum

915 735 1063 812 ejusdem
1086 733 1231 811 episcopi
1258 734 1416 794 recusant
1442 733 1478 793 in
1498 731 1709 811 presbyteros

915 831 1113 910 promoueri,
1128 830 1362 908 propterquod
1378 829 1410 892 et
1429 830 1569 892 ecclesia
1587 830 1709 892 diuinis

916 929 1034 993 oillciis
1049 928 1275 1001 defraudatur,
1292 928 1325 989 et
1341 928 1520 1003 derogatur
1531 928 1710 1006 plurimum

911 1027 1139 1106 jurisdictioni
1165 1025 1323 1102 episcopi,
1354 1026 1387 1087 et
1410 1025 1540 1086 honori.
1568 1026 1710 1104 Ideoque

916 1124 1110 1187 discretioni
1142 1123 1262 1186 vestrae
1295 1139 1355 1200 per
1380 1122 1562 1200 apostolica
1586 1125 1709 1201 scripta

915 1221 1123 1294 mandamus,
1152 1223 1315 1299 quatenus
1341 1219 1477 1282 abbates
1505 1221 1538 1282 et
1570 1220 1711 1299 presby-

916 1321 1005 1381 teros
1021 1319 1204 1381 antedictos
1219 1319 1260 1380 ad
1272 1317 1492 1380 obedientiam
1503 1318 1535 1380 et
1549 1333 1710 1380 reueren-

915 1417 995 1478 tiam
1015 1418 1046 1477 ei
1064 1416 1209 1477 debitam
1224 1415 1445 1478 exhibendam
1460 1415 1493 1476 61
1504 1415 1636 1476 eosdem
1652 1431 1711 1476 ca-

915 1515 1053 1576 nonicos
1078 1515 1120 1575 ad
1141 1514 1368 1590 recipiendum
1385 1513 1519 1575 ordines
1540 1514 1576 1574 ut
1594 1501 1713 1574 tenen-

916 1612 980 1685 tur,
995 1612 1176 1674 monitiono
1189 1612 1373 1689 praemissa,
1389 1628 1448 1688 per
1461 1627 1635 1673 censuram
1650 1624 1710 1672 ec-

916 1709 1148 1782 elesiasticam,
1170 1708 1391 1786 appellatione
1419 1709 1557 1780 remota,
1579 1707 1712 1784 justitia

916 1807 1095 1880 mediante,
1108 1807 1246 1882 cogatis.
1265 1807 1355 1878 Quod
1371 1806 1479 1867 sinon
1492 1821 1617 1878 omnes,
1634 1806 1709 1879 ete,

916 1905 952 1967 tu
959 1905 1062 1966 irater
1076 1904 1239 1981 episcope,
1255 1903 1316 1965 eto.
1327 1903 1446 1964 Datum
1457 1904 1624 1975 Laterani,
1636 1905 1712 1964 XVI

917 2003 1077 2064 kalendas
1092 2001 1262 2074 februarii,
1279 2001 1490 2080 pontificatus
1506 2001 1611 2063 nostri
1623 2016 1711 2063 anno

917 2116 1034 2178 primo.

1217 2270 1412 2359 CXLVIII

918 2469 967 2529 Ab
980 2471 1274 2543 arcttcpc'scopum
1289 2473 1522 2530 veronensem
1534 2469 1568 2529 et
1584 2469 1714 2540 cpisco-

1026 2582 1110 2641 ponc
1123 2567 1156 2628 et
1170 2567 1358 2640 capitulum
1372 2569 1599 2628 cenomanen.

1212 2679 1246 2736 17
1262 2678 1323 2752 Jan.
1345 2680 1424 2736 1117.
1568 2753 1570 2758 ,

950 2803 1071 2868 [Regest.,
1084 2801 1130 2853 lib.
1142 2803 1161 2862 l,
1177 2803 1251 2868 epist.
1266 2803 1319 2853 loa.
1337 2803 1442 2854 llss.La
1454 2801 1682 2866 nortemanni]

919 2946 1044 3016 llaurdat,
1061 2961 1097 3004 ne
1114 2954 1222 3004 temere
1245 2953 1344 3003 eontra
1369 2947 1572 3020 Berengariam
1597 2959 1711 3002 exeom-

1016 3036 1217 3093 municatiouis
1231 3036 1401 3093 sementiam
1418 3035 1612 3108 pronuntient.

958 3181 1137 3253 Honorius,
1167 3181 1243 3253 610,
1274 3179 1521 3242 uenerabilibus
1554 3177 1713 3241 fratribus

919 3278 1169 3355 archiepiscopo
1179 3281 1345 3340 Turonen.
1362 3279 1395 3340 et
1409 3279 1563 3355 episcopo
1574 3278 1607 3339 61
1621 3278 1715 3354 capi-

919 3376 987 3437 tulo
1004 3377 1225 3437 Cenomanen.

959 3473 1029 3534 Etsi
1048 3474 1231 3551 opportune
1245 3489 1398 3550 arguere,
1418 3472 1593 3536 obsecrare
1608 3489 1647 3534 ac
1661 3473 1716 3533 11-

919 3587 1056 3648 crepare
1080 3570 1195 3632 deceat
1220 3571 1436 3632 ecclesiarum
1459 3572 1616 3642 rectores,
1645 3586 1713 3643 eos,

920 3669 987 3746 qui,
1004 3683 1096 3729 more
1108 3669 1232 3746 aspidis
1245 3669 1337 3728 surdi
1348 3684 1520 3729 vocesnon
1531 3667 1715 3728 exaudiunt

919 3765 1133 3839 incantantis,
1163 3766 1197 3826 id
1221 3766 1331 3826 tamen
1354 3765 1427 3826 fieri
1447 3764 1544 3827 debet
1565 3765 1599 3824 in
1621 3764 1714 3825 omni

919 3863 1080 3940 patientia
1106 3865 1137 3924 61
1154 3863 1315 3932 doctrina,
1334 3863 1371 3924 ut
1384 3862 1476 3924 illius
1490 3861 1641 3939 exemplo
1656 3862 1714 3938 qui
1781 3849 1785 3862 ¹

919 3961 1037 4022 sedens
1061 3977 1162 4039 super
1186 3961 1343 4022 thronum
1371 3976 1446 4021 cum
1473 3959 1714 4037 tranquillitate

914 4057 1043 4136 judicat
1058 4057 1259 4136 aequitatem,
1276 4059 1380 4135 ipsius
1395 4057 1539 4120 ministri
1554 4075 1629 4120 oum
1642 4073 1715 4119 ma-

918 4157 1053 4219 turitate
1079 4157 1259 4234 procedant
1286 4157 1321 4217 in
1346 4173 1500 4235 eosquos
1526 4156 1650 4219 habent
1672 4173 1715 4218 ex

919 4255 1028 4316 oiiicio
1052 4255 1224 4332 judicare,
1254 4270 1320 4315 non
1351 4251 1476 4332 passim
1509 4255 1714 4332 proferentes

919 4353 1114 4425 sententiae,
1138 4353 1195 4414 sed
1215 4369 1290 4414 cum
1311 4353 1414 4415 multo
1432 4353 1658 4414 moderamine
1673 4368 1713 4413 ao

920 4449 1157 4512 deliberatione
1173 4450 1285 4512 habita
1309 4449 1471 4526 diligenti,
1497 4452 1534 4511 ut
1555 4466 1655 4526 qurum
1679 4449 1714 4510 in

921 4546 1068 4608 subditos
1083 4547 1344 4610 ecclesiasticam
1364 4563 1539 4608 censuram
1559 4548 1716 4609 exercent

920 4661 994 4706 cum
1022 4646 1147 4721 gemitu
1181 4645 1300 4716 concils,
1327 4644 1359 4704 id
1394 4643 1505 4704 lacere
1538 4644 1715 4705 uideantur

920 4758 1033 4804 amore
1042 4743 1192 4818 Justitiae,
1210 4757 1275 4802 non
1291 4741 1396 4801 livore
1411 4741 1577 4814 vindictae,
1594 4742 1713 4802 volen-

919 4839 969 4900 tes
984 4839 1093 4916 potius
1108 4854 1187 4898 oues
1203 4837 1244 4897 ad
1260 4837 1373 4897 caulas
1388 4837 1548 4898 reducere
1560 4837 1715 4900 oberran-

920 4938 981 5010 tes
998 4953 1096 5014 quam
1111 4936 1221 5012 lapsos
1245 4935 1367 5012 ejicere
1380 4951 1438 5012 por
1453 4951 1626 4998 censuram
1646 4937 1713 4998 hu-

917 5035 1062 5113 jusmodi
1078 5035 1172 5095 extra
1188 5033 1309 5106 castra,
1326 5050 1399 5094 cum
1415 5035 1467 5095 uri
1483 5034 1624 5096 debeant
1639 5051 1713 5096 cum

920 5134 1077 5211 apostolo
1090 5134 1130 5193 de
1145 5131 1302 5193 scandalo
1318 5133 1554 5208 proximorum.
1573 5135 1659 5193 Sane
1672 5134 1713 5193 ad

921 5231 1124 5292 audientiam
1152 5230 1297 5290 nostram
1329 5231 1502 5290 carissima
1527 5233 1559 5292 et
1585 5231 1714 5291 Christo

922 5329 989 5388 tilia
1001 5327 1214 5402 Berengaria‚
1228 5327 1393 5403 quondam
1407 5328 1587 5402 Arrglorum
1598 5327 1714 5402 regina

921 5425 1059 5496 illustri,
1099 5425 1322 5500 significante,
1365 5424 1516 5500 peruenit
1544 5424 1630 5500 quod
1655 5441 1714 5485 vos

922 5522 1111 5584 maturitate
1126 5521 1235 5584 debita
1256 5537 1322 5583 non
1337 5523 1480 5594 servata,
1495 5523 1528 5583 et
1542 5521 1714 5584 abutentes

921 5620 1087 5683 interdum
1101 5619 1195 5682 uobis
1216 5619 1336 5682 tradita
1352 5619 1524 5696 potestate,
1540 5621 1575 5681 in
1591 5620 1712 5683 terram

922 5720 955 5781 et
964 5718 1114 5780 homines
1127 5731 1205 5780 suos
1216 5717 1287 5777 sine
1298 5715 1472 5780 manifesta
1480 5718 1513 5782 et
1522 5717 1712 5779 rationabili
