4080 6316
323 336 381 394 327
942 329 1117 390 noxoltll
1140 329 1185 388 lli
1207 329 1356 388 bruun.
1881 339 1924 398 828

316 495 393 566 tari,
412 493 515 555 sessos
540 490 770 568 languidorum
795 491 887 552 artus
902 487 1115 552 lectisterniis
1171 489 1287 550 nostro
1302 487 1412 566 posset
1426 487 1564 565 emergi,
1577 488 1761 568 persolvere
1772 492 1922 566 teneantur,

317 592 487 668 variisque
502 589 650 653 ciborum
666 587 770 666 copiis
785 587 889 657 retici,
910 589 1115 650 mortuorum
1171 586 1204 648 et
1217 585 1258 648 ab
1266 584 1420 648 omnibus
1430 586 1630 664 supradictis
1638 587 1671 650 et
1681 588 1805 650 caeteris
1812 592 1924 654 servitiis

318 705 456 767 corpore
474 705 549 750 cum
565 686 674 748 debita
688 686 905 748 veneratione
921 685 1068 763 sepeliri,
1084 687 1117 748 et
1171 683 1238 745 sint
1250 683 1347 746 liberi
1361 686 1395 745 et
1408 683 1583 746 immunes.
1594 687 1673 745 cum
1688 685 1795 762 igitur,
1807 691 1925 764 quelled

319 790 353 850 ut
379 787 413 848 in
436 801 558 863 genere
586 784 794 860 singulorum
812 781 1017 856 reseramus,
1043 799 1116 860 quae
1172 781 1248 844 data
1263 784 1351 855 sunt,
1378 781 1493 844 sancta
1523 782 1591 846 sint
1608 785 1641 844 et
1662 782 1888 858 inrevocabilis,
1902 793 1927 848 ut

317 901 377 964 per
405 885 537 962 singula
553 897 711 960 generum
727 897 886 944 enarrare
912 897 977 943 non
998 897 1118 959 possu·
1171 879 1289 940 horum
1305 895 1324 941 a
1352 879 1448 942 nobis
1464 879 1586 964 dirinae
1599 879 1733 957 pietatis
1746 881 1856 943 intuitu
1867 883 1928 943 deli·

317 999 403 1052 mus,
420 985 456 1044 ut
470 983 611 1044 Mariam
627 983 660 1043 et
674 982 839 1042 Martham
854 979 1116 1042 sacratissimum
1171 977 1344 1040 beratione
1377 977 1523 1055 legitima
1552 977 1639 1040 lacta
1671 977 1801 1040 donatio
1825 981 1927 1052 uostris,

318 1079 506 1158 saepedicta
517 1079 634 1140 domus
648 1077 823 1156 hospitalis
839 1077 1014 1155 collegium
1029 1092 1117 1138 nunc
1172 1077 1661 1154 nostrorumquesuecessnrum
1668 1075 1929 1152 temporibussalra

316 1179 422 1240 variis
434 1177 574 1239 sincerae
590 1175 1000 1255 contemplationisusibus
1014 1175 1118 1237 inten·
1172 1187 1303 1250 semper
1312 1174 1345 1235 et
1353 1173 1549 1236 inconcussa
1559 1174 1929 1260 permaneatprseseutcn

317 1273 406 1344 dere,
424 1289 512 1334 nunc
527 1274 641 1334 contra
658 1272 717 1332 liei
733 1271 943 1333 adversarios
956 1273 989 1332 el
1004 1270 1116 1331 hostes
1172 1273 1205 1332 et
1219 1270 1319 1332 aliam
1342 1269 1383 1332 ad
1405 1270 1642 1332 abundantiam
1668 1271 1800 1348 maioris
1825 1271 1930 1332 cautela

317 1371 426 1432 crucis
442 1371 575 1441 Christi,
590 1369 749 1430 adversus
772 1369 871 1430 etiam
887 1368 1044 1431 Amalech
1065 1368 1119 1428 in·
1172 1367 1683 1447 paginamsigillinostri,aureae
1695 1365 1929 1439 videlicetbullae,

317 1467 471 1529 cessabili
487 1468 640 1544 perlectae
656 1467 783 1528 militiae
796 1465 950 1528 conflictu
961 1466 1002 1527 de
1016 1465 1069 1527 die
1083 1466 1117 1526 in
1172 1468 1341 1528 caractere
1357 1465 1495 1527 lecimus
1516 1464 1668 1527 roborari
1683 1487 1692 1526 ε
1708 1481 1838 1544 querum
1858 1481 1930 1525 uuam

317 1567 405 1628 diem
433 1565 603 1627 dimicare.
633 1565 702 1626 Nos
735 1565 839 1642 igitur
867 1563 1116 1627 deliberationis
1172 1563 1284 1624 domui
1308 1563 1483 1641 hospitalis
1512 1564 1697 1624 interram
1724 1563 1822 1640 Syriae
1849 1563 1931 1623 tradi-

318 1663 436 1726 debitae
462 1662 504 1724 ad
532 1664 666 1741 plenum
696 1661 938 1734 deliberantes,
968 1663 1118 1740 nutuque
1173 1659 1305 1738 dimus3
1334 1661 1498 1739 reliquam
1524 1676 1604 1722 vero
1626 1663 1818 1739 praesentem
1836 1659 1932 1720 scilicet

317 1760 430 1821 divino
446 1761 701 1837 magnificentiae
722 1760 846 1836 regalis
873 1759 1117 1836 eleemosynam
1174 1762 1294 1821 nostrae
1305 1759 1509 1837 posteritatis
1525 1760 1733 1821 ostensuram
1742 1759 1932 1833 inliungaria:

317 1873 481 1936 nusquam
491 1857 693 1920 fructuosius
704 1875 800 1936 posse
812 1857 970 1919 collocari
983 1872 1120 1934 cognos·
1173 1859 1208 1918 ut
1223 1857 1304 1919 tides
1333 1855 1503 1919 donationi
1527 1857 1649 1918 nostrae
1664 1855 1873 1925 adhiberetur,
1891 1853 1933 1913 do-

317 1957 440 2028 centes,
459 1956 624 2034 praedietae
649 1957 772 2017 sanctae
803 1955 915 2016 domui
943 1955 1118 2032 hospitalis
1173 1957 1241 2017 mui
1259 1955 1440 2033 Hospitalis
1466 1955 1601 2031 dignum
1626 1954 1781 2015 duximus
1798 1953 1934 2014 transuit·

317 2055 423 2116 sancti
436 2055 599 2117 iohannis
615 2054 655 2115 de
667 2053 863 2126 Jerusalem,
881 2057 913 2116 et
925 2053 1020 2116 tratri
1035 2057 1119 2114 Gua-
1174 2054 1306 2116 tendam
1322 2054 1383 2115 etc.
1399 2055 1451 2130 (ut
1463 2049 1596 2130 supra).

316 2151 392 2214 rino
406 2152 773 2223 deMonteacut0,tunc
786 2151 944 2229 temporis
959 2151 1117 2228 magistro
1212 2150 1305 2212 Nulli
1320 2165 1412 2227 erg0,
1429 2152 1491 2212 etc.
1515 2151 1635 2212 Datum
1654 2149 1818 2220 Laterani,
1835 2149 1872 2208 Vl
1884 2146 1931 2208 kal.

317 2250 413 2312 dictae
431 2252 554 2312 sanctae
578 2250 706 2322 domus,
730 2250 764 2312 et
788 2249 946 2312 iratribus
969 2249 1118 2326 ejusdem
1169 2249 1258 2327 julii,
1277 2247 1488 2326 pontificatus
1502 2247 1608 2310 nostri
1626 2264 1716 2308 auno
1733 2245 1874 2308 secundo.

317 2347 445 2419 domus
463 2348 681 2424 praesentibus
696 2349 728 2410 et
751 2347 881 2420 futuris,
895 2347 935 2408 ad
948 2364 1046 2410 omne
1061 2351 1118 2426 ius

316 2445 1116 2524 etproprietatem·,etadomnemjurisdictionem,
1476 2399 1665 2486 CCCXIII

317 2545 351 2606 et
386 2543 546 2604 honorem
574 2547 608 2605 et
644 2543 887 2621 possessionem
924 2546 1117 2621 perpetuam
1172 2538 1224 2596 Ad
1241 2535 1448 2611 nwotstrum
1462 2535 1496 2594 et
1510 2533 1643 2608 fratres
1660 2535 1782 2594 demus
1794 2530 1935 2605 hospitatis

316 2641 484 2718 praedictae
500 2642 626 2712 domus
639 2641 798 2704 tributum
814 2644 913 2703 Porte
924 2641 963 2702 de
973 2643 1115 2719 Supran,
1411 2632 1733 2706 Hierosolvmttcnt.

318 2738 404 2814 quod
425 2739 615 2800 nominatur
643 2739 786 2811 Bobecb,
804 2739 978 2817 quamdam
992 2741 1117 2802 terram
1477 2744 1583 2818 tljuu.
1603 2743 1683 2802 l2l8.

315 2839 505 2896 nostrorum
543 2836 775 2905 subulcorum,
811 2837 906 2909 idest,
948 2839 1118 2914 pastorum
1299 2849 1693 2917 [rneinss,non.nungaris,1,
1709 2849 1747 2909 17,
1760 2847 1840 2909 nrt]

315 2935 1117 3012 1010011111]ΠΟΒῑΓΟΡΠΠΜΙΗΒθῦῐὶὓῒθῐῦΐᾶγθῐΰ
1172 2951 1308 3010 Annuum
1322 2957 1436 3008 centurn
1457 2961 1619 3005 marcarum
1634 2947 1748 3021 argenti
1762 2945 1894 3012 redditum,
1909 2941 1933 2998 ab

316 3032 350 3092 et
375 3031 538 3107 Chergou,
568 3030 723 3094 uidelicet
749 3033 1025 3095 conterminatam
1040 3049 1119 3112 pos·
1207 3039 1320 3098 Andrea
1345 3053 1418 3112 rege
1445 3037 1600 3110 ilungariae
1625 3036 1669 3094 eis
1694 3049 1863 3105 concessum,
1884 3046 1933 3089 rur·

316 3129 458 3191 sessioni
474 3130 591 3190 domus
600 3129 797 3207 saepedictae,
813 3147 886 3208 quae
897 3129 1115 3208 estChergou,
1208 3129 1311 3186 firmet.

316 3243 391 3288 curn
407 3227 476 3288 suis
490 3227 585 3288 metis
606 3228 639 3288 et
651 3227 802 3290 terminis
819 3230 852 3289 et
866 3229 1069 3301 nemoribus,
1086 3232 1118 3291 et
1213 3225 1382 3289 Honorius
1397 3222 1935 3304 episcopus,ete.,dilectisliliisma-

316 3341 392 3384 cum
419 3324 571 3384 omnibus
593 3325 663 3385 suis
688 3323 898 3401 pertinentiis
918 3325 1117 3388 contulimus
1174 3327 1278 3402 gistro
1292 3324 1496 3386 etitatribus
1514 3324 1631 3386 domus
1652 3321 1824 3400 hospitalis
1843 3319 1935 3381 Hiero·

315 3422 552 3498 inperpetuum
561 3419 1117 3498 possidenda.concessimusetiam
1174 3424 1392 3502 solymitanae,
1409 3422 1561 3494 salutem,
1577 3423 1639 3482 ete.

316 3517 517 3580 liberalitate
531 3519 636 3595 regia,
653 3522 816 3597 quatenus
831 3520 919 3582 sales
933 3537 1021 3594 suos,
1041 3521 1116 3584 ubi·
1212 3525 1230 3584 J
1234 3522 1316 3584 ustis
1331 3521 1524 3598 petentium,
1541 3521 1603 3582 etc.
1617 3521 1808 3597 eapropter,
1822 3519 1884 3584 ete,
1894 3526 1935 3572 ili·

315 3633 456 3695 cumque
494 3617 643 3678 locorum
679 3618 774 3694 regni
802 3620 908 3680 nostri
938 3619 1116 3693 voluerint,
1173 3634 1560 3696 circassensu,annuum
1575 3619 1707 3679 eentum
1717 3626 1935 3678 marcarumar-

314 3715 414 3777 etiarn
449 3732 553 3793 usque
582 3719 745 3788 Dravam,
776 3717 924 3794 exceptis
951 3717 1116 3790 confiniis,
1173 3718 1265 3794 genti
1288 3717 1453 3781 redditum
1484 3715 1579 3777 vobis
1607 3715 1648 3776 ad
1681 3730 1765 3794 opus
1794 3705 1933 3774 castellani

314 3812 418 3874 libere
433 3815 466 3874 et
480 3813 642 3887 absolute,
652 3815 686 3876 et
697 3813 771 3876 sine
786 3815 876 3877 omni
892 3815 1015 3878 tributo
1030 3831 1117 3878 ven·
1173 3817 1206 3877 et
1229 3815 1372 3877 aliorum
1399 3813 1539 3876 fratrum
1563 3813 1751 3874 vestrorum
1778 3807 1933 3872 custodien-

314 3910 434 3973 ditioni
460 3912 589 3988 possint
614 3927 781 3989 exponere
803 3913 835 3974 et
851 3913 1000 3975 alienare
1021 3915 1117 3991 juxta
1173 3915 1256 3975 tium
1273 3915 1418 3974 castrum
1435 3914 1593 3983 vestrum,
1613 3909 1701 3989 quod
1724 3909 1810 3971 crati
1830 3904 1931 3968 dicitur,

314 4023 429 4069 eorum
458 4009 625 4086 propriam
654 4010 869 4073 uoluntatem.
900 4011 1118 4089 praecipimus
1173 4011 1380 4072 acarissirno
1396 4011 1432 4070 in
1455 4007 1585 4072 Christo
1610 4007 1679 4069 lilio
1705 4010 1814 4071 nostro
1833 4001 1934 4066 andrea

314 4107 453 4183 insuper
467 4107 559 4182 regia
575 4108 784 4179 auctoritate,
800 4125 841 4170 ne
855 4109 1008 4186 cuiquam
1021 4111 1116 4188 judi·
1173 4109 1296 4171 illustri
1310 4121 1390 4184 rege
1409 4104 1591 4184 ilungariae
1613 4105 1653 4168 de
1672 4101 1874 4182 proventibus
1890 4113 1934 4158 sa·

315 4217 391 4263 cum
420 4203 519 4264 liceat
540 4204 692 4264 homines
717 4205 832 4266 domus
847 4207 1014 4284 praedictae
1025 4207 1119 4286 judi·
1172 4207 1254 4268 lium
1276 4221 1412 4268 suorum
1434 4205 1469 4266 ln
1493 4203 1670 4266 Scolascbe
1690 4203 1747 4282 pia
1761 4195 1935 4263 'liberalitate

314 4315 403 4372 care,
421 4315 482 4362 nec
498 4301 531 4362 in
545 4301 657 4380 aliquo
668 4301 847 4377 offendere,
860 4305 913 4366 rel
927 4307 1115 4379 molestare,
1172 4319 1378 4374 concessum,
1395 4303 1481 4365 sicut
1495 4301 1588 4364 illum
1601 4304 1691 4380 juste
1707 4317 1746 4364 ac
1761 4299 1881 4378 pacifice
1896 4291 1935 4353 ob·

315 4399 380 4460 nisi
397 4399 460 4461 soli
471 4399 588 4478 judici,
602 4415 698 4478 quern
713 4402 807 4477 regia
821 4401 1118 4466 stabiliveritbeni·
1170 4405 1296 4475 tinctis,
1309 4405 1343 4464 et
1367 4403 1403 4464 in
1426 4401 1575 4480 ejusdem
1589 4401 1680 4477 regis
1698 4400 1815 4462 litteris
1832 4391 1934 4474 plenius

314 4498 423 4573 gnitas
447 4515 454 4559 :
479 4493 564 4576 quod
580 4497 608 4559 si
624 4497 709 4560 sorte
724 4497 875 4562 homines
891 4501 987 4563 dictae
999 4501 1116 4563 domus
1171 4501 1369 4573 continetur,
1395 4499 1490 4561 vobis
1503 4501 1538 4561 et
1558 4513 1618 4576 per
1635 4511 1696 4560 vos
1714 4495 1824 4559 domui
1841 4491 1935 4552 sesne

314 4595 483 4658 abeodem
499 4596 612 4673 judice
629 4597 660 4657 in
685 4597 796 4675 aliquo
819 4601 1048 4674 gravarentur,
1074 4599 1115 4661 ad
1170 4600 1369 4663 auctoritate
1379 4598 1568 4675 Apostolica
1581 4595 1825 4663 confirmamus,
1838 4591 1936 4666 etpre

313 4695 522 4773 majestatem
537 4696 639 4771 regiae
654 4695 862 4758 celsitudinis
889 4697 1033 4759 habeant
1055 4714 1115 4760 re·
1171 4699 1276 4760 sentis
1301 4697 1417 4773 scripti
1436 4693 1623 4773 patrocinio
1643 4692 1882 4756 communimus.
1899 4678 1933 4744 ld

314 4807 447 4853 cursum
463 4793 517 4854 :et
529 4791 557 4853 si
569 4793 681 4871 aliqua
692 4795 856 4856 sententia
869 4796 936 4857 lata
945 4795 1046 4859 luerit
1057 4812 1117 4874 per
1171 4797 1331 4873 majorem
1348 4796 1458 4855 autem
1473 4793 1523 4854 rei
1536 4791 1739 4855 evidentiam
1752 4793 1883 4854 tenorem
1894 4780 1935 4841 lit·

314 4889 423 4966 ipsum
447 4892 565 4951 contra
588 4892 861 4954 consuetudinem
882 4894 1040 4969 regionis,
1057 4895 1117 4956 de-
1171 4897 1317 4956 terarum
1330 4893 1479 4970 ipsarum
1496 4891 1536 4952 de
1550 4889 1651 4953 verbo
1664 4887 1845 4951 adverbum
1854 4877 1934 4960 jussi·

314 4987 492 5058 cernimus,
501 4987 860 5052 utnullarnelficaciam
868 4991 1113 5068 possitbabere.
1171 5007 1245 5054 mus
1254 4989 1481 5069 praesentibus
1494 4988 1661 5051 annotari.
1677 4985 1740 5061 Qui
1752 4983 1824 5048 talis
1837 4982 1879 5042 est
1892 4999 1898 5034 :

313 5086 474 5147 Volumus
490 5087 590 5148 etiam
606 5085 639 5149 et
653 5088 851 5151 auctoritate
866 5089 973 5165 regali
988 5091 1115 5151 condr-
1212 5093 1250 5152 ln
1264 5089 1399 5151 nomine
1413 5089 1544 5149 Sancta
1551 5085 1725 5148 rudinus
1739 5085 1771 5146 et
1785 5074 1945 5173 indiuidua¹

313 5199 454 5257 mamus,
471 5187 506 5246 ut
521 5184 707 5262 saepeuretae
729 5185 847 5248 domus
869 5185 1045 5264 hospitalis
1060 5187 1118 5249 ho·
1172 5188 1319 5251 unitatis.
1353 5187 1503 5249 Andreas
1539 5185 1596 5246 Dei
1624 5183 1740 5261 gratiae
1768 5172 1932 5252 Hungadae·

313 5283 433 5354 mines,
459 5283 494 5343 in
518 5282 780 5362 quibuscumque
799 5284 948 5362 partibus
974 5289 1007 5347 et
1033 5302 1116 5348 eon·
1171 5269 1929 5358 naimatlae‚cnosuae,Ramae,sernae,oaliliae.

313 5380 403 5441 liniis
422 5380 603 5456 ilungariae
628 5385 882 5454 commorantes,
907 5398 969 5445 nec
992 5383 1116 5446 liberos
1171 5385 1440 5462 Lodomircaeque
1453 5397 1515 5444 rex
1528 5383 1564 5442 in
1583 5367 1931 5459 perpetuumnuanitr

314 5479 470 5540 denarios
493 5479 545 5539 vel
568 5479 725 5556 pondera,
745 5496 807 5542 nee
833 5479 1039 5555 descensum,
1055 5499 1116 5546 nec
1170 5501 1238 5547 non
1252 5479 1418 5546 exorbitat
1437 5479 1616 5558 requitatis,
1632 5493 1695 5540 uec
1709 5461 1930 5539 obviatratiui,

313 5575 414 5638 aliam
430 5575 636 5652 publicorum
659 5579 872 5654 vectigalium
892 5581 1113 5656 exactionem,
1171 5587 1208 5646 ut
1226 5583 1296 5645 illis
1319 5582 1375 5660 qui
1399 5578 1564 5656 largitatis
1587 5591 1656 5638 suae
1677 5589 1791 5637 manus
1810 5565 1932 5645 copiosas

314 5689 387 5751 quse
414 5674 526 5750 aliquo
554 5689 634 5736 casu
664 5676 719 5737 vel
748 5677 924 5739 occasione
950 5677 985 5739 in
1011 5694 1137 5754 regno.
1171 5681 1301 5743 studeat
1320 5675 1512 5748 extendere,
1539 5675 1596 5753 qui
1614 5677 1650 5736 in
1675 5673 1786 5735 labore
1806 5670 1930 5728 manuum

1999 6207 2004 6296 Ι
