3994 6326
320 423 380 484 sss
939 421 1113 484 raosoau
1135 420 1180 482 111
1201 419 1349 483 osana.
1875 431 1913 490 coo
1966 387 1967 392 Ν

322 579 523 642 remiserunt
535 595 649 642 omnes
659 580 859 658 questiones
872 581 1031 658 praeteriti
1040 583 1119 643 tem·
1173 579 1229 657 qui
1249 577 1410 642 successit
1437 574 1544 642 eidem
1568 577 1604 641 in
1626 584 1914 658 recompensationem

321 679 423 755 poris,
448 693 529 755 quas
558 679 720 740 adversus
748 662 986 742 monasterium
1010 677 1118 742 Florls
1173 677 1272 755 huius
1290 677 1413 750 damni,
1436 678 1469 740 et
1488 678 1525 739 ut
1539 678 1773 741 monasterinm
1787 679 1827 764 ibi
1839 687 1914 758 posset

305 775 533 852 aliquatenus
556 793 690 838 movere
706 779 851 855 possent,
875 778 909 839 et
922 775 1119 839 dimiserunt
1173 775 1342 838 commode
1363 776 1525 852 reparari,
1542 775 1914 841 100010110000100.001-

322 872 472 935 ebsolute
488 874 646 954 quidquid
662 876 840 937 tenuerant
852 875 940 936 inira
954 875 1120 938 tenimen-
1173 873 1286 935 tulerit
1318 873 1585 936 consideratione
1615 873 1740 942 diuina,
1771 877 1914 940 sitandan
1939 916 1943 930 ·

320 972 402 1044 tum,
424 972 510 1049 quod
526 973 763 1034 monasterium
786 973 894 1036 itioris
915 973 1060 1050 possidet
1077 989 1121 1034 ex
1173 972 1265 1047 prius
1278 971 1455 1048 quamboc
1470 972 1574 1044 fieret,
1592 974 1710 1034 Foren.
1727 977 1915 1037 monasterium

322 1067 408 1129 dono
422 1069 599 1146 imperiali,
614 1069 742 1132 utnibil
754 1071 788 1132 in
800 1086 839 1132 00
850 1071 1017 1132 decaetero
1027 1086 1120 1148 quae-
1174 1071 1400 1146 contemptum
1436 1071 1600 1142 extiterit,
1636 1071 1669 1133 01
1698 1070 1738 1131 de
1766 1073 1915 1148 Apostolica

321 1167 399 1228 rant
425 1165 466 1228 ad
495 1168 725 1241 laborandum,
744 1169 797 1230 vel
815 1168 1027 1245 pascendum,
1053 1168 1120 1230 nisi
1175 1167 1270 1228 Sedis
1290 1167 1486 1228 auctoritate
1503 1169 1665 1230 mutatum
1682 1167 1719 1228 in
1735 1168 1801 1231 loco
1819 1170 1871 1245 ipsi
1882 1188 1916 1232 ec·

321 1264 492 1326 voluntate
516 1265 662 1338 abbatie,
691 1268 724 1328 01
746 1266 887 1328 fratrum
910 1266 1028 1328 Flosis.
1054 1269 1119 1328 Pro
1174 1251 1916 1342 ’010010010011010001000000000000·

322 1375 388 1438 qua
423 1363 600 1425 concordia
631 1363 870 1426 inviolabiliter
890 1365 1049 1442 perpetuo
1078 1363 1119 1424 ad
1174 1363 1251 1426 delo
1267 1363 1357 1426 aliud
1379 1363 1501 1425 ibidem
1521 1380 1587 1426 non
1607 1365 1714 1440 potuit
1733 1365 1917 1443 monasterium

322 1457 466 1519 invicem
481 1459 687 1522 observanda
708 1461 869 1538 obligavit
884 1477 919 1523 se
931 1477 1009 1539 pars
1025 1461 1120 1523 utra-
1174 1459 1333 1522 ordinari.
1346 1457 1559 1521 Postmodum
1571 1475 1650 1521 vero
1664 1458 1821 1531 Nicolaus,
1831 1461 1873 1536 qui
1880 1479 1918 1520 nn·

323 1571 387 1631 que
403 1554 464 1616 sub
479 1572 576 1632 poena
591 1558 722 1619 centum
738 1559 912 1620 unciarum
934 1560 1020 1631 auri,
1046 1575 1119 1620 me·
1175 1573 1234 1636 per
1258 1557 1425 1634 praedictis
1450 1555 1610 1619 successit
1632 1557 1802 1634 episcopis,
1821 1558 1917 1618 retentis

323 1650 478 1714 dietatem
493 1654 651 1716 solvendo
666 1657 768 1730 regiae
781 1657 895 1728 curiae,
912 1655 945 1718 et
961 1655 1122 1717 medieta-
1175 1655 1238 1717 sibi
1254 1655 1445 1717 memoratis
1458 1654 1619 1727 ecclesiis,
1631 1656 1666 1715 et
1678 1653 1807 1731 praelata
1819 1655 1918 1715 ecclesia

325 1749 392 1810 tem
407 1749 555 1813 adversae
578 1753 675 1828 parti,
698 1754 876 1815 concordia
902 1752 1120 1814 nibilominus
1175 1754 1296 1815 Montis
1309 1752 1425 1824 Marci,
1438 1768 1512 1814 cum
1523 1752 1593 1812 suis
1606 1751 1818 1829 pertinentiis,
1830 1767 1919 1811 monas·

325 1846 433 1916 firma,
450 1849 483 1910 et
497 1848 608 1911 stabili
623 1850 848 1927 permanente.
872 1849 920 1912 lid
942 1849 1042 1928 hujus
1059 1866 1122 1911 au·
1175 1851 1259 1912 tario
1275 1849 1383 1912 Floris
1399 1849 1459 1910 sub
1478 1864 1589 1910 annno
1605 1865 1710 1910 censu
1723 1849 1833 1925 absque
1845 1849 1918 1925 aliqua

324 1945 390 2006 tem
417 1946 603 2008 concordiae
630 1949 728 2024 atque
760 1947 973 2024 obligationis
1009 1963 1121 2009 coram
1176 1947 1365 2010 conditione
1401 1947 1561 2020 demissa,
1596 1945 1759 2024 quoddam
1795 1948 1918 2007 monaste-

325 2042 420 2103 nobis
446 2042 541 2105 sactae
564 2045 768 2118 memoriam,
791 2047 823 2108 et
841 2043 1035 2106 inviolabile
1057 2043 1121 2104 111-
1176 2047 1263 2107 rium
1279 2045 1365 2123 quod
1386 2045 1509 2106 dicitur
1524 2043 1654 2117 Cabria,
1675 2045 1753 2106 olim
1768 2047 1918 2109 (11000110,

326 2141 529 2201 mamentum
544 2157 691 2218 praesens
713 2142 871 2220 scriptum
887 2142 1020 2218 scripsit
1036 2141 1123 2203 Wil-
1177 2159 1265 2204 nunc
1284 2141 1468 2204 desolatum
1482 2141 1577 2204 vobis
1591 2142 1679 2220 quod
1702 2141 1842 2203 laceretis
1858 2139 1883 2200 in
1896 2153 1919 2199 oo

326 2235 446 2297 lelmus
461 2239 662 2301 cusentinus
671 2240 834 2312 notarius
850 2240 974 2312 nostra,
989 2240 1021 2301 et
1036 2239 1124 2300 alio·
1177 2239 1413 2303 monasterium
1427 2239 1553 2301 ordinis
1563 2239 1667 2301 vestri
1683 2237 1919 2309 concessistis

326 2349 402 2394 rum
418 2334 651 2410 praedictorum
667 2337 887 2414 suscriptione
903 2337 1076 2398 munitum.
1177 2338 1286 2399 saltim
1301 2336 1583 2414 predecessorum
1598 2353 1736 2398 suorum
1750 2337 1830 2413 pium
1841 2347 1919 2412 pmpe

366 2434 472 2504 Anno,
488 2449 613 2507 mense,
627 2436 660 2496 et
675 2434 790 2497 indict.
803 2435 1017 2512 prescriptis,
1034 2449 1121 2511 pon·
1177 2435 1276 2495 situm
1291 2421 1502 2510 adimpleret.¹

329 2529 473 2591 titicatus
487 2531 595 2592 nostri
609 2546 686 2592 ann.
701 2533 741 2592 ll.
1216 2535 1262 2593 Ea
1278 2533 1421 2609 propter,
1439 2531 1552 2594 dilecti
1563 2531 1599 2592 in
1612 2530 1753 2592 Domino
1767 2525 1922 2602 biliosis

367 2629 438 2702 Ego
446 2629 553 2688 Lucas
563 2629 621 2689 Dei
631 2629 738 2704 gratia
750 2626 1124 2710 cusentinmrcbiepisc.
1173 2629 1273 2708 justis
1288 2628 1566 2706 postulationibus
1578 2631 1774 2698 annuentes,
1788 2625 1923 2703 praedm

329 2725 464 2801 propria
478 2741 579 2786 manu
592 2726 763 2802 suscripsi.
1177 2727 1360 2788 nasterium
1375 2726 1503 2787 Gabriae
1518 2727 1550 2788 et
1571 2725 1724 2787 eamdem
1738 2724 1846 2786 Montis
1853 2717 1924 2781 ilerd

368 2823 436 2896 Ego
450 2822 594 2884 lacobus
607 2823 817 2884 Gusentimus
831 2823 991 2884 decanus.
1154 2841 1156 2848 ’
1178 2824 1355 2885 ecclesiam
1384 2839 1458 2896 cum
1480 2823 1691 2900 pertinentiis
1715 2823 1799 2890 suis,
1819 2818 1885 2879 sicut
1898 2829 1922 2874 ea

367 2919 435 2993 Ego
448 2919 592 2980 Michael
608 2920 848 2980 thesaurarius.
1174 2923 1274 2999 triste,
1303 2937 1342 2983 ao
1365 2921 1503 2998 pacifice
1529 2919 1718 2996 possidetis,
1748 2921 1782 2980 ut
1803 2917 1834 2978 in
1853 2912 1921 2990 ipsiu

365 3016 433 3090 Ego
449 3014 615 3076 Goffridus
632 3016 801 3077 cusentin.
816 3015 1013 3078 canonicus.
1178 3019 1324 3094 episcopi
1337 3018 1528 3079 authentico
1543 3016 1675 3094 planius
1696 3014 1872 3078 continetur,
1886 3023 1923 3067 10

368 3113 434 3188 Ego
456 3113 620 3189 Rogerius
635 3112 724 3173 lilius
744 3113 869 3175 Raonis
888 3114 1005 3189 regins
1023 3111 1125 3174 insti·
1178 3116 1228 3176 bis
1251 3117 1284 3177 et
1305 3131 1364 3192 per
1385 3131 1444 3177 vos
1460 3115 1567 3176 eidem
1581 3113 1783 3176 monasterio
1802 3103 1924 3170 vestale

326 3207 457 3269 ilarius.
1178 3201 1925 3288 11101100010111010-Αο001011000001100010,οῑ

366 3308 438 3381 Epo
446 3307 643 3369 Benedictus
652 3309 768 3385 judex,
782 3308 837 3384 qni
851 3323 952 3384 supra
963 3305 1111 3368 interlui.
1179 3310 1353 3388 praesentis
1380 3309 1495 3385 scripti
1518 3309 1705 3386 patrocinio
1720 3301 1924 3369 communimus.

366 3405 385 3464 J
388 3404 493 3464 udicis
509 3405 627 3466 aeterni
643 3404 845 3466 meditemur
858 3403 946 3466 tacta
961 3402 1122 3464 moderni.
1179 3407 1271 3468 Nulli
1295 3423 1374 3482 ergo
1401 3421 1539 3480 espace:
1560 3405 1685 3466 nostrae
1714 3393 1925 3465 confirmationis

365 3500 467 3561 Jacob
482 3501 601 3562 ludex.
1180 3489 1373 3580 intringere,
1399 3503 1452 3564 vel
1476 3503 1518 3575 ei,
1549 3503 1623 3574 etc,
1645 3516 1754 3575 usque
1767 3517 1778 3560 .·
1791 3492 1923 3560 concam

368 3597 459 3659 Nulli
473 3614 564 3674 ergo,
580 3599 655 3668 etc„
669 3615 798 3674 sesque:
809 3601 933 3662 nostrae
946 3598 1125 3662 confirma·
1182 3603 1218 3663 Si
1232 3603 1305 3679 quis
1316 3602 1427 3662 autem
1441 3615 1548 3674 usquc
1563 3616 1574 3660 :
1588 3600 1810 3660 incursurum.

327 3693 428 3755 tionis
441 3696 635 3773 infringere,
646 3697 700 3758 rel
716 3697 757 3771 ei,
771 3698 986 3770 0100000000
996 3698 1126 3760 contra·
1219 3699 1339 3760 Datum·
1361 3697 1534 3770 Laterani,
1549 3697 1580 3758 X
1601 3695 1782 3758 Kalendas.
1796 3681 1922 3754 februarii.

328 3791 437 3866 ire3si
447 3794 522 3870 quis
534 3786 886 3869 autem‚'sto.‚osqoc':
898 3795 1122 3856 incursurum.
1181 3794 1440 3860 annosecundo.
1509 3819 1511 3822 ·
1836 3793 1838 3798 ’

366 3893 439 3953 bat.
456 3892 613 3956 Laterani
626 3896 657 3955 ΙΙ
672 3893 740 3954 kal.
757 3892 854 3955 Febr.
872 3907 950 3954 ann.
967 3895 1008 3954 11.
1517 3953 1645 4042 CXIII

672 4080 779 4166 CXII
1032 4077 1035 4082 ⁵
1245 4108 1658 4172 Adlbeodoromttucem
1672 4107 1882 4168 commestore.

364 4223 417 4282 Ad
436 4221 592 4284 abbatem
609 4221 643 4282 et
659 4221 866 4282 coracesium
878 4221 1087 4284 monasterti
1476 4227 1583 4300 aljan.
1601 4227 1682 4284 lile.

523 4321 559 4381 S·
574 4321 741 4382 mamm
755 4321 797 4380 de
809 4323 922 4381 Flore·
1219 4342 1366 4410 [lt-aynaldi,
1378 4341 1450 4394 dnn.
1462 4342 1602 4393 ecclesiast.
1615 4341 1647 4392 ad
1664 4354 1727 4392 ann.
1738 4338 1804 4394 1118,
1813 4328 1908 4400 tilii-l

624 4441 662 4499 ²⁰
676 4440 737 4513 1³¹¹·
753 4440 832 4498 ¹²¹⁸·
1180 4463 1253 4518 Eum
1268 4459 1433 4517 cohortatur
1452 4457 1487 4516 ad
1507 4455 1749 4531 perseverandum
1768 4455 1793 4511 in
1812 4441 1929 4508 obediontia

474 4555 593 4621 [ughelli
608 4555 775 4614 lulioramo,
790 4555 865 4614 till,
880 4553 986 4619 proo]
1216 4563 1286 4622 erga
1311 4547 1418 4606 Sodem
1438 4548 1601 4634 Romanam
1621 4551 1649 4606 et
1670 4539 1815 4602 monetis
1835 4531 1929 4608 operibns
1966 4629 1967 4632 Ἴ

326 4666 375 4724 Eis
393 4665 597 4722 monasterium
612 4662 688 4737 quod
703 4662 804 4723 Gabris
823 4661 935 4730 dicitur,
958 4660 1030 4718 olim
1048 4660 1124 4718 tire·
1217 4635 1419 4694 mitisifflifflffi
1433 4636 1464 4692 ᾖ]
1478 4635 1607 4707 calfit?⁰8
1621 4640 1650 4691 0¹
1665 4645 1809 4706 1181119161·

290 4835 292 4838 ¹
362 4769 471 4824 corum,
486 4769 563 4811 nuno
576 4752 746 4823 desolatum,
762 4757 791 4809 et
803 4750 909 4808 montis
923 4749 1012 4809 Marci
1031 4749 1125 4806 ecole-
1221 4762 1357 4824 (spatum
1372 4761 1530 4838 gerimus,
1550 4761 1583 4822 ep
1595 4759 1774 4836 acceptum,
1788 4749 1859 4832 quod
1873 4739 1929 4806 sicot

363 4843 436 4902 fliam
451 4841 612 4901 mmmm·
1182 4876 1225 4920 ex
1240 4859 1402 4920 relatione
1414 4856 1621 4920 venerabilis·
1629 4855 1741 4916 fratris
1758 4847 1929 4913 nostriioar

370 4963 476 5032 Quum
490 4976 510 5021 a
532 4959 628 5021 nobis
643 4959 766 5036 petitur
780 4954 912 5032 usque?
927 4955 1129 5036 perducatur
1183 4957 1235 5017 nis
1255 4955 1402 5033 episcopi
1417 4955 1629 5016 crotonensis
1649 4950 1837 5028 accepimus,
1854 4943 1928 5016 ipsun

330 5057 495 5120 effectum.
525 5058 631 5127 Quum
662 5056 775 5132 igitur,
810 5055 897 5117 sicut
926 5053 1126 5130 accepimus,
1183 5052 1215 5116 et
1228 5051 1365 5115 fratrem
1378 5053 1502 5114 11111οι11
1517 5051 1689 5113 eremitam
1699 5047 1830 5110 nuncios
1839 5036 1929 5100 nostros
1968 5049 1969 5058 ¹

329 5155 494 5234 quondam
518 5153 670 5217 Joachim
700 5153 797 5214 bonae
830 5151 1003 5214 0100101100
1026 5149 1128 5212 abbas
1183 5151 1338 5213 hilariter
1361 5149 1528 5227 recepisti,
1560 5149 1594 5210 01
1618 5143 1796 5209 honorilice
1818 5135 1928 5216 pertrac-

328 5254 438 5317 Floris
461 5249 701 5314 monasterium
729 5249 796 5310 Siri
825 5249 992 5312 subditum
1026 5263 1127 5310 cons·
1183 5247 1509 5321 tasti,acdilectu1n
1532 5245 1637 5307 tilium
1657 5237 1929 5305 00011101110001111Ι

328 5349 534 5415 trusissetin
550 5347 692 5410 ecclesia
703 5347 827 5408 Montis
842 5346 959 5419 Marci,
977 5361 1076 5423 quam
1087 5344 1128 5406 ad
1184 5347 1272 5409 tituli
1291 5349 1322 5408 S.
1347 5345 1508 5406 Praxedis
1533 5343 1758 5420 presbyterum
1776 5323 1930 5397 cardinalem

329 5451 363 5511 id
381 5451 412 5511 ei
425 5446 612 5510 contulerat
625 5443 791 5523 quondam
806 5447 844 5506 G.
859 5445 939 5506 tunc
954 5444 1130 5522 episcopus
1185 5449 1222 5506 A.
1241 5446 1273 5506 S.
1291 5445 1327 5505 L.
1343 5441 1500 5515 honoras,
1523 5441 1556 5502 ct
1570 5455 1650 5515 erga
1670 5437 1762 5499 illum
1775 5433 1805 5493 te
1822 5430 1931 5488 mansit

331 5547 546 5618 Geruntinus,
572 5545 606 5606 et
629 5542 778 5604 eamdem
798 5541 963 5621 quondam
985 5540 1130 5602 [111111οΙ-
1184 5543 1254 5603 tum
1276 5539 1424 5612 exhibes,
1443 5538 1475 5600 et
1488 5537 1680 5614 benignum,
1695 5535 1837 5607 tuamque
1850 5527 1930 5618 iffi?
1968 5507 1969 5554 ¹

331 5661 405 5707 mus
416 5658 590 5705 successor
602 5644 675 5720 ejus
689 5641 725 5702 in
738 5640 913 5718 religionis
928 5639 1040 5702 odium
1054 5637 1133 5698 des·
1186 5653 1263 5699 nam
1298 5635 1339 5698 ad
1377 5634 1599 5697 sacrosanctae
1637 5634 1786 5696 Romanae
1815 5615 1929 5724 Ecclesia
1968 5647 1969 5704 ,

333 5742 505 5814 inuasisset,
535 5755 575 5802 ac
610 5739 706 5802 bonae
730 5739 899 5818 memorie
929 5735 1130 5808 Bernardus,
1186 5733 1395 5798 devotionem
1422 5745 1609 5810 exponens,
1644 5743 1683 5791 ac
1708 5726 1806 5803 ipsam
1827 5716 1929 5795 primati
1968 5723 1969 5800 l
