3986 6304
270 375 327 436 171

272 535 382 613 aptior
403 540 548 630 creditur
568 542 702 618 dignius
723 543 922 626 l‘ronoretur3
942 568 1002 614 nos
1023 553 1063 614 ad

271 636 441 712 exemplar
470 639 578 701 felicis
613 641 853 712 recordationis
883 651 1065 712 innocentii

272 733 370 808 Papae
383 735 637 810 praedecessoris
651 743 767 814 nostri,
781 746 898 806 vestris
913 749 1065 823 precibus

271 833 365 904 grato
390 841 624 898 concurrentes
649 855 799 914 assensu,
823 842 1065 907 institutionem

270 927 449 992 decanatus
476 934 623 1010 ejusdem
644 937 729 1000 sicut
753 942 912 1004 canonice
934 945 966 1004 et
986 961 1066 1020 pro-

270 1025 345 1087 vide
366 1027 455 1092 facta
479 1037 540 1104 est,
557 1034 708 1098 ecclesiae
729 1040 849 1100 restrae
869 1041 1065 1104 auctoritate

270 1126 459 1200 apostolica
468 1130 713 1206 confirmamus,
726 1139 758 1197 et
768 1139 941 1212 praesentis
951 1141 1065 1216 scripti

268 1225 455 1298 patrocinio
474 1231 726 1292 communimus,
754 1235 846 1295 Nulli
873 1251 963 1311 ergo,
987 1238 1063 1311 etc,

270 1320 392 1382 nostrae
429 1325 702 1402 confirmationis,
738 1332 799 1392 ete.
832 1332 866 1392 Si
895 1335 969 1411 quis
998 1351 1063 1395 au-

270 1418 347 1490 tem,
371 1423 432 1482 ete.
455 1424 573 1485 Datum
595 1428 762 1497 Laterani,
791 1433 882 1491 XVII
904 1432 1064 1494 kalendas

270 1513 442 1593 februarii,
458 1523 669 1598 pontificatus
682 1527 787 1588 nostri
802 1543 890 1590 anno
904 1530 1022 1606 prime.

575 1737 766 1826 CXXXIX

351 1929 404 1989 Ad
417 1931 676 1994 Londouensem
689 1936 722 1996 ei
738 1937 987 2000 cicestrensem

576 2035 759 2108 episcopos.

557 2146 591 2203 to
603 2146 665 2218 jan.
690 2148 771 2206 titt.

295 2265 415 2332 sugast,
433 2265 479 2318 lib.
496 2269 515 2326 l,
528 2269 601 2334 epist.
617 2270 669 2320 lut.
685 2271 742 2321 diss.
758 2273 794 2324 Le
808 2273 883 2324 Porta
898 2273 932 2324 du
947 2275 1041 2338 Theti]

271 2409 364 2480 Qurrm
376 2413 581 2470 conventiones
597 2414 669 2470 inter
689 2413 849 2472 Iohannem
872 2418 938 2473 olim
954 2417 1063 2491 anglo·

307 2514 368 2555 rum
390 2513 504 2574 regern,
518 2507 547 2558 et
566 2503 770 2576 berengariam
789 2507 856 2561 olim
872 2507 1012 2578 reginam,
1029 2507 1065 2564 de

306 2589 388 2643 istius
414 2588 480 2645 dote
499 2589 583 2646 initas
606 2598 634 2647 et
656 2591 692 2647 ab
706 2593 873 2650 Innocentio
895 2597 936 2652 lll
958 2596 1062 2652 confrr-

309 2684 417 2746 matas‚
441 2679 503 2749 ipse
531 2679 693 2750 apostoliea
720 2683 889 2738 auctoritate
910 2683 1062 2740 continna-

306 2765 403 2833 uisset‚
425 2763 541 2821 mandat
561 2765 605 2822 lris
627 2767 750 2839 praelatis
773 2777 803 2825 ut
819 2783 870 2826 eas
891 2769 998 2830 faciant
1011 2771 1061 2830 ob-

306 2865 432 2910 servare.

310 2989 489 3061 Honorius,
527 2991 601 3062 ete,
635 2993 880 3054 venerabilibus
906 2993 1064 3058 fratribus

272 3086 475 3148 Londonien.
490 3089 522 3149 et
535 3089 712 3151 Cicestren.
732 3092 906 3170 episcopis,
925 3094 1063 3156 salutem

271 3185 304 3245 et
316 3185 531 3260 apostolicam
545 3185 819 3250 benedictionem.

311 3284 391 3342 Cum
400 3283 523 3360 judicis
537 3283 693 3358 officium,
702 3287 775 3360 etc,
788 3289 826 3349 ut
840 3303 948 3362 supra
958 3307 1064 3364 usque

271 3381 501 3457 quaestionum.
518 3382 597 3442 Inde
612 3383 672 3455 est,
688 3385 772 3460 quod
788 3401 862 3446 eum
878 3387 976 3448 clarae
991 3405 1063 3449 me-

271 3478 386 3539 moriae
401 3481 546 3540 ioannes
560 3480 687 3554 Angliae
704 3496 765 3542 rex
780 3481 874 3544 bonae
896 3486 1064 3547 memoriae

271 3576 463 3638 Innocentio
479 3581 577 3654 Papae
599 3578 838 3654 praedecessori
859 3583 972 3644 nostro
994 3584 1063 3644 suis

271 3672 391 3736 litteris
407 3675 611 3752 supplicarit,
634 3677 669 3738 ut
684 3677 954 3754 compositionem
979 3681 1065 3742 inter

271 3771 379 3848 ipsum
389 3773 422 3833 et
436 3775 641 3835 carissimam
657 3775 693 3834 in
708 3775 838 3837 Christo
861 3775 964 3838 tiliam
986 3794 1066 3840 nos-

270 3872 356 3932 tram
371 3873 607 3948 Berengariam
623 3873 787 3950 quondam
807 3876 989 3951 anglorum
1004 3892 1062 3938 re-

271 3968 384 4043 ginam
401 3967 578 4042 illustrem,
594 3985 694 4046 super
710 3971 785 4032 dote
802 3972 910 4048 ipsius
926 3974 1061 4049 reginae,

271 4066 304 4126 et
325 4081 425 4142 super
446 4067 626 4142 arreragiis
643 4067 733 4128 mille
755 4083 941 4130 marearum
962 4071 1064 4131 annui

271 4163 419 4224 redditus
439 4163 502 4238 ipsi
523 4165 648 4239 reginae
670 4181 713 4225 en
734 4164 875 4242 quadam
895 4169 1063 4243 composi-

270 4259 371 4332 tione,
389 4275 486 4336 quam
499 4260 578 4320 olim
593 4261 715 4322 inierat
727 4278 800 4322 cum
814 4262 930 4324 eodem
945 4263 1064 4326 debitis

271 4356 492 4419 amicabiliter
517 4358 644 4430 initam,
668 4360 769 4420 robur
792 4360 915 4422 babere
941 4360 1065 4423 faceret

270 4456 438 4534 perpetuae
459 4456 635 4529 firmitatis
658 4457 818 4534 appositis
841 4475 923 4535 quas
937 4459 1066 4522 videret

271 4553 505 4616 securitatibus
516 4555 688 4632 expedire3
701 4571 740 4616 ac
753 4555 785 4615 id
797 4556 904 4632 ipsum
920 4559 1065 4633 exparte

271 4654 367 4716 dietae
382 4653 507 4730 reginae
522 4653 621 4715 fuerit
635 4654 836 4730 postulatum
850 4670 869 4714 a
884 4654 990 4728 nobis,
1003 4671 1064 4717 nos

271 4752 377 4828 ipsius
390 4753 513 4828 reginae
525 4751 677 4830 precibus
687 4753 881 4824 annuentes
895 4754 1064 4830 composi-

271 4850 395 4910 tionem
410 4850 516 4926 ipsam
532 4850 668 4926 proride
687 4850 808 4912 factam
822 4851 854 4912 et
866 4850 907 4911 ab
925 4852 1064 4928 utraque

272 4946 365 5019 parte
390 4947 504 5020 sponte
526 4949 692 5024 receptam
712 4949 910 5010 auctoritate
930 4950 1066 5025 Aposto-

272 5041 336 5102 lica
353 5044 631 5117 contlrmasimus,
649 5045 734 5106 sicut
748 5045 782 5105 in
807 5046 954 5123 ejusdem
976 5047 1065 5122 regis

272 5139 462 5202 authentico
475 5125 670 5202 continetur.
682 5144 731 5202 Ne
745 5143 847 5218 igitur
860 5142 1066 5230 compositio·

272 5255 348 5300 nem
363 5237 718 5314 eamdemdpostolieo
732 5240 913 5301 munimine
928 5241 1066 5302 robora-

270 5336 350 5405 tam,
376 5339 610 5413 cujuscumque
629 5336 797 5397 temeritas
821 5337 947 5399 uiolare
974 5353 1065 5414 prae-

273 5433 397 5507 sumat,
422 5433 623 5495 fraternitati
650 5435 770 5494 uestrae
794 5450 854 5511 per
884 5435 1065 5512 apostolica

272 5533 392 5609 scripta
420 5530 643 5608 praecipiendo
669 5531 874 5604 mandamus
903 5535 1065 5609 quatenus

271 5632 378 5709 ipsam
390 5629 521 5691 faciatis
532 5629 728 5690 auctoritate
743 5629 855 5690 nostra
871 5631 997 5692 suffulti
1013 5631 1066 5690 ilr-

272 5730 370 5792 miter
385 5727 566 5800 observari,
583 5727 735 5804 quotiens
755 5725 884 5789 fueritis
898 5728 1063 5805 requisiti,

884 391 1060 456 HONORII
1081 395 1126 457 tlt
1148 399 1295 462 OPERA.
1831 414 1876 476 lta

1120 561 1261 638 eosqui
1283 560 1397 623 eontra
1420 563 1535 625 uenire
1562 569 1814 645 praesumpserint
1831 589 1878 647 per

1120 671 1295 718 censuram
1308 661 1579 736 ecclesiasticam,
1595 664 1716 726 sublato
1731 669 1880 743 cujuslibet

1121 755 1391 818 contradictionis
1409 760 1442 819 et
1469 761 1698 836 appellationis
1724 763 1878 836 obstaculo

1121 856 1349 929 compescatis.
1364 856 1455 927 Quod
1473 858 1501 917 si
1521 874 1587 919 non
1609 859 1711 932 ambo,
1731 863 1798 931 ete,
1813 861 1882 922 alter

1119 950 1276 1023 uestrum,
1305 953 1367 1013 etc.
1396 955 1515 1014 Datum
1546 958 1709 1032 Laterani,
1734 959 1814 1018 ltvll
1832 958 1883 1018 la-

1120 1044 1235 1108 lendas
1253 1048 1431 1121 februarii,
1460 1052 1667 1127 pontificatus
1694 1055 1791 1116 nostri
1811 1071 1882 1116 anno

1120 1160 1237 1221 primo.

1470 1318 1565 1404 CXL

1119 1504 1170 1564 Ad
1185 1505 1383 1575 Gzcutoaem,
1395 1507 1507 1566 suncti
1521 1507 1667 1568 itarital
1675 1507 1781 1582 presb.
1795 1509 1875 1566 cord.

1375 1605 1415 1663 A.
1436 1605 1471 1664 S.
1491 1605 1652 1680 tepatzara.

1411 1726 1443 1781 lt
1460 1723 1521 1798 jan.
1544 1727 1623 1784 tait.

1120 1845 1240 1909 [Regest.,
1254 1846 1299 1896 lib.
1315 1847 1335 1906 l,
1350 1846 1421 1911 epist.
1437 1847 1489 1897 lat.
1505 1849 1632 1912 Bouquet,
1648 1846 1749 1900 Recueil
1768 1847 1807 1896 nes
1823 1845 1889 1894 bisto-

1368 1927 1444 1988 riens‚
1456 1933 1475 1976 t.
1487 1928 1554 1986 xlx,
1566 1942 1592 1992 p.
1603 1929 1661 1990 623]

1119 2069 1319 2142 Amplissimos
1350 2068 1481 2127 concedit
1501 2071 1527 2126 ei
1549 2069 1679 2128 Pontifex
1702 2069 1839 2126 facultates
1862 2064 1891 2122 ad

1154 2157 1289 2215 tuendum
1305 2159 1417 2231 Angliaa
1437 2173 1558 2232 regnum
1579 2159 1715 2216 adversus
1738 2156 1892 2215 Ludovleun

1155 2245 1275 2318 rhittppt
1292 2248 1368 2319 regis
1383 2249 1555 2304 Francorum
1567 2247 1668 2306 flliuzn.

1159 2411 1324 2470 Honorius
1347 2411 1531 2487 episcopus
1557 2411 1679 2472 dilecto
1705 2409 1771 2470 tilio
1797 2407 1893 2468 nostro

1120 2509 1156 2566 G.
1184 2507 1272 2568 tituli
1300 2508 1411 2569 Sancti
1427 2510 1561 2570 Martini
1584 2508 1773 2586 presbytero
1800 2503 1894 2565 cardi-

1120 2604 1199 2676 nali,
1215 2607 1252 2664 A.
1273 2607 1305 2665 S.
1323 2605 1443 2680 legato,
1458 2607 1608 2677 salutem,
1626 2609 1689 2668 etc.

1158 2703 1322 2762 Arrniatur
1336 2703 1370 2763 in
1391 2704 1484 2764 nobis
1505 2703 1640 2780 spiritus
1665 2702 1781 2764 noster
1795 2713 1895 2776 quam-

1119 2798 1297 2875 plurimum
1312 2802 1345 2861 et
1353 2801 1515 2873 turbatur,
1524 2818 1623 2878 quum
1639 2800 1821 2862 anxietates
1835 2797 1895 2857 tuas

1119 2898 1217 2973 atque
1246 2897 1484 2959 sollicitudines
1515 2900 1711 2974 cogitamus
1738 2911 1815 2974 quas
1841 2907 1896 2953 non
1963 2965 1964 2968 Ἴ

1119 2995 1317 3070 ambigimus
1333 3013 1405 3057 esse
1420 2999 1540 3068 tantae,
1562 2997 1629 3057 tam
1644 2997 1757 3058 varias
1773 2997 1804 3054 et
1823 2989 1897 3052 mul·
1963 3009 1964 3066 ρ

1118 3093 1258 3170 tipliees
1283 3095 1318 3156 ut
1337 3109 1393 3154 eas
1414 3109 1479 3154 non
1502 3094 1607 3154 solum
1628 3111 1689 3155 nos
1710 3101 1895 3169 nequeamus

1120 3192 1319 3265 cogitatione
1335 3207 1539 3268 percurrere,
1552 3207 1667 3252 uerum
1681 3192 1779 3253 etiam
1794 3190 1827 3250 tu
1839 3188 1897 3261 ipse

1120 3289 1176 3364 qui
1192 3290 1346 3360 sustines,
1362 3289 1420 3352 uix
1439 3306 1496 3350 eas
1511 3289 1611 3350 uerbo
1633 3291 1693 3351 aut
1714 3286 1832 3363 scripto
1846 3297 1897 3344 ra-

1120 3386 1189 3446 leas
1211 3387 1390 3463 explicare.
1411 3389 1448 3447 In
1464 3403 1502 3447 eo
1522 3389 1631 3448 autem
1652 3385 1898 3447 consolationem
1962 3451 1963 3454 Ἴ

1120 3485 1311 3560 accipimus,
1329 3485 1414 3562 quod
1431 3485 1609 3545 secundum
1625 3483 1835 3545 imminentes
1847 3493 1901 3537 un-
1962 3476 1963 3550 t

1120 3581 1217 3658 dique
1231 3582 1380 3643 turbines
1394 3583 1623 3658 tempestatum
1639 3584 1671 3643 te
1689 3583 1737 3643 sic
1758 3579 1843 3657 geris
1858 3575 1901 3633 ri-

1119 3679 1226 3740 riliter
1238 3682 1270 3741 et
1284 3680 1474 3756 prudenter,
1492 3681 1527 3741 ut
1540 3681 1604 3741 tuae
1630 3671 1902 3756 magnanimitatis

1120 3776 1293 3852 prudentia
1320 3776 1415 3836 nobis
1430 3777 1462 3836 et
1487 3776 1684 3852 apostolieae
1710 3775 1787 3836 Sedi
1809 3769 1902 3832 mate·

1122 3873 1203 3933 riam
1216 3873 1271 3935 det
1284 3874 1319 3933 in
1333 3874 1413 3950 ipsis
1427 3873 1630 3934 anxietatum
1642 3872 1809 3949 angustiis
1820 3865 1904 3930 exul-

1119 3972 1256 4031 tationis
1271 3973 1302 4032 et
1314 3971 1438 4047 gaudii,
1455 3972 1532 4032 ettu
1547 3971 1629 4047 ipse,
1644 3987 1791 4047 pensans
1804 3981 1902 4045 quan·
1961 3965 1962 3974 ’

1118 4069 1187 4128 tum
1216 4069 1250 4128 in
1280 4069 1375 4129 nocte
1399 4067 1622 4129 tribulationis
1638 4065 1831 4146 hujusmodi
1849 4063 1902 4123 de-

1120 4166 1245 4225 clarata
1261 4165 1303 4226 sit
1322 4167 1354 4227 et
1369 4165 1472 4227 niteat
1498 4166 1602 4227 uirtus
1621 4167 1690 4237 tua,
1703 4168 1740 4227 in
1756 4165 1821 4228 tuis
1837 4175 1905 4238 pos-

1120 4263 1165 4322 sis
1193 4263 1462 4324 tribulationibus
1493 4264 1526 4324 et
1557 4263 1728 4324 laboribus
1765 4254 1904 4339 gloriari,

1120 4377 1270 4438 quorum,
1288 4361 1315 4421 si
1338 4360 1530 4422 clementior
1554 4378 1647 4434 aura,
1674 4362 1763 4422 sicut
1785 4361 1820 4420 in
1845 4359 1905 4416 Do·
1960 4407 1961 4412 ,

1120 4460 1208 4520 mino
1229 4475 1409 4536 speramus
1434 4459 1606 4530 afflaverit,
1624 4463 1655 4520 te
1670 4459 1782 4520 adbuc
1803 4447 1906 4533 procul

1120 4557 1217 4617 dubio
1231 4559 1420 4618 r‘nerninisse
1431 4557 1572 4633 jurabit.
1793 4559 1797 4568 '

1160 4657 1256 4725 Sane,
1268 4654 1385 4714 litteris
1402 4669 1482 4729 quas
1498 4668 1557 4728 por
1569 4653 1691 4712 latores
1700 4647 1908 4728 praesentium

1119 4751 1174 4811 tua
1201 4749 1296 4811 nobis
1320 4750 1474 4810 discretio
1498 4749 1686 4822 destinavit,
1711 4747 1855 4825 receptis
1874 4743 1910 4802 li-

1119 4847 1235 4908 benter
1249 4849 1281 4908 et
1297 4847 1443 4923 plenarie
1454 4848 1641 4915 intellectis,
1658 4847 1725 4908 tarn
1743 4859 1846 4923 super
1859 4856 1911 4918 pe-

1120 4945 1290 5006 titionibus
1312 4962 1384 5021 quaa
1409 4945 1661 5006 continebantur
1681 4943 1714 5004 in
1731 4945 1796 5014 eis,
1821 4953 1909 5018 quam

1121 5057 1220 5118 snper
1243 5043 1310 5102 illis
1331 5059 1412 5119 quas
1428 5043 1522 5103 nobis
1536 5044 1648 5118 regius
1667 5043 1816 5102 nuncius
1833 5053 1912 5116 praa-

1121 5139 1273 5212 sentarit
1294 5140 1469 5201 tractatum
1489 5144 1522 5202 et
1543 5140 1821 5200 deliberationem
1844 5147 1910 5196 curn

1120 5235 1277 5298 fratribus
1302 5238 1423 5299 nostris
1447 5238 1623 5299 habuimus
1649 5237 1858 5312 diligentem,
1885 5230 1912 5290 ei

1121 5349 1177 5393 eas
1193 5351 1274 5411 quas
1288 5335 1506 5396 admittendas
1517 5337 1672 5407 vidimus
1687 5335 1846 5396 celeriter
1860 5346 1912 5390 cu-

1121 5432 1267 5492 rarimus
1296 5434 1462 5510 expedire,
1489 5435 1574 5495 sicut
1586 5433 1795 5495 transmissae
1812 5429 1871 5492 tibi
1886 5427 1913 5485 et

1120 5530 1196 5589 aliis
1220 5530 1338 5591 litterae
1358 5532 1390 5592 te
1413 5531 1543 5608 plenius
1568 5531 1762 5593 edocebunt.
1777 5531 1818 5591 nt
1842 5523 1914 5587 licet

1120 5627 1247 5704 abipso
1267 5628 1332 5689 tuae
1354 5628 1529 5704 legationis
1550 5629 1712 5706 principio
1727 5625 1913 5706 plenariam

1121 5725 1206 5788 sicut
1233 5726 1361 5801 legatus
1397 5726 1552 5787 habueris
1578 5727 1785 5804 potestatem,
1818 5734 1913 5801 quant
