3986 6304
273 347 333 412 115
866 383 869 388 ·
892 352 1136 416 6661666616
1158 353 1304 416 OPERA.
1845 357 1893 418 116

314 511 476 582 Quoniam
504 511 604 574 nimis
639 513 890 592 dispendiosum,
922 513 1070 577 6666161
1123 512 1311 576 obedientia
1335 510 1543 586 clericorum,
1564 510 1713 588 decimis,
1737 510 1896 578 oblationi·

272 622 375 682 grave
396 607 525 672 dilectis
549 611 628 674 tiliis
647 611 759 674 abbati
782 614 815 673 et
836 609 1015 674 conventui
1029 610 1069 672 de
1122 609 1196 684 bus,
1222 609 1369 686 synodis,
1383 609 1520 687 paratis,
1543 611 1662 680 tertiis,
1688 611 1895 688 quartonibus,

225 742 228 750 ,
273 705 428 767 Maceriis
444 708 673 770 Cisterciensis
697 709 825 772 ordinis
846 725 906 786 pro
928 708 1069 784 singulis
1123 707 1278 770 censibus
1294 707 1547 784 episcopalibus
1570 709 1680 782 166616,
1703 711 1795 788 66616
1809 727 1898 788 6666-
1969 723 1970 726 ’

272 803 415 879 querelis
440 807 664 882 apostolicam
693 807 810 868 Sedem
837 806 945 878 adire,
969 823 1069 882 quum
1123 821 1238 868 rumve
1262 805 1466 878 decursibus,
1490 805 1595 878 silvis,
1627 806 1741 884 pratis,
1769 809 1895 881 maticis,
1969 799 1970 810 ’

271 899 494 978 16666661666
509 904 621 966 multis
635 906 703 967 tam
717 904 847 966 clericis
862 920 960 982 66666
972 903 1068 966 161616
1122 903 1242 975 166616,
1265 903 1299 966 61
1313 903 1466 964 omnibus
1481 904 1557 965 aliis
1572 903 1683 977 rebus,
1700 920 1772 982 quae
1783 905 1817 966 16
1830 923 1899 982 pra·

270 998 428 1074 gravibus
454 1001 522 1064 sint
550 1002 680 1064 damnis
701 1003 734 1066 et
751 1003 886 1080 injuriis
907 1002 1066 1075 lacessiti,
1123 1001 1304 1064 sentiarum
1315 1001 1405 1078 juste
1418 1003 1450 1064 et
1464 1002 1624 1064 canonice
1634 1002 1792 1080 possides,
1808 1003 1860 1064 aut
1871 1004 1900 1064 ia
1969 1079 1970 1088 ἵ

271 1095 313 1158 66
326 1098 601 1175 supplicationem
616 1117 731 1162 eorum
745 1117 845 1179 super
857 1100 919 1162 boo
932 1101 1068 1176 dignum
1123 1099 1271 1161 16166666
1290 1100 1504 1162 concessione
1524 1100 1727 1177 pontificum,
1742 1100 1901 1176 largitione

272 1193 428 1256 duximus
439 1197 689 1273 providendum.
704 1199 866 1271 Quocirca
876 1198 1069 1260 discretioni
1122 1214 1250 1274 regum,
1267 1199 1342 1271 etc,
1365 1213 1471 1273 1166666
1492 1199 1719 1274 permaneant.
1746 1198 1901 1275 inquibus

271 1293 392 1354 6661666
413 1309 473 1372 666
493 1296 674 1371 6666161166
700 1297 824 1374 6661616
847 1294 1068 1374 praecipiendo
1123 1295 1195 1357 baec
1208 1295 1361 1372 proprius
1376 1295 1530 1356 duximus
1550 1296 1765 1373 exprimenda
1778 1295 1903 1357 666616-

272 1389 480 1466 mandamus,
493 1393 656 1469 66616666
667 1409 740 1455 cum
751 1411 771 1455 a
780 1393 939 1472 praedicto
952 1392 1069 1454 abbate
1123 1393 1183 1456 lis:
1198 1393 1372 1456 Civitatem
1385 1393 1608 1469 agathensem
1629 1409 1704 1456 cum
1724 1393 1901 1466 honoribus,

183 1495 186 1504 '
273 1486 306 1548 et
327 1491 491 1551 conventu
505 1490 635 1553 fueritis
658 1492 822 1570 requisiti,
839 1491 1069 1553 malefactores
1120 1490 1409 1568 jurisdictionibus
1433 1491 1466 1553 et
1484 1490 1628 1568 juribus.
1652 1507 1726 1568 quae
1755 1489 1852 1552 babes
1874 1491 1904 1550 16

274 1599 388 1648 eorum
408 1586 443 1649 in
462 1589 656 1664 Lugdunen.
672 1590 845 1668 provincia
861 1589 1067 1660 constitutos,
1124 1587 1195 1665 ipsa
1220 1589 1253 1650 et
1274 1588 1442 1650 territorio
1464 1591 1547 1666 6166,
1569 1589 1677 1651 666611
1700 1589 1904 1663 866661166-

273 1683 310 1744 61
324 1683 373 1744 616
391 1682 501 1746 ablata
515 1687 704 1758 restituant,
724 1687 757 1749 et
773 1687 812 1748 de
825 1686 956 1747 damnis
969 1687 1002 1748 et
1015 1685 1071 1746 in·
1123 1686 1214 1747 then.
1242 1687 1348 1748 sancti
1378 1685 1542 1749 iohannis
1573 1686 1614 1748 de
1649 1687 1851 1748 Marcellian.
1877 1689 1904 1746 et

269 1780 371 1857 juriis
405 1782 561 1859 irrogatis
595 1784 803 1846 satisfaciant
830 1784 1067 1862 competenter,
1125 1783 1398 1846 SanctaeEulaliae
1409 1784 1449 1846 de
1457 1784 1563 1846 Pidan
1576 1785 1735 1847 ecclesias
1748 1800 1819 1846 cum
1832 1783 1904 1844 deci-

273 1878 325 1939 vel
347 1879 383 1939 in
406 1880 535 1958 aliquos
555 1883 832 1959 compromittant,
847 1883 903 1960 661
920 1881 1072 1959 6666116-
1124 1882 1198 1953 mis,
1210 1882 1376 1959 primitiis,
1389 1883 1665 1959 possessionibus,
1681 1884 1714 1945 61
1728 1883 1805 1943 61116
1819 1881 1906 1958 perti·

146 1993 149 2000 ·
272 1975 365 2038 tione
386 1980 513 2040 remota
532 1980 664 2056 J'ustitia
690 1980 856 2042 mediante
877 1979 1067 2057 procedant,
1124 1979 1903 2057 66611166616,6666666166666166666116666,

272 2090 333 2150 666
358 2091 533 2138 censuram
559 2078 834 2151 ecclesiasticam,
856 2077 985 2139 sublato
1005 2093 1068 2155 ap·
1125 2081 1158 2141 et
1169 2078 1209 2140 de
1224 2079 1444 2152 Montaniaco,
1459 2078 1500 2140 de
1512 2078 1627 2152 Almia,
1644 2078 1685 2140 de
1696 2077 1904 2148 Columbaria,

170 2199 172 2208 ·
273 2170 463 2248 pellationis
492 2173 641 2251 diffugio,
672 2175 889 2252 compellatis.
920 2174 1012 2245 Quod
1040 2172 1070 2234 si
1125 2173 1164 2235 de
1191 2174 1390 2248 Pomairolo,
1414 2174 1454 2236 66
1481 2173 1657 2247 Pabiran0,
1684 2175 1772 2237 etde
1787 2172 1906 2236 Torolla

273 2284 341 2330 non
366 2286 492 2344 omnes,
520 2274 596 2344 etc,
624 2274 660 2335 16
686 2271 789 2334 166166
814 2272 980 2350 66166666,
1006 2273 1068 2334 616.
1125 2272 1288 2348 66616666;
1308 2288 1369 2333 666
1385 2288 1451 2333 non
1465 2271 1611 2334 decimas
1631 2270 1713 2333 salis
1728 2272 1761 2334 et
1779 2271 1907 2349 piscium

273 2365 391 2427 Datum
417 2369 530 2430 Romae
552 2368 640 2446 apud
667 2369 824 2430 Sanctum
846 2369 991 2442 Petrum,
1010 2371 1071 2430 Vll
1124 2371 1225 2433 161166
1246 2371 1311 2432 tuae
1337 2370 1501 2432 dioecesis.
1529 2369 1680 2431 Castrum
1713 2370 1755 2432 de
1775 2368 1907 2431 Marcel-

273 2462 348 2524 idus
382 2463 575 2540 decembris
598 2466 810 2544 pontificatus
843 2467 949 2529 nostri
981 2482 1069 2530 anno
1125 2469 1226 2542 liano,
1240 2470 1273 2531 et
1286 2469 1430 2532 castrum
1443 2468 1483 2529 de
1498 2468 1634 2545 Lopian,
1658 2467 1908 2545 atillaquaelra·

273 2561 391 2638 brimo·
1124 2565 1182 2628 bes
1204 2567 1238 2627 in
1253 2583 1368 2628 eorum
1386 2565 1579 2638 territoriis,
1601 2566 1637 2626 in
1659 2565 1761 2627 166616
1781 2565 1906 2635 66111661,

1125 2663 1232 2742 66616,
1258 2664 1386 2733 6611616,
1403 2663 1557 2725 censibus
1576 2663 1609 2726 et
1629 2663 1798 2735 dominiis,
1824 2663 1856 2723 et
1878 2662 1908 2720 16

554 2742 792 2830 LXXXVIII
1125 2761 1294 2824 territorio
1307 2762 1347 2823 de
1362 2760 1500 2832 Pidano,
1517 2777 1591 2838 quae
1612 2759 1654 2822 ad
1669 2777 1819 2822 mensam
1828 2761 1908 2821 tuam

1126 2859 1316 2936 specialiter
1327 2859 1494 2936 pertinere
1506 2860 1698 2920 noscuntur.
1711 2859 1828 2921 Totum
1839 2871 1908 2918 cas·

298 2947 351 3012 Aa
366 2947 579 3008 neormam
592 2946 823 3024 spernebam
845 2949 1049 3024 apocopam.
1125 2959 1212 3020 aum
1227 2957 1267 3038 66
1282 2957 1454 3032 mongum
1477 2971 1551 3018 cum
1565 2956 1634 3018 toto
1655 2957 1730 3034 ejus
1752 2953 1908 3020 territorio

577 3059 673 3120 1666.
696 3059 774 3118 1116.
1125 3056 1159 3118 61
1181 3055 1332 3118 ecclesiis
1355 3054 1402 3116 ibi
1427 3053 1584 3116 fundatis.
1610 3053 1907 3121 castrumnovum,

320 3183 427 3248 [aegest.
440 3183 484 3236 66.
495 3185 515 3247 6,
526 3185 612 3250 epau,
629 3184 681 3235 666.
692 3185 750 3235 uss.
761 3183 924 3236 aaronem
934 3183 1028 3250 66666.
1125 3154 1270 3215 castrum
1303 3152 1343 3214 (¹0
1375 3151 1595 3223 monteniaco,
1635 3152 1669 3213 et
1700 3151 1845 3212 castrum
1874 3148 1909 3208 11

1126 3253 1239 3314 666616
1255 3250 1388 3312 Ρ66616.
1409 3249 1590 3312 Ecclesiam
1610 3249 1716 3310 sancti
1730 3247 1862 3311 Martini
1875 3245 1910 3306 de

276 3323 1072 3400 Adexemplarbdrianilv,eanrcamomaibussu1spos
1126 3349 1262 3410 cappam,
1286 3363 1360 3410 cum
1380 3346 1531 3408 omnibus
1550 3345 1761 3424 pertinentiis
1784 3345 1861 3416 suis,
1883 3343 1911 3403 et

315 3415 502 3485 sessionibus,
525 3415 608 3474 bonis
628 3422 657 3474 et
678 3414 799 3489 juribus,
823 3415 875 3474 sub
896 3417 1070 3490 protectione
1126 3446 1261 3518 honore,
1280 3461 1376 3522 quem
1390 3444 1493 3506 hahes
1515 3444 1550 3504 in
1570 3446 1598 3521 ej

426 3505 432 3516 .
497 3506 502 3518 .
526 3505 532 3517 .
1603 3461 1642 3504 us
1659 3444 1840 3506 territorio.
1856 3443 1906 3502 116-

313 3505 342 3562 S.
358 3507 434 3562 Petu
446 3512 556 3579 recipit.

1125 3544 1262 3606 clesiam
1277 3543 1382 3604 666611
1396 3541 1592 3619 Yppolitide
1607 3542 1742 3618 Majano
1758 3557 1831 3602 cum
1844 3554 1912 3616 666-

315 3651 494 3723 Ηο666166,
508 3649 774 3724 etc.,venerabili
784 3649 880 3713 fratri
894 3651 1070 3712 Theodisio
1124 3643 1273 3705 tinentiis
1282 3643 1361 3712 suis,
1374 3641 1407 3703 et
1421 3640 1547 3702 honore
1562 3655 1659 3716 66666
1674 3638 1778 3700 habes
1794 3640 1829 3699 in
1845 3640 1910 3714 ejas

275 3749 438 3824 Agathan.
471 3750 625 3828 episcopo
653 3752 791 3828 ejusque
824 3749 1070 3812 successoribus
1124 3741 1303 3803 territorio.
1320 3740 1461 3800 Censura
1476 3739 1509 3800 et
1526 3737 1700 3808 redditum,
1718 3753 1802 3814 6666
1817 3733 1911 3796 babes

275 3848 435 3910 canonice
446 3847 682 3910 substituendis
700 3848 735 3908 in
750 3849 955 3925 perpetuum.
1125 3840 1159 3900 16
1174 3839 1314 3901 66616616
1328 3835 1434 3898 666611
1449 3835 1585 3897 Martini
1594 3834 1634 3896 de
1647 3836 1751 3906 116666,
1769 3834 1854 3894 61661
1864 3832 1911 3891 in·

317 3946 353 4004 in
367 3945 527 4006 eminenti
538 3946 735 4021 Apostolicae
750 3946 846 4007 Sedis
862 3945 1006 4022 specula,
1023 3943 1069 4004 li·
1125 3938 1176 3999 ter
1187 3939 1219 3999 te
1234 3937 1267 3998 et
1281 3934 1431 3998 abbatem
1447 3934 1553 3996 sancti
1568 3931 1736 3994 Guillelmi
1748 3932 1800 3994 est
1811 3931 1911 3991 ratio-

276 4041 329 4101 cet
343 4041 510 4112 immeriti,
527 4041 721 4116 disponente
734 4041 885 4113 Domino,
902 4040 1070 4102 constituti
1125 4033 1281 4096 nabiliter
1293 4032 1469 4095 6111161166.
1490 4030 1674 4092 Ecclesiam
1689 4030 1798 4092 666611
1812 4024 1913 4088 Ylarii

276 4137 396 4198 1661666
423 4137 554 4198 6661666
585 4138 757 4214 episcopos
780 4139 847 4199 tam
869 4137 1070 4214 propinquos
1125 4131 1165 4192 de
1177 4133 1297 4201 Messa,
1310 4146 1383 4191 6666
1400 4128 1468 4190 6616
1479 4127 1699 4205 666116661116,
1713 4128 1746 4189 61
1760 4121 1912 4204 quidquid

276 4247 375 4310 66666
389 4232 487 4309 longe
502 4233 627 4310 positos
642 4233 791 4294 fraterna
806 4233 962 4294 debemus
977 4233 1070 4295 cari·
1125 4227 1227 4289 habes
1239 4227 1274 4287 in
1284 4227 1452 4290 territorio
1462 4225 1611 4303 ejusdem
1619 4222 1912 4287 66616111661661666

275 4329 345 4392 tate
359 4329 509 4406 diligere,
524 4330 557 4391 61
571 4329 720 4391 ecclesiis
736 4329 799 4391 sibi
810 4346 829 4391 a
841 4331 907 4391 Deo
923 4331 1072 4391 commis·
1126 4326 1232 4388 sancti
1245 4325 1370 4397 Quirici
1385 4324 1425 4386 de
1449 4323 1623 4385 Pomarolo
1636 4338 1711 4383 cum
1726 4323 1798 4382 suis
1811 4317 1912 4398 66611-

276 4426 1073 4506 sispastoralisollicitudineprovidereEaprop·
1125 4425 1258 4487 nentiis.
1283 4423 1466 4485 Ecclesiam
1488 4421 1595 4482 sancti
1615 4419 1725 4480 Albini
1751 4419 1793 4481 de
1816 4415 1914 4479 616616

275 4529 338 4600 166,
353 4526 554 4590 venerabilis
577 4527 613 4587 in
642 4525 772 4588 Christo
794 4526 897 4588 166166
916 4526 1071 4587 Theodisi
1125 4521 1510 4600 66666661166611166616.
1523 4517 1705 4580 Ecclesiam
1718 4515 1915 4578 6666161116-

276 4627 438 4704 Agatben.
455 4627 620 4704 episcope,
641 4625 708 4687 1616
719 4624 820 4703 justis
834 4622 1069 4701 postulationi·
1125 4622 1184 4682 riae
1200 4622 1240 4682 de
1252 4620 1460 4682 Montaniaco
1474 4633 1548 4680 cum
1564 4614 1715 4678 omnibus
1730 4615 1801 4674 suis
1817 4609 1915 4690 perti-

274 4725 337 4786 bus
352 4725 531 4788 clementer
543 4723 731 4793 annuimus,
746 4723 778 4786 et
794 4721 968 4784 ecclesiam
982 4724 1073 4797 Aga·
1125 4718 1258 4780 nentiis.
1273 4718 1454 4779 Ecclesiam
1466 4714 1571 4776 sancti
1584 4711 1766 4775 Martinide
1779 4709 1914 4783 Garriga

275 4821 437 4894 tlrensem,
461 4821 515 4884 661
532 4825 599 4884 Deo
614 4822 749 4883 auctore
773 4835 918 4898 praeesse
933 4819 1071 4895 dignos·
1126 4833 1200 4878 cum
1215 4816 1286 4876 6616
1300 4813 1520 4892 666116661116.
1536 4811 1722 4873 Ecclesiam,
1733 4807 1842 4870 sancti
1856 4805 1914 4867 Al-

277 4919 374 4990 66616,
409 4919 450 4979 66
486 4919 656 4995 exemplar
693 4917 800 4979 1611616
830 4917 1071 4980 recordationis
1125 4911 1196 4974 bini
1219 4913 1260 4974 de
1281 4910 1491 4973 Columbaria
1515 4926 1590 4972 6666
1611 4905 1822 4986 666116661116
1838 4903 1913 4965 6616.

275 5014 413 5077 Adriani
433 5031 527 5093 papae
550 5018 593 5078 IV
612 5016 865 5094 praedecessoris
886 5016 991 5078 nostri
1011 5015 1071 5076 sub
1126 5012 1307 5073 Ecclesiam
1317 5010 1422 5071 sancti
1435 5009 1525 5072 Petri
1538 5008 1580 5069 66
1588 5005 1755 5068 Pabirano
1768 5001 1915 5065 cumsuis

275 5111 364 5175 beati
387 5114 477 5175 Petri
498 5115 532 5173 et
558 5115 672 5175 nostra
693 5114 896 5190 protectione
925 5114 1070 5190 suscipi·
1127 5108 1346 5186 pertinentiis.
1375 5107 1555 5168 Ecclesiam
1585 5104 1693 5166 sancti
1719 5101 1846 5165 Juliani
1878 5098 1915 5158 de

277 5227 362 5284 66666,
375 5211 407 5274 61
417 5210 590 5288 praesentis
603 5211 717 5286 scripti
730 5212 915 5288 patrocinio
923 5228 1072 5272 commu·
1127 5206 1331 5281 Bredalange
1342 5221 1415 5266 cum
1425 5203 1632 5281 pertinentiis
1641 5200 1721 5262 6616.
1735 5199 1912 5262 Ecclesiam

277 5309 400 5384 ninius,
423 5308 615 5375 statuentes,
638 5311 674 5368 61
698 5323 910 5386 6666666666
934 5325 1070 5386 666666-
1126 5307 1249 5374 sanctae
1274 5303 1404 5376 Mariae,
1430 5305 1463 5364 et
1481 5301 1657 5364 ecclesiam
1681 5298 1788 5361 sancti
1808 5292 1914 5358 Pontii

278 5411 408 5482 siones,
448 5421 662 5485 quaecumque
699 5404 786 5466 bona
821 5406 855 5465 in
889 5408 1071 5482 agathensi
1126 5419 1201 5466 cum
1241 5401 1448 5479 pertinentiis
1494 5399 1695 5460 earumdem.
1738 5393 1913 5458 Ecclesiam

279 5506 481 5586 6616666616,
494 5505 529 5564 16
544 5502 705 5575 666166116,
720 5503 877 5564 eteorum
888 5503 1072 5566 ordinatio·
1126 5500 1233 5564 sancti
1246 5497 1381 5560 Martini
1394 5498 1433 5559 de
1446 5499 1562 5569 conas,
1585 5513 1659 5557 cum
1670 5496 1739 5556 suis
1751 5493 1915 5572 pertinen-

277 5607 386 5676 nibus,
408 5602 638 5666 benedictione
653 5601 685 5662 et
699 5599 886 5662 obedientia
901 5599 1068 5673 abbatum,
1125 5600 1193 5663 tiis·
1209 5595 1390 5659 Ecclesiam
1411 5595 1515 5658 sancti
1531 5592 1702 5656 Laurentii
1724 5593 1763 5654 de
1786 5585 1912 5652 Torolla

279 5702 527 5766 consecratione
555 5697 781 5772 ecclesiarum,
810 5695 1018 5759 ordinatione
1040 5699 1072 5761 61
1127 5713 1199 5758 rum
1230 5695 1298 5757 suis
1335 5693 1551 5771 pertinentiis.
1586 5693 1729 5756 Tertiam
1758 5689 1912 5768 praeteroa
