3984 6306
298 339 359 406 ato
764 339 941 403 ιιοιιοιιιι
963 343 1009 402 ιιι
1030 335 1233 420 ornem·
1249 343 1482 406 ssnuouns.
1845 341 1885 418 m

337 499 431 563 visio
446 499 602 563 coelorum
617 499 668 564 est
681 499 768 564 visio
782 499 959 565 manifesta
977 501 1094 566 heato-
1147 501 1261 566 ildelcs
1285 503 1440 596 admonet
1458 505 1642 581 universos,
1657 507 1692 572 ιι
1706 507 1792 570 simul
1806 526 1887 575 onnes

297 613 383 672 rum,
395 614 460 676 qna
470 601 572 662 Deum
582 597 695 662 felices
705 600 826 662 animae
837 599 871 662 in
884 600 1009 663 aeterna
1019 601 1094 664 hea-
1147 602 1180 663 et
1194 600 1317 679 singuli
1332 601 1453 681 quique
1468 603 1503 664 in
1518 619 1554 665 se
1573 605 1675 667 altare
1693 607 1813 669 Domino
1837 611 1888 672 stn-

297 695 437 760 titudine
452 697 633 760 intuentur.
659 701 750 760 Tunc
766 698 855 760 enim
869 699 955 762 iacie
979 700 1019 763 ad
1039 701 1092 762 la·
1147 699 1246 762 deant
1264 699 1418 762 dedicare
1442 721 1452 762 ι
1484 703 1623 777 Vosque·
1648 704 1814 766 transituri
1832 709 1889 767 estis

297 795 382 856 ciem
400 796 541 872 gloriam
564 796 750 859 videbimus
776 797 973 861 conditoris.
999 799 1093 861 Unde
1146 799 1370 860 Jordanem...
1397 798 1553 862 iordanis
1573 800 1744 862 secundnm
1762 802 1889 879 Hieronp-

296 894 421 955 Paulus
434 895 602 972 apostolus
617 914 624 952 ε
647 899 806 958 Videmus
824 911 916 958 nunc
927 912 993 973 per
1009 913 1091 974 spe·
1147 911 1235 957 mum
1261 896 1500 974 interpretatur
1514 897 1684 960 descensio
1698 914 1808 970 eornm,
1822 901 1889 960 ιιιι-

294 996 408 1054 cuium
430 996 467 1054 ιιι
487 996 683 1070 enigmate,
700 996 782 1056 tunc
802 996 920 1057 cutem
938 998 1027 1072 [αιιι
1047 999 1092 1058 cd
1146 992 1224 1055 licet
1237 993 1419 1067 hominurn,
1437 996 1470 1057 et
1484 995 1890 1072 significatmundumisiun,

294 1092 420 1166 factem
434 1089 551 1170 (icor.
566 1107 640 1165 xm,
654 1091 717 1172 12).
731 1093 771 1156 nt
783 1095 801 1156 J
804 1108 928 1156 oannes
942 1094 977 1156 in
997 1093 1093 1171 npis-
1147 1091 1204 1168 qni
1218 1091 1366 1170 quotidie
1379 1093 1550 1155 deseendit
1576 1093 1610 1157 et
1630 1110 1795 1172 numquam
1808 1109 1893 1154 ascen·

295 1187 363 1250 tola
381 1209 388 1248 ι
404 1192 490 1252 Cum
508 1193 724 1266 apparuerit,
749 1195 879 1254 similes
901 1195 934 1254 et
947 1195 1090 1265 crimus,
1146 1187 1205 1258 dit,
1231 1189 1264 1251 et
1289 1189 1346 1267 qui
1367 1205 1498 1266 semper
1522 1191 1596 1253 linit
1617 1190 1785 1252 secundnm
1803 1207 1893 1252 noren

295 1291 458 1360 quoniam
472 1291 660 1351 videbimus
674 1305 754 1352 cum
767 1290 869 1354 sicuti
885 1290 938 1352 cst
953 1287 982 1368 (Ι
995 1292 1090 1353 ioan.
1147 1287 1280 1349 liuentis
1306 1303 1401 1366 aqnae
1430 1288 1463 1350 et
1485 1287 1619 1350 labitur.
1645 1288 1734 1351 Unde
1755 1288 1894 1364 legiturh

295 1385 345 1456 ιιι,
362 1381 407 1464 2).
425 1385 518 1447 Unde
533 1386 637 1449 David
655 1409 661 1448 :
678 1389 847 1461 satiator,
868 1391 950 1451 dum
973 1393 1092 1451 meoi-
1146 1385 1232 1448 libro
1247 1388 1385 1462 Regum,
1401 1386 1487 1464 quod
1510 1387 1661 1465 quedam
1678 1385 1896 1464 sapiensnulier

295 1481 600 1560 sectabiturptorto
614 1485 685 1546 tuo.
1146 1481 1188 1544 ad
1216 1481 1321 1544 David
1347 1483 1395 1545 ait
1415 1485 1563 1547 :Omnes
1585 1487 1762 1555 mmmmm,
1788 1483 1816 1545 ct
1833 1483 1894 1543 ιιιιι

336 1579 399 1640 Sed
413 1582 624 1657 querendum
640 1583 699 1654 est,
713 1598 815 1660 qnare
830 1583 960 1646 dicatur
969 1583 1092 1646 vidisse
1146 1596 1246 1655 oquae
1257 1583 1440 1643 dilabimur
1452 1584 1489 1642 tn
1501 1583 1729 1656 terrenitatem
1739 1595 1800 1642 noo
1812 1594 1897 1641 recer-

214 1727 216 1732 ,
296 1675 399 1739 Jacob
413 1678 449 1739 in
464 1680 614 1740 somniis.
631 1681 705 1742 Non
718 1681 806 1742 enim
823 1682 896 1743 sine
909 1697 1009 1743 causa
1024 1682 1092 1744 tem
1147 1676 1611 1760 tentor(11neg.x1v,1c).1n
1626 1679 1743 1741 mundo
1755 1677 1896 1739 istaonnia

296 1774 468 1850 signanter
477 1777 610 1839 additur
623 1781 661 1840 ιη
675 1782 830 1841 somniis.
843 1779 993 1857 Quinque
1003 1780 1091 1841 enirn
1146 1777 1316 1838 nascentia
1341 1777 1538 1850 moriuntur,
1568 1779 1648 1854 quia
1671 1777 1710 1838 de
1735 1777 1814 1838 terra
1836 1775 1896 1835 lach

295 1872 401 1934 modis
421 1875 559 1937 vocatur
581 1875 740 1954 quidquid
761 1876 916 1939 viderunt
941 1877 1092 1940 homines
1146 1875 1223 1936 sunt
1232 1875 1355 1948 omnia,
1367 1875 1400 1937 et
1409 1875 1576 1937 interram
1585 1875 1709 1953 pariter
1718 1875 1895 1941 revertuntur,

295 1969 499 2034 dormiendo.
515 1975 581 2035 Aut
597 1974 685 2036 enirn
710 1975 760 2037 est
774 1973 939 2036 somnium
953 1977 1011 2038 aut
1033 1975 1091 2036 in·-
1147 1971 1327 2034 secundum
1354 1972 1436 2034 illud
1468 1973 1656 2036 Salomonis
1684 1990 1691 2030 ι
1723 1975 1790 2034 Vidi
1809 1969 1898 2032 ιιιιιιι

296 2069 473 2139 somnium,
490 2070 548 2132 ant
558 2071 764 2148 phantasma,
778 2073 941 2145 autvisio,
954 2075 1011 2136 aut
1020 2089 1092 2136 ora·
1146 2085 1223 2144 pecc
1231 2071 1320 2143 ficret
1332 2073 1481 2143 subsolc,
1495 2073 1613 2134 cicccc
1629 2075 1786 2133 ninivense
1796 2067 1899 2130 cortilus

296 2165 417 2228 culum.
426 2169 597 2230 Somnium
606 2171 656 2231 est
664 2169 825 2232 revelatio
836 2170 986 2248 quaedam
994 2172 1092 2249 plena
1146 2169 1180 2230 et
1193 2169 1336 2243 afflictio
1349 2171 1507 2244 spiritus,
1518 2169 1552 2231 ιι
1563 2172 1724 2232 vidintdtt
1731 2177 1899 2242 perincidet

295 2266 598 2341 supercoelestibus
615 2268 848 2341 sacramentis,
874 2269 906 2331 et
925 2269 1091 2348 mysteriis
1125 2268 1207 2328 ,ιιι
1229 2271 1298 2328 sole
1325 2264 1426 2345 (Uccl.
1453 2269 1478 2340 i,
1506 2269 1569 2342 143
1596 2271 1635 2339 ιι,
1664 2266 1725 2345 12).
1754 2266 1814 2326 Nos
1829 2261 1900 2323 ellan
1957 2278 1958 2318 1

294 2361 485 2440 allegorice,
510 2365 547 2426 ut
568 2381 642 2427 cum
667 2365 741 2443 quis
766 2366 888 2428 uiderit
908 2366 949 2429 de
964 2367 1047 2429 coslo
1060 2368 1092 2444 et
1146 2363 1210 2441 ipsi
1225 2363 1376 2425 homines
1389 2365 1474 2427 sicut
1487 2365 1668 2438 nascimur,
1682 2364 1728 2427 ita
1740 2361 1879 2424 morimur.
1957 2377 1958 2415 1

293 2460 383 2522 terra
396 2461 429 2524 et
443 2461 483 2523 de
497 2478 609 2525 rerum
621 2463 849 2537 universitate,
863 2465 949 2526 sicut
963 2465 1091 2527 somnia
1187 2461 1468 2524 Considerandum
1487 2465 1537 2526 est
1551 2463 1591 2524 de
1608 2477 1675 2540 quo
1689 2462 1789 2524 iactus
1801 2459 1843 2520 est
1859 2456 1902 2516 ho
1957 2505 1958 2512 ,

293 2559 418 2635 loseph
443 2559 476 2622 et
499 2561 696 2635 Pharaonis,
722 2560 1030 2626 Nabuchodonosor
1059 2563 1093 2626 et
1146 2574 1210 2632 mo,
1223 2559 1302 2638 quid
1313 2559 1415 2622 iaciat
1425 2560 1535 2633 homo,
1552 2561 1630 2638 quid
1642 2560 1768 2622 diturus
1777 2557 1901 2619 sithono.
1957 2570 1958 2580 ¹

294 2655 454 2718 Danielis
467 2659 670 2720 insomnium
681 2659 733 2720 est
749 2659 1022 2737 illusioquaedam
1033 2675 1093 2738 per
1148 2659 1234 2719 Sane
1258 2657 1418 2719 iormatus
1441 2659 1492 2720 est
1514 2658 1555 2719 de
1575 2659 1678 2731 terra,
1707 2656 1862 2732 conceptus
1878 2651 1902 2710 in

295 2754 461 2814 somnium
483 2754 569 2817 iacta
591 2771 611 2817 a
635 2756 731 2817 malis
760 2756 942 2834 spiritibus,
962 2756 1092 2819 terrens
1147 2755 1255 2832 culpa,
1279 2756 1376 2817 natus
1389 2754 1431 2816 ad
1453 2771 1594 2832 poenam.
1610 2757 1716 2818 Natus
1729 2752 1901 2815 adlaborem

295 2850 443 2913 animum
462 2851 669 2926 dormientis,
683 2854 720 2916 ut
734 2869 808 2915 cnm
823 2855 897 2932 quis
916 2855 1039 2918 viderit
1057 2871 1092 2918 ιι
1145 2853 1309 2926 timorem,
1326 2853 1486 2926 dolorem,
1508 2855 1542 2914 et
1554 2853 1642 2930 qnod
1657 2851 1795 2916 deterius
1812 2848 1861 2918 est,
1876 2843 1903 2904 ai

296 2949 438 3025 opprimi
454 2965 474 3011 ι
488 2951 601 3028 paruis
622 2951 674 3012 ιιι
690 2951 795 3028 nigris
810 2952 1012 3027 hominihus,
1039 2955 1092 3016 uel
1147 2951 1295 3012 mortem.
1318 2951 1395 3026 Agit
1414 2966 1520 3032 prava
1535 2967 1608 3029 quae
1624 2967 1691 3013 non
1707 2949 1810 3018 licent,
1823 2941 1904 3020 turpia

294 3047 557 3124 persecutionem
582 3065 618 3110 se
638 3049 706 3126 pati
730 3049 771 3110 ab
797 3049 954 3112 inimicis.
976 3051 1091 3114 Phen·
1147 3063 1221 3126 ιιι
1237 3065 1303 3111 ιιι
1316 3048 1444 3122 decent,
1466 3064 1554 3110 vana
1576 3065 1651 3126 quae
1666 3065 1732 3112 non
1751 3041 1904 3124 expediunt.

293 3145 400 3205 tasma
421 3148 471 3207 est
495 3146 690 3223 imaginatio
712 3147 863 3224 quaedam
888 3148 972 3210 nihil
995 3150 1031 3210 in
1057 3165 1093 3211 ss
1147 3145 1223 3222 agit
1244 3159 1346 3224 praua
1370 3146 1490 3225 quihus
1511 3147 1653 3210 offendit
1671 3151 1780 3218 Deum,
1802 3137 1906 3204 oiiendll
1950 3204 1956 3249 ι

294 3241 448 3304 utilitatis
470 3241 608 3316 habens,
637 3245 674 3307 ut
694 3259 768 3306 cum
788 3245 863 3322 quis
876 3245 1091 3308 videritdor·
1147 3244 1347 3320 proximum,
1372 3243 1511 3307 offendit
1533 3259 1569 3306 se
1588 3244 1709 3322 ipsum.
1738 3243 1809 3319 hgit
1824 3234 1906 3312 turpia
1957 3285 1958 3292 .

294 3339 426 3402 miendo
439 3356 512 3417 qnae
527 3341 732 3419 cogitaverat
745 3341 924 3418 vigilando.
939 3347 1017 3416 Quae
1028 3343 1092 3406 duo
1147 3338 1266 3417 quihus
1296 3338 1415 3417 polluit
1442 3339 1575 3413 lamam,
1611 3339 1731 3418 polluit
1755 3345 1905 3416 personam.

295 3437 379 3498 ilunt
394 3437 579 3501 daemonum
594 3439 761 3503 illusione.
776 3441 869 3502 visio
883 3441 932 3503 ιιι
942 3441 1092 3519 quaedam
1148 3437 1265 3514 polluit
1274 3437 1524 3501 conscientiam.
1540 3438 1619 3515 Agit
1637 3454 1725 3502 rana
1746 3433 1850 3515 quihus
1862 3443 1907 3488 ne·
1955 3437 1958 3488 ι

294 3549 406 3598 rerum
439 3537 664 3600 manifestatio
701 3537 902 3611 mturarum,
938 3539 1092 3600 eventurn
1147 3535 1243 3611 gligit
1260 3535 1436 3613 Justitiam,
1453 3537 1591 3614 negligit
1606 3537 1714 3608 utilia,
1729 3530 1907 3610 negligitis-

255 3621 257 3628 ’
294 3629 408 3694 earum
437 3633 502 3696 cito
525 3636 711 3708 enuntians,
736 3636 772 3697 nt
789 3651 864 3697 cnm
883 3636 958 3714 quis
972 3637 1094 3700 viderit
1147 3633 1304 3694 cessaria.
1322 3637 1428 3696 Homo
1447 3634 1483 3694 in
1502 3633 1613 3696 futuro
1643 3635 1700 3697 liet
1723 3633 1810 3695 cibus
1833 3623 1907 3702 ignis,
1955 3711 1956 3714 Ἴ

293 3729 418 3808 aliquid
431 3747 491 3808 per
500 3735 664 3795 somnium
679 3735 814 3797 euenire
829 3734 904 3808 sihi,
921 3734 1008 3812 quod
1023 3751 1096 3812 pos·
1147 3747 1223 3793 esca
1249 3733 1383 3805 vermis,
1405 3749 1515 3795 massa
1530 3733 1729 3810 putredinis.
1756 3729 1823 3794 Flet
1840 3723 1909 3785 cihus

292 3828 346 3890 tea
360 3829 393 3889 in
409 3829 462 3891 die
476 3831 589 3892 taliter
599 3833 719 3895 evenit.
736 3833 914 3895 oraculum
931 3837 981 3896 est
997 3849 1091 3912 quae-
1148 3829 1235 3905 ignis
1249 3831 1306 3908 qui
1327 3845 1458 3908 semper
1479 3830 1572 3893 ardet
1593 3832 1627 3892 et
1651 3831 1720 3892 urit
1738 3817 1911 3897 inexnngui·

293 3926 369 3986 dam
379 3927 465 3988 visio
476 3943 535 4004 per
545 3928 681 4005 angelos
691 3929 789 4002 iacta,
801 3945 872 3991 rem
885 3929 1092 3992 salutiferam
1147 3926 1236 3999 bilis,
1253 3943 1329 3989 esca
1339 3927 1462 3990 vermis
1474 3927 1531 4005 qui
1546 3943 1677 4004 semper
1691 3924 1815 3989 roditet
1827 3931 1912 3982 come·

293 4022 436 4100 prodens
452 4024 575 4088 indicio
599 4026 786 4099 manifesto,
802 4027 926 4089 uicum
942 4027 1016 4105 quis
1038 4028 1092 4089 ui·
1147 4023 1196 4086 dit
1210 4023 1418 4097 immortalis,
1432 4039 1542 4085 massa
1557 4023 1743 4101 putredinis
1758 4035 1825 4100 quae
1842 4028 1911 4076 sen-

294 4121 381 4182 derlt
395 4121 540 4198 aliquem
551 4123 742 4184 sanctorum
755 4123 819 4186 sihi
834 4124 952 4186 salutis
967 4126 1092 4187 monita
1147 4134 1207 4196 per
1221 4119 1353 4182 ioetetet
1363 4120 1475 4182 sordet
1488 4119 1671 4182 horribilis.
1687 4119 1770 4194 Quid
1782 4109 1913 4188 estigitu

294 4217 526 4294 proterentem.
542 4219 704 4292 Quoniam
716 4219 817 4296 igitur
829 4222 932 4284 Jacob
943 4221 1091 4284 coelestia
1147 4216 1245 4279 homo
1264 4217 1331 4280 nisi
1350 4217 1456 4280 lutum
1478 4217 1512 4280 et
1530 4217 1640 4280 cinisl
1663 4215 1838 4280 secundum
1851 4201 1914 4270 iilud

294 4316 454 4393 mysteria
472 4316 566 4390 vidit,
590 4317 625 4377 in
648 4318 787 4378 somniis
807 4334 845 4380 ea
863 4319 987 4382 vidisse
1008 4336 1091 4382 nar·
1145 4314 1207 4377 Job
1224 4335 1231 4376 ι
1249 4316 1478 4393 comparatus
1496 4331 1574 4378 sum
1590 4317 1660 4379 tuto
1680 4317 1715 4378 ct
1734 4305 1914 4376 asstmlldtll

294 4414 397 4476 ratur.
422 4413 514 4475 Vidit
539 4413 650 4492 itaque
676 4415 800 4478 scalam
825 4417 965 4479 stantem
992 4434 1092 4496 super
1145 4428 1224 4474 suin
1248 4415 1374 4487 sevdtoe
1400 4414 1434 4476 ct
1461 4416 1572 4476 cineri
1599 4411 1686 4493 (Joh.
1712 4425 1794 4480 xxx,
1822 4399 1914 4482 19).0

292 4512 427 4573 terram.
445 4512 541 4574 Scala
555 4528 599 4574 ex
612 4513 740 4576 duohus
755 4514 855 4591 lignis
866 4515 900 4576 in
912 4516 1016 4578 altum
1029 4517 1092 4578 eri·
1147 4510 1242 4587 pellis
1256 4513 1385 4573 mortua
1398 4513 1405 4570 l
1429 4525 1449 4572 o
1472 4510 1577 4574 lutum
1590 4509 1702 4587 ilgulil
1719 4507 1810 4570 Unde
1823 4510 1916 4577 super·

293 4595 384 4685 gitur
409 4611 628 4674 materialiter
649 4611 805 4689 gradihus
830 4613 1034 4691 interpositis
1056 4615 1090 4675 in
1146 4607 1197 4670 his
1216 4608 1354 4671 terrast
1374 4608 1484 4674 cinist
1508 4611 1591 4670 Ecce
1610 4608 1682 4686 ipse
1705 4611 1791 4668 Dens
1813 4603 1879 4664 tuus
1892 4591 1917 4702 et

291 4707 495 4782 transverso,
512 4711 549 4771 ut
563 4709 662 4772 iacile
681 4711 755 4788 quis
777 4725 836 4790 per
851 4727 907 4774 eos
927 4712 1031 4790 possit
1049 4713 1090 4774 ad
1147 4705 1301 4768 salrator
1314 4706 1419 4768 voluit
1433 4706 1474 4768 de
1495 4705 1568 4768 rota
1592 4705 1674 4767 solis
1692 4699 1917 4766 descenderem

293 4806 360 4870 alta
376 4807 609 4870 conscendere.
1146 4805 1258 4866 aulam
1276 4803 1437 4880 Virginis.
1465 4805 1544 4866 Gum
1568 4805 1657 4866 enim
1673 4803 1794 4866 missus
1807 4797 1914 4859 estan-
1957 4831 1958 4892 p

892 4886 897 4895 ’
1145 4902 1241 4978 gelus
1255 4901 1387 4963 Gabriel
1402 4900 1513 4963 lenens
1536 4902 1686 4964 chartam
1709 4886 1916 4962 saluatorisin
1957 4893 1958 4958 l

628 5005 757 5091 XXIV
1146 5001 1311 5072 meumst
1336 5000 1506 5076 Virginem
1530 4999 1687 5061 salutavit
1705 4999 1740 5059 in
1762 4985 1915 5059 Nmaeth

1146 5101 1233 5160 Deus
1248 5097 1404 5170 cinerem,
1421 5097 1565 5160 Verbum
1580 5112 1729 5169 carnem,
1743 5092 1863 5172 ‚figulus
1878 5084 1919 5144 lu·
1957 5099 1958 5158 j

333 5216 374 5275 ll.
394 5215 493 5276 -ΙΝ
521 5215 796 5278 DEDmATloNE
824 5219 1048 5280 quqpngAE,
1145 5197 1227 5270 tum,
1250 5196 1373 5257 artilex
1390 5211 1472 5273 opus
1493 5211 1601 5268 suum,
1623 5193 1782 5258 Dominus
1796 5195 1918 5252 servum.
1957 5175 1958 5238 ἶ

740 5336 744 5344 -
1146 5294 1214 5356 vita
1236 5293 1447 5356 morticinum
1471 5294 1592 5355 induit.
1619 5293 1654 5354 Si
1680 5307 1761 5368 ergo
1784 5285 1919 5362 seipsum

338 5395 401 5452 Vos
415 5395 473 5466 qut
487 5392 674 5454 transituri
698 5393 781 5456 estis
800 5398 990 5456 dordonam
1008 5399 1092 5456 cedi·
1146 5391 1332 5454 exinanivit
1365 5392 1506 5452 iormam
1539 5392 1627 5454 servi
1663 5388 1837 5466 accipiens,
1859 5372 1920 5456 quid

292 5489 679 5563 ficatealtcreilomtrm,
696 5493 913 5566 delapidthus
925 5494 1092 5568 quosfcr-
1146 5491 1233 5552 inter
1245 5490 1418 5552 mortalem
1441 5489 1559 5567 pellem
1576 5489 1689 5551 fremis
1706 5484 1855 5549 conclusa
1868 5471 1922 5536 sal-

291 5601 373 5650 sum
385 5601 456 5648 ooo
470 5588 582 5666 tetigit
597 5585 705 5667 (Dent.
722 5593 828 5660 xxvii,
845 5593 875 5662 4,
887 5589 932 5668 5).
1146 5591 1249 5665 suget
1280 5587 1447 5666 Numquid
1469 5588 1571 5663 dices,
1595 5585 1797 5667 figmentum,
1813 5573 1920 5654 figulo:
1957 5627 1958 5644 2

332 5685 463 5748 Primus
478 5687 511 5750 et
525 5686 689 5750 maximus
706 5687 942 5766 prophetarum
955 5689 1091 5767 ,Moyses
1148 5685 1291 5766 quid'mo
1306 5685 1413 5750 iecisti
1430 5685 1499 5752 sici
