4106 6328
188 442 248 488 xxi
603 423 858 487 DEPROMPTA
884 423 940 484 EX
967 423 1153 487 DISSER'P.
1178 424 1216 485 Ι).
1238 424 1429 488 ΒΟΤΤΙΝΟ.
1764 439 1839 488 xxii

189 587 237 649 ita
246 583 406 664 loquitur,
416 585 453 648 ut
462 585 640 648 nonsemel
650 583 856 646 Fridericum
865 598 987 646 secun·-
1042 583 1257 662 Raymundus
1271 584 1428 646 Besusius
1438 583 1474 646 in
1487 597 1548 645 sua
1562 582 1721 647 Historia
1735 587 1839 647 Busi-

189 685 279 757 dum,
296 699 394 762 quem
409 685 558 748 Romane
572 682 722 746 Ecclesia
734 682 913 762 aliquando
928 681 987 744 sed
1041 685 1115 746 iteca
1139 685 1174 745 S·
1200 684 1321 745 Grues
1343 685 1381 745 tet
1400 685 1633 754 Hierusalem,
1663 697 1735 761 cap.
1762 684 1835 756 XX,

189 781 411 859 specietenus
432 779 592 853 amicum,
608 793 727 858 reapse
754 794 834 843 vero
857 777 987 842 hostem
1041 795 1117 858 pag.
1134 779 1193 844 162
1206 779 1240 842 et
1255 794 1324 860 seq.

189 877 457 958 semperhabuit,
469 877 733 940 infensissimum
742 875 987 955 reprehendere

187 977 354 1040 videamr.
372 976 534 1040 Praelatos
550 989 692 1055 quoque,
708 973 878 1054 pontificia
890 989 988 1054 pror-

188 1091 248 1140 sus
280 1074 479 1139 auctoritate
510 1073 704 1152 compellat,
733 1089 849 1138 eorum
877 1072 987 1137 officia
1080 1066 1341 1142 v1.-1)eipso
1357 1059 1797 1140 Hoaomo;eiusHist0iic

188 1173 427 1246 commeuorat,
452 1173 617 1254 praecepta
645 1173 679 1236 et
705 1172 847 1236 consilia
872 1171 984 1244 tradit,
1204 1163 1347 1227 auctora
1360 1166 1519 1228 simeone
1530 1165 1668 1240 Mesola.

187 1271 310 1350 quibus
337 1271 402 1335 rite
426 1271 461 1333 in
484 1287 545 1335 suo
573 1287 712 1334 munere
740 1270 984 1334 contineantur.

189 1369 340 1482 Paffwfis
350 1369 384 1433 ⁰²
393 1369 482 1482 ⁸3⁰¹}
493 1369 738 1434 ⁰⁰n⁰i⁰¹¹at⁰fi⁵
748 1367 879 1431 muneri
892 1367 987 1430 ⁸³5⁸·
1081 1394 1198 1472 Operis
1212 1394 1298 1460 ratio
1314 1394 1398 1457 illud
1410 1410 1541 1475 quoque
1554 1395 1725 1473 postulare
1738 1393 1837 1457 vide-

187 1467 534 1579 s³⁰¹⁰¹¹⁸1³¹⁰¹¹¹f⁸¹m⁰2
550 1467 640 1530 ¹³⁰⁰
660 1481 791 1545 semper
805 1467 865 1578 est,
882 1465 988 1578 uffan*
1041 1491 1107 1564 tur,
1131 1493 1167 1554 ut
1181 1490 1222 1555 de
1236 1493 1384 1556 Honorio
1402 1493 1476 1570 ipso
1497 1509 1604 1572 pauca
1627 1492 1836 1572 suincerem,

188 1565 318 1628 dientes
335 1580 355 1628 a
373 1565 456 1628 vitro
474 1564 651 1639 deterreat,
674 1565 708 1628 et
730 1563 772 1626 ad
793 1564 987 1627 ciirlstiauae
1041 1589 1109 1651 nisi
1124 1589 1213 1651 imus
1226 1589 1319 1666 gesta
1340 1589 1476 1653 aliunde
1500 1590 1582 1652 satis
1594 1592 1665 1668 jam
1688 1589 1839 1652 innotos,

186 1664 325 1727 virtutis
338 1663 536 1726 exercitium
549 1663 689 1726 inliciat.
707 1663 895 1740 Singularis
907 1661 985 1723 ubi·
1042 1690 1165 1750 cerem*
1196 1687 1360 1749 Caeterum
1388 1703 1431 1750 no
1454 1688 1489 1749 in
1512 1687 1576 1750 hac
1600 1687 1695 1764 parte
1722 1687 1838 1749 deesse

187 1779 254 1841 (1110
268 1761 986 1842 0¹U⁰0i11¹eiusSssrilifiSOPiiflssflaiamvil'·
1042 1783 1168 1858 videar,
1185 1784 1276 1846 illius
1290 1784 1470 1848 Historiam
1485 1801 1528 1848 ex
1540 1784 1607 1846 aiio
1621 1784 1747 1847 inedito
1760 1799 1836 1848 ses-

186 1861 302 1938 8¹¹¹⁰¹¹¹
329 1860 461 1923 ‘¹0V0fi0
490 1862 523 1923 0¹
550 1859 668 1939 Ρὶθῗὸὓ»
696 1861 732 1922 ut
759 1859 928 1922 H⁰¹¹⁰si⁰⁵
950 1859 987 1920 ¹¹¹
1042 1882 1177 1944 soriano
1191 1882 1311 1944 Codice
1325 1882 1527 1961 vulgandam
1543 1882 1709 1945 existimo.

187 1973 307 2020 eorum
323 1956 641 2020 numerohabendus
656 1957 710 2029 sit,
720 1958 777 2035 qui
787 1957 823 2018 in
833 1957 987 2035 Deiparee

186 2055 340 2133 Virginis
366 2054 522 2117 laudibus
552 2053 760 2118 celebrandis
779 2055 986 2117 Bernerdum
1081 2079 1120 2140 Α,
1141 2080 1289 2153 mogus
1302 2077 1460 2141 Aspen&
1475 2079 1527 2141 επ
1541 2079 1664 2142 amtor
1676 2081 1777 2142 mus·
1795 2109 1837 2125 ,,

187 2156 267 2216 sunt
280 2153 413 2216 imitati.
428 2155 496 2216 Hos
509 2154 620 2216 autem
636 2168 714 2215 suos
726 2169 896 2216 sermones
909 2166 988 2230 pro-
1042 2174 1121 2235 ΗΜ
1139 2175 1308 2236 auctorem
1330 2173 1430 2237 hahet
1455 2173 1642 2236 Simeonem
1665 2173 1836 2252 Majopm

186 2251 276 2314 fect0
291 2250 408 2313 habuit
428 2253 553 2324 ΗΘΜ,
576 2249 842 2330 quandoquidem
866 2252 907 2314 <¹⁰
930 2250 986 2312 di·
1042 2271 1173 2348 origine
1205 2274 1378 2335 estensem
1408 2273 1442 2335 et
1466 2271 1657 2350 episcopum
1684 2271 1838 2335 vultura-

185 2347 296 2412 rersis
308 2346 407 2411 Urbis
420 2349 570 2411 ecclesiis
582 2348 984 2427 velutidelocoloquitur,
1042 2370 1199 2444 mensem,
1225 2370 1282 2448 qui
1301 2367 1422 2432 nedum
1437 2370 1592 2442 nouom,
1615 2368 1673 2431 sod
1690 2368 1838 2432 omnium

186 2446 225 2508 iu
239 2446 709 2525 (1110ῙΙᾺΘΙΗὋΙΒΘΙΙΒΙῧθθθθΙκ
725 2446 914 2510 Intssraliffl
929 2445 986 2509 Vi·
1042 2469 1267 2529 Romanorum
1298 2465 1496 2529 Pontificum
1537 2465 1718 2528 Historiam
1742 2466 1838 2528 terno

187 2543 318 2606 dendus
352 2544 404 2607 est
427 2559 536 2607 sermo
559 2543 595 2606 in
621 2543 793 2606 Dominica
817 2564 825 2606 s
849 2544 988 2606 Laetare
1042 2562 1837 2643 praegranffivopumine00m9101m03t‚1dv01

186 2656 250 2703 seu
263 2641 305 2703 de
317 2644 409 2705 Rosa
421 2656 543 2716 curce,
561 2641 595 2706 et
606 2641 692 2705 alter
706 2641 741 2703 in
757 2641 842 2706 iesto
855 2642 913 2703 ss.
928 2642 990 2704 Jo-
1042 2661 1114 2740 ppse
1127 2662 1269 2725 testatur
1287 2663 1323 2724 in
1340 2660 1541 2725 praefatione
1564 2660 1606 2724 ad
1620 2661 1699 2724 tom·
1722 2662 1738 2722 1
1759 2676 1840 2723 suo-

186 2739 288 2802 annis
299 2738 334 2801 et
348 2738 456 2802 Pauli.
475 2741 555 2802 Haec
571 2739 735 2818 prolixius
751 2737 893 2803 tortasse
913 2737 987 2800 dis·
1042 2775 1117 2822 mm
1131 2776 1280 2838 operum,
1301 2776 1376 2838 Μ
1390 2759 1489 2822 simul
1504 2760 1605 2823 etiam
1628 2757 1838 2821 Francorum

186 2835 651 2914 seruisedargumentamini
660 2836 757 2900 erant
765 2835 985 2914 congerenda,
1042 2856 1206 2936 prodiero,
1235 2875 1255 2920 ς
1279 2859 1490 2931 pontificum
1514 2861 1686 2929 omnium,
1717 2854 1836 2936 inquit,

186 2933 309 3012 quibus
324 2933 532 2997 ostenderem
544 2933 674 2998 Codicis
688 2935 794 2998 nostri
810 2935 987 2998 Sermones
1042 2972 1061 3016 «
1082 2958 1237 3018 omnium
1255 2958 1503 3035 mmmmm
1525 2954 1765 3027 pontificalem
1789 2967 1837 3016 βω

186 3031 360 3094 auctorem
372 3030 497 3096 babere
509 3031 694 3097 Honorium
708 3033 766 3108 111,
779 3032 988 3112 quemadmo
1042 3069 1061 3113 «
1082 3053 1306 3128 omnifariam
1325 3053 1360 3116 ει
1377 3057 1533 3116 ommam
1553 3053 1735 3116 palmeum
1748 3067 1836 3114 auc.

186 3129 268 3191 dum
283 3128 599 3208 supraassereiam.
744 3183 746 3188 -
1041 3151 1279 3214 «coecatus
1302 3152 1500 3214 aaronem
1519 3152 1720 3226 consonae.
1749 3167 1768 3210 »
1792 3151 1838 3210 oe

1042 3261 1082 3308 eo
1097 3245 1143 3309 ita
1159 3245 1321 3323 Ugbeilus
1336 3243 1384 3327 (1)
1402 3262 1409 3308 :
1432 3263 1452 3308 c
1468 3245 1602 3308 Simeon
1616 3243 1770 3324 MajoluS,
1786 3243 1840 3306 vir

1042 3343 1129 3407 vasti
1146 3343 1274 3422 ingenii
1292 3359 1333 3407 uc
1353 3344 1554 3423 portentosae
1567 3342 1738 3406 memoris
1760 3358 1837 3404 om-

1043 3442 1202 3521 niumque
1215 3441 1430 3506 scientiarum
1444 3457 1568 3520 genere
1589 3441 1643 3504 sui
1656 3441 1721 3505 aevi
1739 3441 1838 3516 longe

1043 3538 1250 3604 clarissimus
1269 3541 1324 3603 die
1339 3541 1377 3603 ie
1395 3539 1484 3620 junii
1504 3536 1612 3621 (1572)
1632 3539 1763 3602 creatus
1787 3539 1838 3600 est

230 3637 321 3700 inter
335 3637 457 3701 catera
478 3636 544 3701 duo
564 3637 665 3704 hebet
681 3638 849 3702 Honorius
867 3637 904 3702 in
918 3637 988 3702 suis
1043 3636 1221 3715 episcopus
1240 3637 1445 3702 vulturariae
1478 3653 1518 3700 ac
1544 3637 1666 3699 Montis
1692 3635 1837 3708 corbini,

188 3733 428 3811 sermonibus,
456 3750 532 3815 quae
565 3735 743 3814 specialem
773 3737 989 3800 attentionem
1043 3734 1079 3796 in
1094 3750 1158 3813 qna
1172 3734 1335 3813 dignitate
1346 3735 1471 3798 eximia
1482 3732 1572 3796 fama
1583 3733 1741 3796 virtutum
1754 3731 1841 3794 vixit

187 3829 370 3895 merentur.
413 3833 452 3896 In
488 3848 642 3896 sermone
680 3833 721 3896 de
754 3833 990 3897 Purificatione
1044 3833 1142 3895 annis
1151 3833 1203 3906 25,
1213 3847 1253 3894 ac
1266 3833 1360 3895 senio
1372 3830 1608 3909 laboribusque
1621 3829 1741 3902 lessus,
1755 3845 1842 3891 onus

188 3932 226 3992 B.
242 3931 288 3992 ΙΙ.
304 3929 454 4008 Virginis
468 3930 568 4010 bujm
582 3931 772 3994 festivitatis
787 3931 952 4009 originem
969 3947 989 3994 a
1044 3929 1148 3992 libere
1161 3929 1288 3992 dimisit
1298 3945 1388 3992 anno
1408 3929 1495 3992 1597.
1514 3927 1656 4008 Scripsit
1673 3926 1841 4006 ediditque

221 3407 262 3468 V,
277 3435 320 3452 -
330 3407 502 3470 Notobtita
514 3407 553 3470 in
562 3408 784 3471 samoneos
792 3407 952 3470 Houoiit.

190 4027 373 4090 censuum
385 4027 627 4107 superstitiosis
637 4027 758 4092 ritibus
770 4029 869 4104 ducit,
882 4045 989 4109 eaque
1044 4027 1152 4105 plura,
1168 4025 1256 4091 inter
1269 4043 1344 4106 quae
1359 4026 1500 4090 celebris
1516 4029 1566 4090 est
1581 4026 1675 4099 liber,
1692 4023 1750 4104 qui
1759 4028 1842 4088 Dies

187 4125 374 4198 confirmat,
404 4140 480 4204 quae
507 4126 571 4189 bec
594 4126 636 4188 de
656 4141 694 4188 re
714 4127 785 4203 jam
809 4127 990 4206 scripserat
1043 4129 1259 4189 caniculares
1270 4125 1475 4188 inscribitur.
1493 4123 1675 4188 tractatus
1688 4125 1730 4186 de
1745 4125 1842 4185 Ises·

187 4221 404 4286 Innocentius
417 4224 476 4297 ΙΙΙ,
493 4238 514 4285 a
530 4239 595 4303 qno
614 4224 691 4286 ante
710 4239 777 4286 non
792 4240 898 4301 pauca
910 4242 989 4288 mu·
1045 4237 1270 4296 communen,
1293 4224 1387 4286 Vitas
1395 4225 1622 4286 summorum
1632 4221 1841 4294 Pontificum

186 4321 280 4382 tasse
303 4318 449 4382 videtur.
480 4321 518 4383 ln
539 4337 694 4384 sermone
713 4322 824 4385 autem
845 4321 885 4384 de
899 4327 991 4386 liora
1044 4320 1189 4399 scripsit,
1205 4320 1263 4382 sed
1277 4336 1345 4383 non
1359 4320 1485 4400 publici
1499 4319 1588 4399 juris
1601 4319 1689 4382 iecit.
1701 4319 1842 4382 Exstant

187 4431 312 4489 aurea,
329 4416 387 4494 qui
404 4416 456 4479 est
469 4417 603 4481 ulterin
618 4418 816 4482 Dominica:
838 4421 988 4494 Latere,
1044 4419 1124 4480 Mss.
1159 4418 1248 4496 apud
1287 4418 1537 4481 serenissimum
1571 4416 1746 4480 Sabandiae
1774 4416 1843 4477 du-

187 4513 292 4592 bnjus
305 4514 515 4578 ceremoniae
525 4515 749 4580 institutorem
763 4517 844 4580 iacit
857 4517 990 4581 beatum
1045 4531 1128 4578 cem.
1145 4516 1294 4580 Alterum
1314 4515 1418 4580 edidit
1430 4515 1553 4578 librum
1568 4515 1604 4578 iu
1616 4514 1842 4577 defensionem

189 4611 400 4688 Gregorinm.
429 4611 500 4675 Etsi
527 4628 608 4676 vero
634 4614 748 4691 aperte
771 4630 839 4677 non
860 4615 987 4690 doceat,
1045 4615 1223 4676 sacrarum
1238 4613 1470 4691 imaginum.»

188 4709 347 4786 quisnam
371 4723 391 4772 e
419 4710 579 4774 Romanis
599 4711 817 4774 Pontificibus
837 4713 989 4791 Gregorii
1084 4711 1199 4792 Majoli
1213 4727 1316 4792 opera
1329 4728 1397 4776 uon
1418 4711 1531 4775 omnia
1552 4709 1703 4773 recenset
1716 4708 1843 4786 Ugbel-

188 4807 327 4868 nomine
352 4809 574 4885 nuncupatus,
603 4808 753 4888 ejusdem
781 4795 989 4874 ceremonia
1045 4809 1107 4883 lus,
1133 4825 1241 4887 neque
1256 4825 1318 4886 ego
1337 4807 1530 4882 recensebo,
1546 4807 1636 4870 edita
1656 4806 1745 4869 enim
1764 4805 1843 4868 sunt

189 4919 287 4965 usum
308 4902 491 4974 induxerit,
509 4921 577 4968 non
597 4905 737 4970 obscure
750 4907 862 4969 umen
880 4907 990 4971 innuit
1044 4909 1078 4969 et
1092 4906 1244 4970 omnibus
1266 4908 1355 4970 nota.
1376 4908 1456 4986 liius
1480 4907 1591 4968 autem
1613 4902 1841 4967 Pontificalem

188 4999 389 5078 Gregorium
408 5003 433 5073 Ι,
457 5004 666 5080 cognonento
694 5005 864 5081 Magnum.
894 5007 990 5069 Hunc
1044 5005 1225 5068 Historiam
1233 5020 1299 5067 non
1312 5005 1411 5083 pauci
1420 5003 1607 5067 taciendam
1619 5003 1772 5065 dixerim.
1785 5003 1837 5064 nt-

189 5097 449 5176 enimdumejus
462 5101 643 5163 sententias
654 5101 689 5162 in
700 5101 770 5163 suis
781 5101 990 5164 sermonibus
1044 5103 1133 5164 enim
1149 5102 1227 5165 licet
1246 5118 1286 5166 ea
1300 5103 1546 5175 commemorat,
1569 5117 1643 5180 quae
1662 5100 1842 5177 scriptores

188 5194 304 5268 relert,
320 5211 389 5258 non
403 5195 471 5258 alio
484 5197 777 5276 nomineappellat
790 5198 990 5278 quambeati
1044 5200 1105 5262 elii
1125 5199 1344 5274 tradiderunt,
1370 5201 1467 5279 plura
1489 5203 1602 5263 tamen
1629 5197 1742 5270 reiert,
1767 5213 1841 5275 quae

189 5291 357 5367 Gregorii.
375 5291 497 5364 Quanti
523 5293 634 5356 antem
662 5293 815 5358 iacienda
845 5295 889 5359 sit
917 5296 990 5358 haec
1044 5297 1132 5375 apud
1146 5297 1233 5359 alios
1255 5297 1498 5360 desiderantur.
1521 5297 1597 5359 Non
1615 5310 1721 5374 pauca
1740 5294 1841 5356 etiam

189 5387 331 5451 Honorii
348 5387 469 5452 notitia
483 5390 590 5469 magle
609 5391 734 5469 patebit
747 5408 790 5455 ex
804 5393 989 5457 innumeris
1044 5394 1278 5473 praetermittit,
1301 5409 1375 5474 quae
1405 5393 1492 5472 apud
1513 5393 1590 5454 illos
1616 5390 1838 5471 reperiuntur,

190 5501 275 5561 pene
287 5486 487 5564 scriptorum
507 5489 650 5566 placitis,
667 5506 741 5568 quae
758 5491 799 5553 de
816 5494 913 5555 Rosea
925 5507 989 5554 au·
1044 5492 1102 5554 sed
1116 5493 1150 5554 id
1163 5493 1222 5556 ant
1230 5493 1371 5572 penuria
1383 5492 1672 5554 monumentorum
1685 5490 1744 5554 aut
1760 5505 1842 5552 con-

189 5597 259 5644 reae
277 5583 471 5648 institutore
490 5585 675 5661 ediderunt,
696 5604 836 5669 quaeque
855 5590 991 5668 collegit
1045 5591 1131 5654 sulto
1146 5590 1266 5654 iecisse
1276 5589 1435 5654 dicendus
1445 5591 1506 5653 est.
1519 5592 1744 5654 Romanorum
1752 5589 1842 5650 Pon-

229 5775 269 5855 (i)
282 5785 349 5844 lici.
360 5786 423 5845 sac.
437 5787 511 5847 inter
525 5787 677 5863 episcopos
693 5789 928 5854 tluliureriensee.
