<?xml version="1.0" encoding="UTF-8"?>
<!DOCTYPE html PUBLIC "-//W3C//DTD XHTML 1.0 Transitional//EN"
    "http://www.w3.org/TR/xhtml1/DTD/xhtml1-transitional.dtd">
<html xmlns="http://www.w3.org/1999/xhtml" xml:lang="en" lang="en">
 <head>
  <title>
</title>
<meta http-equiv="Content-Type" content="text/html;charset=utf-8" />
  <meta name='ocr-system' content='tesseract 3.04.00' />
  <meta name='ocr-capabilities' content='ocr_page ocr_carea ocr_par ocr_line ocrx_word'/>
</head>
<body>
  <div class='ocr_page' id='page_1' title='image "./mediiaevibiblio01unkngoog_0295.png"; bbox 0 0 3986 6304; ppageno 0'>
   <div class='ocr_carea' id='block_1_1' title="bbox 262 325 1292 395">
    <p class='ocr_par' dir='ltr' id='par_1_1' title="bbox 262 325 1292 395">
     <span class='ocr_line' id='line_1_1' title="bbox 262 325 1292 395; baseline 0.005 -8"><span class='ocrx_word' id='word_1_1' title='bbox 262 328 315 388; x_wconf 90' lang='lat'>111</span> <span class='ocrx_word' id='word_1_2' title='bbox 880 325 1056 394; x_wconf 82' lang='lat' dir='ltr'>HONORII</span> <span class='ocrx_word' id='word_1_3' title='bbox 1077 331 1121 394; x_wconf 91' lang='grc' dir='ltr'>ΙΙΙ</span> <span class='ocrx_word' id='word_1_4' title='bbox 1144 331 1292 395; x_wconf 77' lang='lat' dir='ltr'>OPERA.</span> 
     </span>
    </p>
   </div>
   <div class='ocr_carea' id='block_1_2' title="bbox 204 486 1060 1932">
    <p class='ocr_par' dir='ltr' id='par_1_2' title="bbox 204 486 1060 1932">
     <span class='ocr_line' id='line_1_2' title="bbox 302 486 1057 567; baseline 0.005 -19"><span class='ocrx_word' id='word_1_5' title='bbox 302 488 408 558; x_wconf 87' lang='lat' dir='ltr'>Quum</span> <span class='ocrx_word' id='word_1_6' title='bbox 420 486 549 548; x_wconf 91' lang='lat' dir='ltr'>dicatur</span> <span class='ocrx_word' id='word_1_7' title='bbox 561 486 900 565; x_wconf 87' lang='lat' dir='ltr'>nohisaDominoper</span> <span class='ocrx_word' id='word_1_8' title='bbox 912 489 1057 567; x_wconf 88' lang='lat' dir='ltr'>prophe-</span> 
     </span>
     <span class='ocr_line' id='line_1_3' title="bbox 262 585 1057 660; baseline 0.005 -14"><span class='ocrx_word' id='word_1_9' title='bbox 262 585 341 657; x_wconf 84' lang='lat' dir='ltr'>tam,</span> <span class='ocrx_word' id='word_1_10' title='bbox 363 587 489 657; x_wconf 72' lang='lat' dir='ltr'>Omnia,</span> <span class='ocrx_word' id='word_1_11' title='bbox 512 601 555 648; x_wconf 82' lang='lat' dir='ltr'>ne</span> <span class='ocrx_word' id='word_1_12' title='bbox 576 601 698 659; x_wconf 80' lang='lat' dir='ltr'>cesses,</span> <span class='ocrx_word' id='word_1_13' title='bbox 724 590 824 660; x_wconf 82' lang='lat' dir='ltr'>quusi</span> <span class='ocrx_word' id='word_1_14' title='bbox 841 587 920 649; x_wconf 75' lang='lat' dir='ltr'>tileo</span> <span class='ocrx_word' id='word_1_15' title='bbox 939 589 1057 650; x_wconf 70' lang='lat' dir='ltr'>exeita</span> 
     </span>
     <span class='ocr_line' id='line_1_4' title="bbox 263 683 1057 764; baseline 0.008 -23"><span class='ocrx_word' id='word_1_16' title='bbox 263 685 300 742; x_wconf 84' lang='lat' dir='ltr'>iu</span> <span class='ocrx_word' id='word_1_17' title='bbox 327 683 530 756; x_wconf 76' lang='lat' dir='ltr'>fortitudine</span> <span class='ocrx_word' id='word_1_18' title='bbox 569 699 685 746; x_wconf 80' lang='lat' dir='ltr'>uocem</span> <span class='ocrx_word' id='word_1_19' title='bbox 718 685 815 745; x_wconf 83' lang='lat' dir='ltr'>tuom</span> <span class='ocrx_word' id='word_1_20' title='bbox 851 683 909 764; x_wconf 89' lang='lat' dir='ltr'>(l),</span> <span class='ocrx_word' id='word_1_21' title='bbox 946 688 1057 748; x_wconf 91' lang='lat' dir='ltr'>tacere</span> 
     </span>
     <span class='ocr_line' id='line_1_5' title="bbox 263 780 1057 860; baseline 0.005 -20"><span class='ocrx_word' id='word_1_22' title='bbox 263 780 380 840; x_wconf 88' lang='lat' dir='ltr'>amodo</span> <span class='ocrx_word' id='word_1_23' title='bbox 393 797 460 842; x_wconf 92' lang='lat' dir='ltr'>non</span> <span class='ocrx_word' id='word_1_24' title='bbox 479 781 646 854; x_wconf 72' lang='lat' dir='ltr'>debemus</span> <span class='ocrx_word' id='word_1_25' title='bbox 671 784 707 846; x_wconf 89' lang='lat' dir='ltr'>ut</span> <span class='ocrx_word' id='word_1_26' title='bbox 730 783 771 844; x_wconf 90' lang='lat' dir='ltr'>ad</span> <span class='ocrx_word' id='word_1_27' title='bbox 793 783 909 860; x_wconf 87' lang='lat' dir='ltr'>praelia</span> <span class='ocrx_word' id='word_1_28' title='bbox 926 784 1057 846; x_wconf 85' lang='lat' dir='ltr'>Domini</span> 
     </span>
     <span class='ocr_line' id='line_1_6' title="bbox 262 875 1055 958; baseline 0.008 -22"><span class='ocrx_word' id='word_1_29' title='bbox 262 875 444 954; x_wconf 83' lang='lat' dir='ltr'>praelianda</span> <span class='ocrx_word' id='word_1_30' title='bbox 461 879 660 941; x_wconf 87' lang='lat' dir='ltr'>christianos</span> <span class='ocrx_word' id='word_1_31' title='bbox 672 880 793 942; x_wconf 79' lang='lat' dir='ltr'>milites</span> <span class='ocrx_word' id='word_1_32' title='bbox 804 881 1055 958; x_wconf 81' lang='lat' dir='ltr'>compellamus3</span> 
     </span>
     <span class='ocr_line' id='line_1_7' title="bbox 262 977 1058 1056; baseline 0.008 -22"><span class='ocrx_word' id='word_1_33' title='bbox 262 989 339 1035; x_wconf 92' lang='lat' dir='ltr'>nam</span> <span class='ocrx_word' id='word_1_34' title='bbox 351 992 454 1052; x_wconf 87' lang='lat' dir='ltr'>prope</span> <span class='ocrx_word' id='word_1_35' title='bbox 467 977 517 1038; x_wconf 89' lang='lat' dir='ltr'>est</span> <span class='ocrx_word' id='word_1_36' title='bbox 533 979 568 1038; x_wconf 88' lang='lat' dir='ltr'>nt</span> <span class='ocrx_word' id='word_1_37' title='bbox 582 977 694 1038; x_wconf 81' lang='lat' dir='ltr'>veniat</span> <span class='ocrx_word' id='word_1_38' title='bbox 708 978 837 1054; x_wconf 89' lang='lat' dir='ltr'>tempus</span> <span class='ocrx_word' id='word_1_39' title='bbox 847 993 978 1055; x_wconf 87' lang='lat' dir='ltr'>pugnae,</span> <span class='ocrx_word' id='word_1_40' title='bbox 992 995 1058 1056; x_wconf 91' lang='lat' dir='ltr'>quo</span> 
     </span>
     <span class='ocr_line' id='line_1_8' title="bbox 263 1075 1056 1140; baseline 0.005 -6"><span class='ocrx_word' id='word_1_41' title='bbox 263 1075 463 1136; x_wconf 83' lang='lat' dir='ltr'>Rexnoster</span> <span class='ocrx_word' id='word_1_42' title='bbox 481 1075 613 1136; x_wconf 87' lang='lat' dir='ltr'>divinus</span> <span class='ocrx_word' id='word_1_43' title='bbox 637 1076 832 1137; x_wconf 87' lang='lat' dir='ltr'>Dominator</span> <span class='ocrx_word' id='word_1_44' title='bbox 857 1093 925 1138; x_wconf 67' lang='lat' dir='ltr'>suae</span> <span class='ocrx_word' id='word_1_45' title='bbox 948 1077 1056 1140; x_wconf 91' lang='lat' dir='ltr'>crucis</span> 
     </span>
     <span class='ocr_line' id='line_1_9' title="bbox 204 1170 1058 1250; baseline 0.005 -20"><span class='ocrx_word' id='word_1_46' title='bbox 204 1187 208 1198; x_wconf 94' lang='lat'>·</span> <span class='ocrx_word' id='word_1_47' title='bbox 261 1170 422 1231; x_wconf 80' lang='lat' dir='ltr'>vexillum</span> <span class='ocrx_word' id='word_1_48' title='bbox 437 1171 589 1248; x_wconf 81' lang='lat' dir='ltr'>explicet,</span> <span class='ocrx_word' id='word_1_49' title='bbox 606 1173 652 1245; x_wconf 91' lang='lat' dir='ltr'>ut,</span> <span class='ocrx_word' id='word_1_50' title='bbox 670 1189 730 1234; x_wconf 89' lang='lat' dir='ltr'>suo</span> <span class='ocrx_word' id='word_1_51' title='bbox 747 1175 945 1250; x_wconf 85' lang='lat' dir='ltr'>congregato</span> <span class='ocrx_word' id='word_1_52' title='bbox 958 1188 1058 1236; x_wconf 87' lang='lat' dir='ltr'>exer-</span> 
     </span>
     <span class='ocr_line' id='line_1_10' title="bbox 263 1267 1058 1343; baseline 0.004 -15"><span class='ocrx_word' id='word_1_53' title='bbox 263 1267 330 1328; x_wconf 90' lang='lat' dir='ltr'>citu</span> <span class='ocrx_word' id='word_1_54' title='bbox 343 1269 378 1328; x_wconf 91' lang='lat' dir='ltr'>in</span> <span class='ocrx_word' id='word_1_55' title='bbox 391 1285 492 1329; x_wconf 92' lang='lat' dir='ltr'>manu</span> <span class='ocrx_word' id='word_1_56' title='bbox 505 1270 581 1331; x_wconf 89' lang='lat' dir='ltr'>l&#39;orti</span> <span class='ocrx_word' id='word_1_57' title='bbox 596 1271 629 1332; x_wconf 91' lang='lat' dir='ltr'>et</span> <span class='ocrx_word' id='word_1_58' title='bbox 645 1272 779 1332; x_wconf 88' lang='lat' dir='ltr'>extento</span> <span class='ocrx_word' id='word_1_59' title='bbox 794 1271 942 1343; x_wconf 88' lang='lat' dir='ltr'>brachio,</span> <span class='ocrx_word' id='word_1_60' title='bbox 959 1271 1058 1332; x_wconf 93' lang='lat' dir='ltr'>dimi-</span> 
     </span>
     <span class='ocr_line' id='line_1_11' title="bbox 263 1368 1057 1432; baseline 0.006 -7"><span class='ocrx_word' id='word_1_61' title='bbox 263 1369 315 1428; x_wconf 90' lang='lat' dir='ltr'>cet</span> <span class='ocrx_word' id='word_1_62' title='bbox 334 1369 450 1428; x_wconf 90' lang='lat' dir='ltr'>contra</span> <span class='ocrx_word' id='word_1_63' title='bbox 474 1368 585 1430; x_wconf 87' lang='lat' dir='ltr'>hostes</span> <span class='ocrx_word' id='word_1_64' title='bbox 607 1369 648 1429; x_wconf 89' lang='lat' dir='ltr'>ad</span> <span class='ocrx_word' id='word_1_65' title='bbox 670 1369 855 1431; x_wconf 90' lang='lat' dir='ltr'>faciendam</span> <span class='ocrx_word' id='word_1_66' title='bbox 878 1369 1057 1432; x_wconf 74' lang='lat' dir='ltr'>uindictam</span> 
     </span>
     <span class='ocr_line' id='line_1_12' title="bbox 264 1463 1057 1545; baseline 0.008 -23"><span class='ocrx_word' id='word_1_67' title='bbox 264 1463 298 1523; x_wconf 92' lang='lat' dir='ltr'>iu</span> <span class='ocrx_word' id='word_1_68' title='bbox 309 1464 785 1543; x_wconf 88' lang='lat' dir='ltr'>nationibusblasphemorum‚</span> <span class='ocrx_word' id='word_1_69' title='bbox 803 1468 858 1545; x_wconf 90' lang='lat' dir='ltr'>qui</span> <span class='ocrx_word' id='word_1_70' title='bbox 873 1468 1057 1531; x_wconf 83' lang='lat' dir='ltr'>Jerusalem</span> 
     </span>
     <span class='ocr_line' id='line_1_13' title="bbox 263 1563 1058 1643; baseline 0.008 -23"><span class='ocrx_word' id='word_1_71' title='bbox 263 1563 409 1624; x_wconf 89' lang='lat' dir='ltr'>nostram</span> <span class='ocrx_word' id='word_1_72' title='bbox 424 1563 581 1642; x_wconf 78' lang='lat' dir='ltr'>inclytam</span> <span class='ocrx_word' id='word_1_73' title='bbox 594 1566 761 1628; x_wconf 87' lang='lat' dir='ltr'>civitatem</span> <span class='ocrx_word' id='word_1_74' title='bbox 776 1567 811 1626; x_wconf 93' lang='lat' dir='ltr'>in</span> <span class='ocrx_word' id='word_1_75' title='bbox 827 1567 939 1643; x_wconf 91' lang='lat' dir='ltr'>populi</span> <span class='ocrx_word' id='word_1_76' title='bbox 953 1566 1058 1627; x_wconf 86' lang='lat' dir='ltr'>chris·</span> 
     </span>
     <span class='ocr_line' id='line_1_14' title="bbox 264 1660 1058 1742; baseline 0.006 -21"><span class='ocrx_word' id='word_1_77' title='bbox 264 1660 347 1721; x_wconf 91' lang='lat' dir='ltr'>tiani</span> <span class='ocrx_word' id='word_1_78' title='bbox 363 1661 574 1738; x_wconf 88' lang='lat' dir='ltr'>opprobrium</span> <span class='ocrx_word' id='word_1_79' title='bbox 599 1681 658 1726; x_wconf 89' lang='lat' dir='ltr'>sna</span> <span class='ocrx_word' id='word_1_80' title='bbox 681 1680 717 1726; x_wconf 90' lang='lat' dir='ltr'>se</span> <span class='ocrx_word' id='word_1_81' title='bbox 734 1665 890 1742; x_wconf 89' lang='lat' dir='ltr'>jactitant</span> <span class='ocrx_word' id='word_1_82' title='bbox 910 1665 1058 1727; x_wconf 88' lang='lat' dir='ltr'>detinere</span> 
     </span>
     <span class='ocr_line' id='line_1_15' title="bbox 264 1757 1058 1840; baseline 0.005 -22"><span class='ocrx_word' id='word_1_83' title='bbox 264 1757 457 1821; x_wconf 87' lang='lat' dir='ltr'>fortitudine</span> <span class='ocrx_word' id='word_1_84' title='bbox 472 1763 676 1838; x_wconf 80' lang='lat' dir='ltr'>occupatam.</span> <span class='ocrx_word' id='word_1_85' title='bbox 695 1763 851 1824; x_wconf 87' lang='lat' dir='ltr'>Videntes</span> <span class='ocrx_word' id='word_1_86' title='bbox 871 1764 982 1840; x_wconf 87' lang='lat' dir='ltr'>itaque</span> <span class='ocrx_word' id='word_1_87' title='bbox 1000 1763 1058 1824; x_wconf 82' lang='lat' dir='ltr'>liei</span> 
     </span>
     <span class='ocr_line' id='line_1_16' title="bbox 265 1857 1060 1932; baseline 0.006 -15"><span class='ocrx_word' id='word_1_88' title='bbox 265 1857 445 1932; x_wconf 91' lang='lat' dir='ltr'>potentiam</span> <span class='ocrx_word' id='word_1_89' title='bbox 468 1859 648 1932; x_wconf 75' lang='lat' dir='ltr'>uenientiS,</span> <span class='ocrx_word' id='word_1_90' title='bbox 672 1876 786 1923; x_wconf 84' lang='lat' dir='ltr'>vocem</span> <span class='ocrx_word' id='word_1_91' title='bbox 811 1861 1002 1922; x_wconf 74' lang='lat' dir='ltr'>extollimus</span> <span class='ocrx_word' id='word_1_92' title='bbox 1027 1863 1060 1923; x_wconf 89' lang='lat' dir='ltr'>et</span> 
     </span>
    </p>
   </div>
   <div class='ocr_carea' id='block_1_3' title="bbox 1424 498 1597 588">
    <p class='ocr_par' dir='ltr' id='par_1_3' title="bbox 1424 498 1597 588">
     <span class='ocr_line' id='line_1_17' title="bbox 1424 498 1597 588; baseline 0.012 -2"><span class='ocrx_word' id='word_1_93' title='bbox 1424 498 1597 588; x_wconf 88' lang='lat' dir='ltr'>LXXXV</span> 
     </span>
    </p>
   </div>
   <div class='ocr_carea' id='block_1_4' title="bbox 1172 706 1829 867">
    <p class='ocr_par' dir='ltr' id='par_1_4' title="bbox 1172 706 1829 867">
     <span class='ocr_line' id='line_1_18' title="bbox 1172 706 1829 772; baseline 0.008 -8"><span class='ocrx_word' id='word_1_94' title='bbox 1172 707 1224 764; x_wconf 84' lang='lat' dir='ltr'>Ad</span> <span class='ocrx_word' id='word_1_95' title='bbox 1239 706 1499 768; x_wconf 75' lang='lat' dir='ltr'>cisterciensem</span> <span class='ocrx_word' id='word_1_96' title='bbox 1515 707 1548 768; x_wconf 86' lang='lat' dir='ltr'>et</span> <span class='ocrx_word' id='word_1_97' title='bbox 1564 709 1829 772; x_wconf 75' lang='lat' dir='ltr'>clarevallensem</span> 
     </span>
     <span class='ocr_line' id='line_1_19' title="bbox 1433 806 1580 867; baseline 0 -1"><span class='ocrx_word' id='word_1_98' title='bbox 1433 806 1580 867; x_wconf 78' lang='lat' dir='ltr'>abicies.</span> 
     </span>
    </p>
   </div>
   <div class='ocr_carea' id='block_1_5' title="bbox 1413 918 1602 978">
    <p class='ocr_par' dir='ltr' id='par_1_5' title="bbox 1413 918 1602 978">
     <span class='ocr_line' id='line_1_20' title="bbox 1413 918 1602 978; baseline 0 -2"><span class='ocrx_word' id='word_1_99' title='bbox 1413 918 1507 976; x_wconf 78' lang='lat' dir='ltr'>occe.</span> <span class='ocrx_word' id='word_1_100' title='bbox 1525 919 1602 978; x_wconf 71' lang='lat' dir='ltr'>filo.</span> 
     </span>
    </p>
   </div>
   <div class='ocr_carea' id='block_1_6' title="bbox 1160 1039 1845 1190">
    <p class='ocr_par' dir='ltr' id='par_1_6' title="bbox 1160 1039 1845 1190">
     <span class='ocr_line' id='line_1_21' title="bbox 1160 1039 1845 1108; baseline 0.007 -17"><span class='ocrx_word' id='word_1_101' title='bbox 1160 1041 1268 1105; x_wconf 83' lang='lat' dir='ltr'>[Regest.</span> <span class='ocrx_word' id='word_1_102' title='bbox 1284 1039 1328 1092; x_wconf 91' lang='lat' dir='ltr'>lib.</span> <span class='ocrx_word' id='word_1_103' title='bbox 1341 1041 1361 1100; x_wconf 93' lang='lat' dir='ltr'>l,</span> <span class='ocrx_word' id='word_1_104' title='bbox 1379 1041 1453 1106; x_wconf 84' lang='lat' dir='ltr'>epist.</span> <span class='ocrx_word' id='word_1_105' title='bbox 1466 1043 1507 1095; x_wconf 82' lang='lat'>8³.</span> <span class='ocrx_word' id='word_1_106' title='bbox 1517 1069 1548 1081; x_wconf 95' lang='lat'>—</span> <span class='ocrx_word' id='word_1_107' title='bbox 1560 1045 1685 1108; x_wconf 89' lang='lat' dir='ltr'>Bouquet,</span> <span class='ocrx_word' id='word_1_108' title='bbox 1701 1045 1799 1097; x_wconf 84' lang='lat' dir='ltr'>liocueil</span> <span class='ocrx_word' id='word_1_109' title='bbox 1808 1047 1845 1097; x_wconf 83' lang='lat' dir='ltr'>des</span> 
     </span>
     <span class='ocr_line' id='line_1_22' title="bbox 1321 1121 1696 1190; baseline 0.008 -19"><span class='ocrx_word' id='word_1_110' title='bbox 1321 1121 1467 1182; x_wconf 81' lang='lat' dir='ltr'>historiens,</span> <span class='ocrx_word' id='word_1_111' title='bbox 1482 1128 1501 1172; x_wconf 87' lang='lat' dir='ltr'>t.</span> <span class='ocrx_word' id='word_1_112' title='bbox 1513 1123 1579 1186; x_wconf 88' lang='lat' dir='ltr'>XtX,</span> <span class='ocrx_word' id='word_1_113' title='bbox 1591 1139 1616 1189; x_wconf 92' lang='lat' dir='ltr'>p.</span> <span class='ocrx_word' id='word_1_114' title='bbox 1630 1125 1696 1190; x_wconf 63' lang='lat' dir='ltr'>olo}</span> 
     </span>
    </p>
   </div>
   <div class='ocr_carea' id='block_1_7' title="bbox 1112 1273 1974 1446">
    <p class='ocr_par' dir='ltr' id='par_1_7' title="bbox 1112 1273 1974 1446">
     <span class='ocr_line' id='line_1_23' title="bbox 1112 1273 1884 1351; baseline 0.001 -18"><span class='ocrx_word' id='word_1_115' title='bbox 1112 1273 1228 1333; x_wconf 85' lang='lat' dir='ltr'>llandat</span> <span class='ocrx_word' id='word_1_116' title='bbox 1244 1273 1373 1332; x_wconf 78' lang='lat' dir='ltr'>Pontifex</span> <span class='ocrx_word' id='word_1_117' title='bbox 1392 1281 1424 1332; x_wconf 86' lang='lat' dir='ltr'>nt</span> <span class='ocrx_word' id='word_1_118' title='bbox 1440 1273 1600 1350; x_wconf 88' lang='lat' dir='ltr'>Philippum</span> <span class='ocrx_word' id='word_1_119' title='bbox 1615 1291 1714 1351; x_wconf 84' lang='lat' dir='ltr'>regem</span> <span class='ocrx_word' id='word_1_120' title='bbox 1729 1277 1824 1336; x_wconf 84' lang='lat' dir='ltr'>adeant</span> <span class='ocrx_word' id='word_1_121' title='bbox 1843 1279 1884 1348; x_wconf 90' lang='lat' dir='ltr'>illi,</span> 
     </span>
     <span class='ocr_line' id='line_1_24' title="bbox 1148 1365 1974 1446; baseline 0.006 -26"><span class='ocrx_word' id='word_1_122' title='bbox 1148 1371 1340 1436; x_wconf 84' lang='lat' dir='ltr'>moneantque</span> <span class='ocrx_word' id='word_1_123' title='bbox 1361 1365 1425 1422; x_wconf 82' lang='lat' dir='ltr'>vice</span> <span class='ocrx_word' id='word_1_124' title='bbox 1444 1379 1495 1422; x_wconf 85' lang='lat' dir='ltr'>sna</span> <span class='ocrx_word' id='word_1_125' title='bbox 1510 1373 1541 1424; x_wconf 88' lang='lat' dir='ltr'>ut</span> <span class='ocrx_word' id='word_1_126' title='bbox 1566 1365 1613 1423; x_wconf 85' lang='lat' dir='ltr'>ille</span> <span class='ocrx_word' id='word_1_127' title='bbox 1634 1366 1773 1425; x_wconf 87' lang='lat' dir='ltr'>condonet</span> <span class='ocrx_word' id='word_1_128' title='bbox 1790 1367 1886 1440; x_wconf 87' lang='lat' dir='ltr'>pupillis</span> <span class='ocrx_word' id='word_1_129' title='bbox 1973 1425 1974 1446; x_wconf 14' lang='grc' dir='ltr'>χ</span> 
     </span>
    </p>
   </div>
   <div class='ocr_carea' id='block_1_8' title="bbox 1148 1451 1887 1708">
    <p class='ocr_par' dir='ltr' id='par_1_8' title="bbox 1148 1451 1887 1708">
     <span class='ocr_line' id='line_1_25' title="bbox 1148 1451 1885 1528; baseline 0.004 -19"><span class='ocrx_word' id='word_1_130' title='bbox 1148 1451 1213 1510; x_wconf 86' lang='lat' dir='ltr'>liliis</span> <span class='ocrx_word' id='word_1_131' title='bbox 1227 1453 1339 1526; x_wconf 70' lang='lat' dir='ltr'>angliae</span> <span class='ocrx_word' id='word_1_132' title='bbox 1360 1453 1437 1526; x_wconf 79' lang='lat' dir='ltr'>regis</span> <span class='ocrx_word' id='word_1_133' title='bbox 1453 1454 1554 1512; x_wconf 85' lang='lat' dir='ltr'>delicta</span> <span class='ocrx_word' id='word_1_134' title='bbox 1582 1457 1680 1528; x_wconf 85' lang='lat' dir='ltr'>petris,</span> <span class='ocrx_word' id='word_1_135' title='bbox 1700 1463 1783 1528; x_wconf 71' lang='lat' dir='ltr'>uque</span> <span class='ocrx_word' id='word_1_136' title='bbox 1806 1455 1885 1514; x_wconf 85' lang='lat' dir='ltr'>Ludo·</span> 
     </span>
     <span class='ocr_line' id='line_1_26' title="bbox 1148 1541 1887 1617; baseline 0.003 -19"><span class='ocrx_word' id='word_1_137' title='bbox 1148 1545 1229 1599; x_wconf 86' lang='lat' dir='ltr'>vicus</span> <span class='ocrx_word' id='word_1_138' title='bbox 1241 1541 1315 1600; x_wconf 82' lang='lat' dir='ltr'>filius</span> <span class='ocrx_word' id='word_1_139' title='bbox 1330 1542 1393 1616; x_wconf 74' lang='lat' dir='ltr'>eius</span> <span class='ocrx_word' id='word_1_140' title='bbox 1404 1551 1497 1602; x_wconf 86' lang='lat' dir='ltr'>cesset</span> <span class='ocrx_word' id='word_1_141' title='bbox 1512 1543 1547 1601; x_wconf 86' lang='lat' dir='ltr'>ab</span> <span class='ocrx_word' id='word_1_142' title='bbox 1562 1545 1709 1603; x_wconf 85' lang='lat' dir='ltr'>inl&#39;erendo</span> <span class='ocrx_word' id='word_1_143' title='bbox 1731 1546 1797 1617; x_wconf 87' lang='lat' dir='ltr'>ipsis</span> <span class='ocrx_word' id='word_1_144' title='bbox 1814 1544 1887 1614; x_wconf 84' lang='lat' dir='ltr'>bello,</span> 
     </span>
     <span class='ocr_line' id='line_1_27' title="bbox 1149 1632 1887 1708; baseline 0.004 -21"><span class='ocrx_word' id='word_1_145' title='bbox 1149 1646 1186 1687; x_wconf 87' lang='lat' dir='ltr'>ne</span> <span class='ocrx_word' id='word_1_146' title='bbox 1200 1645 1302 1689; x_wconf 79' lang='lat' dir='ltr'>mantis</span> <span class='ocrx_word' id='word_1_147' title='bbox 1317 1646 1384 1690; x_wconf 88' lang='lat' dir='ltr'>suas</span> <span class='ocrx_word' id='word_1_148' title='bbox 1399 1632 1428 1690; x_wconf 93' lang='lat' dir='ltr'>in</span> <span class='ocrx_word' id='word_1_149' title='bbox 1449 1634 1542 1706; x_wconf 84' lang='lat' dir='ltr'>ipsum</span> <span class='ocrx_word' id='word_1_150' title='bbox 1569 1649 1692 1708; x_wconf 86' lang='lat' dir='ltr'>gravare</span> <span class='ocrx_word' id='word_1_151' title='bbox 1710 1641 1824 1708; x_wconf 85' lang='lat' dir='ltr'>cogatur</span> <span class='ocrx_word' id='word_1_152' title='bbox 1838 1636 1887 1692; x_wconf 89' lang='lat' dir='ltr'>llo·</span> 
     </span>
    </p>
   </div>
   <div class='ocr_carea' id='block_1_9' title="bbox 1073 1719 1256 1777">
    <p class='ocr_par' dir='ltr' id='par_1_9' title="bbox 1073 1719 1256 1777">
     <span class='ocr_line' id='line_1_28' title="bbox 1073 1719 1256 1777; baseline 0 -1"><span class='ocrx_word' id='word_1_153' title='bbox 1073 1753 1076 1758; x_wconf 91' lang='lat'>·</span> <span class='ocrx_word' id='word_1_154' title='bbox 1150 1719 1256 1777; x_wconf 87' lang='lat' dir='ltr'>uerius.</span> 
     </span>
    </p>
   </div>
   <div class='ocr_carea' id='block_1_10' title="bbox 1154 1857 1892 1936">
    <p class='ocr_par' dir='ltr' id='par_1_10' title="bbox 1154 1857 1892 1936">
     <span class='ocr_line' id='line_1_29' title="bbox 1154 1857 1892 1936; baseline 0.005 -20"><span class='ocrx_word' id='word_1_155' title='bbox 1154 1857 1320 1918; x_wconf 89' lang='lat' dir='ltr'>Honorius</span> <span class='ocrx_word' id='word_1_156' title='bbox 1335 1859 1510 1936; x_wconf 88' lang='lat' dir='ltr'>episcopus</span> <span class='ocrx_word' id='word_1_157' title='bbox 1513 1901 1585 1932; x_wconf 88' lang='lat'>......</span> <span class='ocrx_word' id='word_1_158' title='bbox 1608 1860 1738 1922; x_wconf 89' lang='lat' dir='ltr'>dilectis</span> <span class='ocrx_word' id='word_1_159' title='bbox 1749 1860 1821 1921; x_wconf 85' lang='lat' dir='ltr'>filiis</span> <span class='ocrx_word' id='word_1_160' title='bbox 1835 1859 1892 1920; x_wconf 89' lang='lat' dir='ltr'>Cis·</span> 
     </span>
    </p>
   </div>
   <div class='ocr_carea' id='block_1_11' title="bbox 184 1953 1974 5452">
    <p class='ocr_par' dir='ltr' id='par_1_11' title="bbox 184 1953 1974 5452">
     <span class='ocr_line' id='line_1_30' title="bbox 266 1953 1891 2038; baseline 0.002 -24"><span class='ocrx_word' id='word_1_161' title='bbox 266 1954 448 2017; x_wconf 89' lang='lat' dir='ltr'>clamamus</span> <span class='ocrx_word' id='word_1_162' title='bbox 462 1958 497 2018; x_wconf 92' lang='lat' dir='ltr'>ut</span> <span class='ocrx_word' id='word_1_163' title='bbox 509 1957 616 2018; x_wconf 88' lang='lat' dir='ltr'>eidem</span> <span class='ocrx_word' id='word_1_164' title='bbox 627 1958 757 2018; x_wconf 83' lang='lat' dir='ltr'>obuiam</span> <span class='ocrx_word' id='word_1_165' title='bbox 773 1959 970 2034; x_wconf 87' lang='lat' dir='ltr'>occurratis;</span> <span class='ocrx_word' id='word_1_166' title='bbox 983 1974 1060 2036; x_wconf 90' lang='lat' dir='ltr'>quo·</span> <span class='ocrx_word' id='word_1_167' title='bbox 1114 1955 1271 2016; x_wconf 89' lang='lat' dir='ltr'>terciensi</span> <span class='ocrx_word' id='word_1_168' title='bbox 1291 1953 1338 2035; x_wconf 82' lang='lat' dir='ltr'>(l)</span> <span class='ocrx_word' id='word_1_169' title='bbox 1354 1958 1387 2017; x_wconf 91' lang='lat' dir='ltr'>et</span> <span class='ocrx_word' id='word_1_170' title='bbox 1408 1957 1644 2018; x_wconf 84' lang='lat' dir='ltr'>Glarerallensi</span> <span class='ocrx_word' id='word_1_171' title='bbox 1673 1957 1719 2038; x_wconf 81' lang='lat'>(2)</span> <span class='ocrx_word' id='word_1_172' title='bbox 1736 1957 1891 2020; x_wconf 87' lang='lat' dir='ltr'>abbatibus</span> 
     </span>
     <span class='ocr_line' id='line_1_31' title="bbox 265 2051 1344 2133; baseline 0 -21"><span class='ocrx_word' id='word_1_173' title='bbox 265 2053 368 2123; x_wconf 90' lang='lat' dir='ltr'>niam,</span> <span class='ocrx_word' id='word_1_174' title='bbox 393 2055 455 2115; x_wconf 89' lang='lat' dir='ltr'>etsi</span> <span class='ocrx_word' id='word_1_175' title='bbox 469 2055 530 2114; x_wconf 84' lang='lat' dir='ltr'>filii</span> <span class='ocrx_word' id='word_1_176' title='bbox 552 2055 655 2116; x_wconf 89' lang='lat' dir='ltr'>alieni</span> <span class='ocrx_word' id='word_1_177' title='bbox 676 2056 717 2116; x_wconf 92' lang='lat' dir='ltr'>ad</span> <span class='ocrx_word' id='word_1_178' title='bbox 730 2056 858 2132; x_wconf 87' lang='lat' dir='ltr'>tempus</span> <span class='ocrx_word' id='word_1_179' title='bbox 881 2073 1060 2133; x_wconf 78' lang='lat' dir='ltr'>occupave-</span> <span class='ocrx_word' id='word_1_180' title='bbox 1115 2051 1266 2124; x_wconf 88' lang='lat' dir='ltr'>salutem,</span> <span class='ocrx_word' id='word_1_181' title='bbox 1282 2055 1344 2114; x_wconf 89' lang='lat' dir='ltr'>etc.</span> 
     </span>
     <span class='ocr_line' id='line_1_32' title="bbox 266 2150 1891 2231; baseline 0.002 -22"><span class='ocrx_word' id='word_1_182' title='bbox 266 2152 334 2211; x_wconf 85' lang='lat' dir='ltr'>rint</span> <span class='ocrx_word' id='word_1_183' title='bbox 355 2154 428 2228; x_wconf 87' lang='lat' dir='ltr'>ejus</span> <span class='ocrx_word' id='word_1_184' title='bbox 453 2167 602 2228; x_wconf 84' lang='lat' dir='ltr'>regnum,</span> <span class='ocrx_word' id='word_1_185' title='bbox 629 2153 837 2228; x_wconf 78' lang='lat' dir='ltr'>exigentibus</span> <span class='ocrx_word' id='word_1_186' title='bbox 860 2154 965 2231; x_wconf 89' lang='lat' dir='ltr'>culpis</span> <span class='ocrx_word' id='word_1_187' title='bbox 987 2169 1060 2215; x_wconf 90' lang='lat' dir='ltr'>nos·</span> <span class='ocrx_word' id='word_1_188' title='bbox 1154 2150 1891 2230; x_wconf 83' lang='lat' dir='ltr'>Etsihactenusprodefensioneregnillngliae,</span> 
     </span>
     <span class='ocr_line' id='line_1_33' title="bbox 265 2247 1895 2329; baseline 0.001 -21"><span class='ocrx_word' id='word_1_189' title='bbox 265 2247 337 2320; x_wconf 87' lang='lat' dir='ltr'>tris,</span> <span class='ocrx_word' id='word_1_190' title='bbox 357 2248 426 2324; x_wconf 91' lang='lat' dir='ltr'>ipse</span> <span class='ocrx_word' id='word_1_191' title='bbox 445 2250 557 2310; x_wconf 88' lang='lat' dir='ltr'>tamen</span> <span class='ocrx_word' id='word_1_192' title='bbox 570 2252 620 2313; x_wconf 92' lang='lat' dir='ltr'>est</span> <span class='ocrx_word' id='word_1_193' title='bbox 633 2251 666 2310; x_wconf 91' lang='lat' dir='ltr'>in</span> <span class='ocrx_word' id='word_1_194' title='bbox 683 2253 783 2312; x_wconf 78' lang='lat' dir='ltr'>lsrael</span> <span class='ocrx_word' id='word_1_195' title='bbox 806 2253 926 2329; x_wconf 91' lang='lat' dir='ltr'>populo</span> <span class='ocrx_word' id='word_1_196' title='bbox 938 2267 1061 2328; x_wconf 88' lang='lat' dir='ltr'>regna·</span> <span class='ocrx_word' id='word_1_197' title='bbox 1115 2248 1226 2325; x_wconf 89' lang='lat' dir='ltr'>utpote</span> <span class='ocrx_word' id='word_1_198' title='bbox 1240 2247 1281 2309; x_wconf 89' lang='lat' dir='ltr'>ad</span> <span class='ocrx_word' id='word_1_199' title='bbox 1301 2251 1358 2326; x_wconf 87' lang='lat' dir='ltr'>jus</span> <span class='ocrx_word' id='word_1_200' title='bbox 1380 2252 1411 2311; x_wconf 88' lang='lat' dir='ltr'>et</span> <span class='ocrx_word' id='word_1_201' title='bbox 1426 2250 1660 2328; x_wconf 79' lang='lat' dir='ltr'>proprietatem</span> <span class='ocrx_word' id='word_1_202' title='bbox 1688 2251 1779 2312; x_wconf 88' lang='lat' dir='ltr'>Sedis</span> <span class='ocrx_word' id='word_1_203' title='bbox 1801 2255 1895 2326; x_wconf 86' lang='lat' dir='ltr'>Apos-</span> 
     </span>
     <span class='ocr_line' id='line_1_34' title="bbox 265 2346 1895 2426; baseline 0.001 -21"><span class='ocrx_word' id='word_1_204' title='bbox 265 2346 370 2414; x_wconf 89' lang='lat' dir='ltr'>turus,</span> <span class='ocrx_word' id='word_1_205' title='bbox 405 2347 461 2423; x_wconf 91' lang='lat' dir='ltr'>qui</span> <span class='ocrx_word' id='word_1_206' title='bbox 494 2349 608 2410; x_wconf 88' lang='lat' dir='ltr'>nostra</span> <span class='ocrx_word' id='word_1_207' title='bbox 641 2349 781 2410; x_wconf 90' lang='lat' dir='ltr'>crimina</span> <span class='ocrx_word' id='word_1_208' title='bbox 814 2350 976 2426; x_wconf 87' lang='lat' dir='ltr'>sanguine</span> <span class='ocrx_word' id='word_1_209' title='bbox 1000 2365 1059 2410; x_wconf 88' lang='lat' dir='ltr'>suo</span> <span class='ocrx_word' id='word_1_210' title='bbox 1114 2346 1223 2408; x_wconf 86' lang='lat' dir='ltr'>tolicee</span> <span class='ocrx_word' id='word_1_211' title='bbox 1251 2347 1458 2423; x_wconf 89' lang='lat' dir='ltr'>pertinentis,</span> <span class='ocrx_word' id='word_1_212' title='bbox 1498 2349 1755 2411; x_wconf 89' lang='lat' dir='ltr'>sollicitudinem</span> <span class='ocrx_word' id='word_1_213' title='bbox 1788 2348 1895 2409; x_wconf 83' lang='lat' dir='ltr'>hahue-</span> 
     </span>
     <span class='ocr_line' id='line_1_35' title="bbox 184 2444 1894 2524; baseline 0 -21"><span class='ocrx_word' id='word_1_214' title='bbox 184 2474 189 2482; x_wconf 94' lang='lat'>·</span> <span class='ocrx_word' id='word_1_215' title='bbox 266 2444 358 2506; x_wconf 80' lang='lat' dir='ltr'>lauit.</span> <span class='ocrx_word' id='word_1_216' title='bbox 382 2445 458 2506; x_wconf 89' lang='lat' dir='ltr'>Fuit</span> <span class='ocrx_word' id='word_1_217' title='bbox 471 2446 559 2506; x_wconf 92' lang='lat' dir='ltr'>enim</span> <span class='ocrx_word' id='word_1_218' title='bbox 580 2445 740 2508; x_wconf 88' lang='lat' dir='ltr'>hactenus</span> <span class='ocrx_word' id='word_1_219' title='bbox 758 2447 974 2524; x_wconf 86' lang='lat' dir='ltr'>dispositione</span> <span class='ocrx_word' id='word_1_220' title='bbox 989 2463 1061 2524; x_wconf 91' lang='lat' dir='ltr'>pro·</span> <span class='ocrx_word' id='word_1_221' title='bbox 1115 2445 1231 2513; x_wconf 90' lang='lat' dir='ltr'>rimus,</span> <span class='ocrx_word' id='word_1_222' title='bbox 1250 2461 1337 2506; x_wconf 77' lang='lat' dir='ltr'>niinc</span> <span class='ocrx_word' id='word_1_223' title='bbox 1352 2447 1463 2506; x_wconf 90' lang='lat' dir='ltr'>tamen</span> <span class='ocrx_word' id='word_1_224' title='bbox 1479 2447 1521 2507; x_wconf 89' lang='lat' dir='ltr'>ad</span> <span class='ocrx_word' id='word_1_225' title='bbox 1542 2447 1575 2506; x_wconf 94' lang='lat' dir='ltr'>id</span> <span class='ocrx_word' id='word_1_226' title='bbox 1597 2447 1770 2510; x_wconf 87' lang='lat' dir='ltr'>intendere</span> <span class='ocrx_word' id='word_1_227' title='bbox 1789 2446 1894 2508; x_wconf 87' lang='lat' dir='ltr'>fortius</span> 
     </span>
     <span class='ocr_line' id='line_1_36' title="bbox 265 2540 1895 2624; baseline 0 -22"><span class='ocrx_word' id='word_1_228' title='bbox 265 2540 342 2602; x_wconf 81' lang='lat' dir='ltr'>uida</span> <span class='ocrx_word' id='word_1_229' title='bbox 369 2542 567 2616; x_wconf 88' lang='lat' dir='ltr'>ordinatum,</span> <span class='ocrx_word' id='word_1_230' title='bbox 596 2547 641 2616; x_wconf 92' lang='lat' dir='ltr'>ut,</span> <span class='ocrx_word' id='word_1_231' title='bbox 672 2545 749 2604; x_wconf 89' lang='lat' dir='ltr'>dum</span> <span class='ocrx_word' id='word_1_232' title='bbox 778 2545 842 2606; x_wconf 88' lang='lat' dir='ltr'>iter</span> <span class='ocrx_word' id='word_1_233' title='bbox 871 2545 1061 2621; x_wconf 86' lang='lat' dir='ltr'>peregrina·</span> <span class='ocrx_word' id='word_1_234' title='bbox 1115 2544 1327 2619; x_wconf 87' lang='lat' dir='ltr'>nosoportet,</span> <span class='ocrx_word' id='word_1_235' title='bbox 1344 2558 1419 2604; x_wconf 89' lang='lat' dir='ltr'>cum</span> <span class='ocrx_word' id='word_1_236' title='bbox 1435 2545 1534 2606; x_wconf 81' lang='lat' dir='ltr'>clarae</span> <span class='ocrx_word' id='word_1_237' title='bbox 1554 2546 1723 2607; x_wconf 87' lang='lat' dir='ltr'>memoriae</span> <span class='ocrx_word' id='word_1_238' title='bbox 1741 2547 1770 2607; x_wconf 87' lang='lat' dir='ltr'>J.</span> <span class='ocrx_word' id='word_1_239' title='bbox 1794 2541 1830 2624; x_wconf 83' lang='grc'>(·)</span> <span class='ocrx_word' id='word_1_240' title='bbox 1844 2557 1895 2602; x_wconf 88' lang='lat' dir='ltr'>rex</span> 
     </span>
     <span class='ocr_line' id='line_1_37' title="bbox 266 2639 1895 2720; baseline -0.001 -21"><span class='ocrx_word' id='word_1_241' title='bbox 266 2640 367 2700; x_wconf 89' lang='lat' dir='ltr'>tionis</span> <span class='ocrx_word' id='word_1_242' title='bbox 391 2641 540 2717; x_wconf 85' lang='lat' dir='ltr'>arripere</span> <span class='ocrx_word' id='word_1_243' title='bbox 564 2643 870 2717; x_wconf 86' lang='lat' dir='ltr'>crucesignatorum</span> <span class='ocrx_word' id='word_1_244' title='bbox 896 2643 1061 2704; x_wconf 88' lang='lat' dir='ltr'>exercitus</span> <span class='ocrx_word' id='word_1_245' title='bbox 1115 2639 1243 2715; x_wconf 83' lang='lat' dir='ltr'>Angliae</span> <span class='ocrx_word' id='word_1_246' title='bbox 1259 2639 1345 2700; x_wconf 84' lang='lat' dir='ltr'>tilios</span> <span class='ocrx_word' id='word_1_247' title='bbox 1358 2657 1435 2701; x_wconf 90' lang='lat' dir='ltr'>suos</span> <span class='ocrx_word' id='word_1_248' title='bbox 1449 2642 1592 2718; x_wconf 92' lang='lat' dir='ltr'>pupillos</span> <span class='ocrx_word' id='word_1_249' title='bbox 1607 2643 1788 2720; x_wconf 88' lang='lat' dir='ltr'>etregnum</span> <span class='ocrx_word' id='word_1_250' title='bbox 1803 2643 1895 2718; x_wconf 91' lang='lat' dir='ltr'>ipsum</span> 
     </span>
     <span class='ocr_line' id='line_1_38' title="bbox 266 2736 1897 2816; baseline 0.001 -19"><span class='ocrx_word' id='word_1_251' title='bbox 266 2737 475 2800; x_wconf 87' lang='lat' dir='ltr'>retardarent</span> <span class='ocrx_word' id='word_1_252' title='bbox 491 2754 604 2810; x_wconf 73' lang='lat' dir='ltr'>naves</span> <span class='ocrx_word' id='word_1_253' title='bbox 627 2755 720 2800; x_wconf 89' lang='lat' dir='ltr'>arma</span> <span class='ocrx_word' id='word_1_254' title='bbox 735 2740 768 2801; x_wconf 90' lang='lat' dir='ltr'>et</span> <span class='ocrx_word' id='word_1_255' title='bbox 790 2737 857 2800; x_wconf 87' lang='lat' dir='ltr'>alia</span> <span class='ocrx_word' id='word_1_256' title='bbox 872 2738 1060 2801; x_wconf 88' lang='lat' dir='ltr'>necessaria</span> <span class='ocrx_word' id='word_1_257' title='bbox 1115 2737 1150 2797; x_wconf 89' lang='lat' dir='ltr'>in</span> <span class='ocrx_word' id='word_1_258' title='bbox 1162 2737 1283 2798; x_wconf 90' lang='lat' dir='ltr'>nostris</span> <span class='ocrx_word' id='word_1_259' title='bbox 1296 2739 1470 2816; x_wconf 86' lang='lat' dir='ltr'>reliquerit</span> <span class='ocrx_word' id='word_1_260' title='bbox 1482 2740 1634 2801; x_wconf 84' lang='lat' dir='ltr'>manibus</span> <span class='ocrx_word' id='word_1_261' title='bbox 1645 2743 1679 2802; x_wconf 92' lang='lat' dir='ltr'>et</span> <span class='ocrx_word' id='word_1_262' title='bbox 1687 2741 1788 2802; x_wconf 88' lang='lat' dir='ltr'>tutela</span> <span class='ocrx_word' id='word_1_263' title='bbox 1802 2757 1809 2794; x_wconf 76' lang='grc' dir='ltr'><strong>ε</strong></span> <span class='ocrx_word' id='word_1_264' title='bbox 1822 2736 1897 2798; x_wconf 87' lang='lat' dir='ltr'>unde</span> 
     </span>
     <span class='ocr_line' id='line_1_39' title="bbox 267 2829 1974 2915; baseline 0.003 -20"><span class='ocrx_word' id='word_1_265' title='bbox 267 2837 483 2912; x_wconf 82' lang='lat' dir='ltr'>pararentur3</span> <span class='ocrx_word' id='word_1_266' title='bbox 501 2835 557 2896; x_wconf 88' lang='lat' dir='ltr'>sed</span> <span class='ocrx_word' id='word_1_267' title='bbox 572 2851 659 2908; x_wconf 87' lang='lat' dir='ltr'>ecce,</span> <span class='ocrx_word' id='word_1_268' title='bbox 675 2837 728 2896; x_wconf 82' lang='lat' dir='ltr'>llis</span> <span class='ocrx_word' id='word_1_269' title='bbox 743 2837 895 2898; x_wconf 87' lang='lat' dir='ltr'>omnibus</span> <span class='ocrx_word' id='word_1_270' title='bbox 916 2853 975 2914; x_wconf 90' lang='lat' dir='ltr'>pro</span> <span class='ocrx_word' id='word_1_271' title='bbox 990 2853 1063 2898; x_wconf 88' lang='lat' dir='ltr'>ma·</span> <span class='ocrx_word' id='word_1_272' title='bbox 1116 2837 1325 2897; x_wconf 88' lang='lat' dir='ltr'>coarctamur</span> <span class='ocrx_word' id='word_1_273' title='bbox 1353 2837 1530 2913; x_wconf 90' lang='lat' dir='ltr'>plurimum</span> <span class='ocrx_word' id='word_1_274' title='bbox 1557 2853 1575 2898; x_wconf 92' lang='lat' dir='ltr'>e</span> <span class='ocrx_word' id='word_1_275' title='bbox 1604 2837 1743 2911; x_wconf 75' lang='lat' dir='ltr'>duohuS,</span> <span class='ocrx_word' id='word_1_276' title='bbox 1770 2837 1842 2915; x_wconf 87' lang='lat' dir='ltr'>quia</span> <span class='ocrx_word' id='word_1_277' title='bbox 1869 2833 1895 2893; x_wconf 92' lang='lat' dir='ltr'>id</span> <span class='ocrx_word' id='word_1_278' title='bbox 1973 2829 1974 2900; x_wconf 91' lang='lat' dir='ltr'>l</span> 
     </span>
     <span class='ocr_line' id='line_1_40' title="bbox 263 2933 1898 3010; baseline -0.001 -17"><span class='ocrx_word' id='word_1_279' title='bbox 263 2935 332 3010; x_wconf 90' lang='lat' dir='ltr'>jori</span> <span class='ocrx_word' id='word_1_280' title='bbox 360 2933 455 3009; x_wconf 87' lang='lat' dir='ltr'>parte</span> <span class='ocrx_word' id='word_1_281' title='bbox 477 2934 614 3010; x_wconf 73' lang='lat' dir='ltr'>paratis</span> <span class='ocrx_word' id='word_1_282' title='bbox 640 2933 875 2998; x_wconf 82' lang='lat' dir='ltr'>transfretandi</span> <span class='ocrx_word' id='word_1_283' title='bbox 898 2935 1060 2997; x_wconf 88' lang='lat' dir='ltr'>terminus</span> <span class='ocrx_word' id='word_1_284' title='bbox 1116 2933 1285 3008; x_wconf 77' lang='lat' dir='ltr'>negligere</span> <span class='ocrx_word' id='word_1_285' title='bbox 1311 2951 1372 2994; x_wconf 89' lang='lat' dir='ltr'>nec</span> <span class='ocrx_word' id='word_1_286' title='bbox 1393 2935 1545 2998; x_wconf 84' lang='lat' dir='ltr'>volumus</span> <span class='ocrx_word' id='word_1_287' title='bbox 1569 2952 1630 2997; x_wconf 89' lang='lat' dir='ltr'>nec</span> <span class='ocrx_word' id='word_1_288' title='bbox 1655 2935 1820 3006; x_wconf 87' lang='lat' dir='ltr'>debemus,</span> <span class='ocrx_word' id='word_1_289' title='bbox 1846 2945 1898 2993; x_wconf 86' lang='lat' dir='ltr'>nec</span> 
     </span>
     <span class='ocr_line' id='line_1_41' title="bbox 269 3029 1900 3110; baseline -0.001 -20"><span class='ocrx_word' id='word_1_290' title='bbox 269 3031 510 3108; x_wconf 88' lang='lat' dir='ltr'>appropinquat</span> <span class='ocrx_word' id='word_1_291' title='bbox 537 3032 572 3092; x_wconf 90' lang='lat' dir='ltr'>in</span> <span class='ocrx_word' id='word_1_292' title='bbox 609 3048 705 3094; x_wconf 88' lang='lat' dir='ltr'>sacro</span> <span class='ocrx_word' id='word_1_293' title='bbox 738 3033 886 3109; x_wconf 88' lang='lat' dir='ltr'>generali</span> <span class='ocrx_word' id='word_1_294' title='bbox 915 3033 1061 3095; x_wconf 83' lang='lat' dir='ltr'>Concilio</span> <span class='ocrx_word' id='word_1_295' title='bbox 1116 3047 1290 3107; x_wconf 87' lang='lat' dir='ltr'>possumus</span> <span class='ocrx_word' id='word_1_296' title='bbox 1319 3033 1525 3094; x_wconf 90' lang='lat' dir='ltr'>mercenario</span> <span class='ocrx_word' id='word_1_297' title='bbox 1554 3033 1621 3110; x_wconf 92' lang='lat' dir='ltr'>qui,</span> <span class='ocrx_word' id='word_1_298' title='bbox 1651 3034 1724 3095; x_wconf 85' lang='lat' dir='ltr'>viso</span> <span class='ocrx_word' id='word_1_299' title='bbox 1748 3034 1833 3110; x_wconf 88' lang='lat' dir='ltr'>lupe,</span> <span class='ocrx_word' id='word_1_300' title='bbox 1854 3029 1900 3088; x_wconf 91' lang='lat' dir='ltr'>di·</span> 
     </span>
     <span class='ocr_line' id='line_1_42' title="bbox 269 3129 1974 3209; baseline 0 -19"><span class='ocrx_word' id='word_1_301' title='bbox 269 3129 478 3200; x_wconf 87' lang='lat' dir='ltr'>constitutus,</span> <span class='ocrx_word' id='word_1_302' title='bbox 494 3129 550 3206; x_wconf 89' lang='lat' dir='ltr'>qui</span> <span class='ocrx_word' id='word_1_303' title='bbox 570 3146 637 3192; x_wconf 90' lang='lat' dir='ltr'>non</span> <span class='ocrx_word' id='word_1_304' title='bbox 664 3131 759 3192; x_wconf 87' lang='lat' dir='ltr'>debet</span> <span class='ocrx_word' id='word_1_305' title='bbox 784 3131 928 3208; x_wconf 88' lang='lat' dir='ltr'>amplius</span> <span class='ocrx_word' id='word_1_306' title='bbox 950 3147 1063 3209; x_wconf 87' lang='lat' dir='ltr'>proro·</span> <span class='ocrx_word' id='word_1_307' title='bbox 1117 3129 1216 3192; x_wconf 89' lang='lat' dir='ltr'>mittit</span> <span class='ocrx_word' id='word_1_308' title='bbox 1230 3146 1308 3191; x_wconf 87' lang='lat' dir='ltr'>oves</span> <span class='ocrx_word' id='word_1_309' title='bbox 1321 3131 1354 3192; x_wconf 87' lang='lat' dir='ltr'>et</span> <span class='ocrx_word' id='word_1_310' title='bbox 1367 3131 1462 3207; x_wconf 89' lang='lat' dir='ltr'>fugit,</span> <span class='ocrx_word' id='word_1_311' title='bbox 1477 3131 1509 3192; x_wconf 92' lang='lat' dir='ltr'>et</span> <span class='ocrx_word' id='word_1_312' title='bbox 1521 3131 1618 3207; x_wconf 90' lang='lat' dir='ltr'>lupus</span> <span class='ocrx_word' id='word_1_313' title='bbox 1633 3133 1723 3209; x_wconf 88' lang='lat' dir='ltr'>rapit</span> <span class='ocrx_word' id='word_1_314' title='bbox 1736 3131 1769 3193; x_wconf 90' lang='lat' dir='ltr'>et</span> <span class='ocrx_word' id='word_1_315' title='bbox 1777 3129 1898 3206; x_wconf 89' lang='lat' dir='ltr'>disper·</span> <span class='ocrx_word' id='word_1_316' title='bbox 1973 3149 1974 3196; x_wconf 65' lang='lat' dir='ltr'>t</span> 
     </span>
     <span class='ocr_line' id='line_1_43' title="bbox 269 3226 1898 3305; baseline -0.001 -19"><span class='ocrx_word' id='word_1_317' title='bbox 269 3226 353 3302; x_wconf 82' lang='lat' dir='ltr'>gari.</span> <span class='ocrx_word' id='word_1_318' title='bbox 371 3227 430 3288; x_wconf 85' lang='lat' dir='ltr'>Eia</span> <span class='ocrx_word' id='word_1_319' title='bbox 449 3227 561 3302; x_wconf 91' lang='lat' dir='ltr'>igitur,</span> <span class='ocrx_word' id='word_1_320' title='bbox 588 3229 707 3289; x_wconf 88' lang='lat' dir='ltr'>sumite</span> <span class='ocrx_word' id='word_1_321' title='bbox 726 3244 830 3300; x_wconf 91' lang='lat' dir='ltr'>arma,</span> <span class='ocrx_word' id='word_1_322' title='bbox 847 3229 930 3304; x_wconf 78' lang='lat' dir='ltr'>xiri;</span> <span class='ocrx_word' id='word_1_323' title='bbox 953 3229 1062 3290; x_wconf 91' lang='lat' dir='ltr'>acuite</span> <span class='ocrx_word' id='word_1_324' title='bbox 1117 3228 1165 3303; x_wconf 92' lang='lat' dir='ltr'>git</span> <span class='ocrx_word' id='word_1_325' title='bbox 1183 3243 1272 3300; x_wconf 86' lang='lat' dir='ltr'>oves,</span> <span class='ocrx_word' id='word_1_326' title='bbox 1298 3228 1415 3289; x_wconf 91' lang='lat' dir='ltr'>merito</span> <span class='ocrx_word' id='word_1_327' title='bbox 1442 3229 1639 3305; x_wconf 87' lang='lat' dir='ltr'>comparari,</span> <span class='ocrx_word' id='word_1_328' title='bbox 1666 3230 1700 3291; x_wconf 90' lang='lat' dir='ltr'>et</span> <span class='ocrx_word' id='word_1_329' title='bbox 1723 3228 1898 3304; x_wconf 89' lang='lat' dir='ltr'>Philippum</span> 
     </span>
     <span class='ocr_line' id='line_1_44' title="bbox 269 3322 1974 3405; baseline -0.002 -22"><span class='ocrx_word' id='word_1_330' title='bbox 269 3323 396 3399; x_wconf 87' lang='lat' dir='ltr'>gladios</span> <span class='ocrx_word' id='word_1_331' title='bbox 420 3324 627 3398; x_wconf 87' lang='lat' dir='ltr'>festinanter,</span> <span class='ocrx_word' id='word_1_332' title='bbox 658 3326 779 3386; x_wconf 87' lang='lat' dir='ltr'>milites</span> <span class='ocrx_word' id='word_1_333' title='bbox 803 3326 990 3398; x_wconf 87' lang='lat' dir='ltr'>christiani,</span> <span class='ocrx_word' id='word_1_334' title='bbox 1015 3327 1060 3398; x_wconf 92' lang='lat' dir='ltr'>ut,</span> <span class='ocrx_word' id='word_1_335' title='bbox 1117 3325 1280 3387; x_wconf 89' lang='lat' dir='ltr'>illustrem</span> <span class='ocrx_word' id='word_1_336' title='bbox 1294 3341 1406 3402; x_wconf 89' lang='lat' dir='ltr'>regem</span> <span class='ocrx_word' id='word_1_337' title='bbox 1419 3327 1633 3400; x_wconf 85' lang='lat' dir='ltr'>Francorum,</span> <span class='ocrx_word' id='word_1_338' title='bbox 1648 3343 1747 3405; x_wconf 90' lang='lat' dir='ltr'>quem</span> <span class='ocrx_word' id='word_1_339' title='bbox 1759 3326 1861 3388; x_wconf 88' lang='lat' dir='ltr'>adhuc</span> <span class='ocrx_word' id='word_1_340' title='bbox 1871 3322 1899 3381; x_wconf 90' lang='lat' dir='ltr'>in</span> <span class='ocrx_word' id='word_1_341' title='bbox 1973 3323 1974 3402; x_wconf 76' lang='lat' dir='ltr'>l</span> 
     </span>
     <span class='ocr_line' id='line_1_45' title="bbox 269 3421 1900 3501; baseline -0.003 -19"><span class='ocrx_word' id='word_1_342' title='bbox 269 3421 466 3482; x_wconf 84' lang='lat' dir='ltr'>adveniente</span> <span class='ocrx_word' id='word_1_343' title='bbox 497 3423 644 3499; x_wconf 87' lang='lat' dir='ltr'>tempore</span> <span class='ocrx_word' id='word_1_344' title='bbox 671 3423 817 3501; x_wconf 84' lang='lat' dir='ltr'>passagii</span> <span class='ocrx_word' id='word_1_345' title='bbox 838 3424 1004 3500; x_wconf 87' lang='lat' dir='ltr'>generalis</span> <span class='ocrx_word' id='word_1_346' title='bbox 1027 3425 1062 3486; x_wconf 91' lang='lat' dir='ltr'>in</span> <span class='ocrx_word' id='word_1_347' title='bbox 1117 3423 1239 3484; x_wconf 90' lang='lat' dir='ltr'>minori</span> <span class='ocrx_word' id='word_1_348' title='bbox 1261 3423 1371 3484; x_wconf 88' lang='lat' dir='ltr'>officio</span> <span class='ocrx_word' id='word_1_349' title='bbox 1393 3424 1562 3486; x_wconf 88' lang='lat' dir='ltr'>constituti</span> <span class='ocrx_word' id='word_1_350' title='bbox 1585 3424 1716 3486; x_wconf 88' lang='lat' dir='ltr'>sincera</span> <span class='ocrx_word' id='word_1_351' title='bbox 1735 3423 1900 3486; x_wconf 77' lang='lat' dir='ltr'>dileximus</span> 
     </span>
     <span class='ocr_line' id='line_1_46' title="bbox 269 3519 1974 3597; baseline -0.002 -17"><span class='ocrx_word' id='word_1_352' title='bbox 269 3519 407 3596; x_wconf 88' lang='lat' dir='ltr'>praefato</span> <span class='ocrx_word' id='word_1_353' title='bbox 423 3520 569 3582; x_wconf 87' lang='lat' dir='ltr'>Concilio</span> <span class='ocrx_word' id='word_1_354' title='bbox 581 3521 745 3593; x_wconf 88' lang='lat' dir='ltr'>denotato,</span> <span class='ocrx_word' id='word_1_355' title='bbox 758 3520 871 3582; x_wconf 86' lang='lat' dir='ltr'>divino</span> <span class='ocrx_word' id='word_1_356' title='bbox 886 3521 1063 3585; x_wconf 89' lang='lat' dir='ltr'>comitante</span> <span class='ocrx_word' id='word_1_357' title='bbox 1118 3521 1150 3581; x_wconf 88' lang='lat' dir='ltr'>et</span> <span class='ocrx_word' id='word_1_358' title='bbox 1164 3520 1332 3596; x_wconf 88' lang='lat' dir='ltr'>diligimus</span> <span class='ocrx_word' id='word_1_359' title='bbox 1344 3521 1379 3581; x_wconf 93' lang='lat' dir='ltr'>in</span> <span class='ocrx_word' id='word_1_360' title='bbox 1392 3522 1532 3583; x_wconf 90' lang='lat' dir='ltr'>Domino</span> <span class='ocrx_word' id='word_1_361' title='bbox 1547 3521 1698 3595; x_wconf 86' lang='lat' dir='ltr'>caritate,</span> <span class='ocrx_word' id='word_1_362' title='bbox 1721 3522 1755 3584; x_wconf 90' lang='lat' dir='ltr'>et</span> <span class='ocrx_word' id='word_1_363' title='bbox 1774 3533 1900 3597; x_wconf 88' lang='lat' dir='ltr'>regnum</span> <span class='ocrx_word' id='word_1_364' title='bbox 1973 3547 1974 3588; x_wconf 51' lang='lat'>4</span> 
     </span>
     <span class='ocr_line' id='line_1_47' title="bbox 270 3615 1974 3697; baseline -0.003 -19"><span class='ocrx_word' id='word_1_365' title='bbox 270 3617 407 3692; x_wconf 87' lang='lat' dir='ltr'>auxilio,</span> <span class='ocrx_word' id='word_1_366' title='bbox 423 3617 654 3691; x_wconf 88' lang='lat' dir='ltr'>transfretetis,</span> <span class='ocrx_word' id='word_1_367' title='bbox 679 3619 721 3692; x_wconf 88' lang='lat' dir='ltr'>et,</span> <span class='ocrx_word' id='word_1_368' title='bbox 747 3622 946 3697; x_wconf 87' lang='lat' dir='ltr'>congregato</span> <span class='ocrx_word' id='word_1_369' title='bbox 966 3637 1064 3682; x_wconf 88' lang='lat' dir='ltr'>exer·</span> <span class='ocrx_word' id='word_1_370' title='bbox 1117 3618 1233 3695; x_wconf 90' lang='lat' dir='ltr'>ipsius,</span> <span class='ocrx_word' id='word_1_371' title='bbox 1258 3619 1287 3680; x_wconf 86' lang='lat' dir='ltr'>si</span> <span class='ocrx_word' id='word_1_372' title='bbox 1312 3618 1385 3680; x_wconf 85' lang='lat' dir='ltr'>fieri</span> <span class='ocrx_word' id='word_1_373' title='bbox 1409 3621 1530 3696; x_wconf 91' lang='lat' dir='ltr'>posset,</span> <span class='ocrx_word' id='word_1_374' title='bbox 1556 3619 1720 3683; x_wconf 89' lang='lat' dir='ltr'>nollemus</span> <span class='ocrx_word' id='word_1_375' title='bbox 1745 3617 1902 3681; x_wconf 87' lang='lat' dir='ltr'>offendere</span> <span class='ocrx_word' id='word_1_376' title='bbox 1973 3615 1974 3654; x_wconf 75' lang='lat'><em>³</em></span> 
     </span>
     <span class='ocr_line' id='line_1_48' title="bbox 271 3709 1974 3796; baseline -0.002 -20"><span class='ocrx_word' id='word_1_377' title='bbox 271 3716 348 3788; x_wconf 86' lang='lat' dir='ltr'>citu,</span> <span class='ocrx_word' id='word_1_378' title='bbox 370 3718 555 3794; x_wconf 89' lang='lat' dir='ltr'>sequamini</span> <span class='ocrx_word' id='word_1_379' title='bbox 572 3721 694 3794; x_wconf 87' lang='lat' dir='ltr'>Regem</span> <span class='ocrx_word' id='word_1_380' title='bbox 713 3717 797 3791; x_wconf 89' lang='lat' dir='ltr'>coeli,</span> <span class='ocrx_word' id='word_1_381' title='bbox 815 3721 910 3796; x_wconf 89' lang='lat' dir='ltr'>cujus</span> <span class='ocrx_word' id='word_1_382' title='bbox 925 3735 984 3781; x_wconf 83' lang='lat' dir='ltr'>ros</span> <span class='ocrx_word' id='word_1_383' title='bbox 999 3718 1062 3781; x_wconf 89' lang='lat' dir='ltr'>oh·</span> <span class='ocrx_word' id='word_1_384' title='bbox 1117 3717 1169 3777; x_wconf 82' lang='lat' dir='ltr'>rel</span> <span class='ocrx_word' id='word_1_385' title='bbox 1184 3716 1334 3793; x_wconf 86' lang='lat' dir='ltr'>turbare;</span> <span class='ocrx_word' id='word_1_386' title='bbox 1356 3709 1420 3794; x_wconf 86' lang='lat' dir='ltr'>quo</span> <span class='ocrx_word' id='word_1_387' title='bbox 1433 3717 1637 3790; x_wconf 89' lang='lat' dir='ltr'>contristato,</span> <span class='ocrx_word' id='word_1_388' title='bbox 1647 3733 1713 3778; x_wconf 93' lang='lat' dir='ltr'>non</span> <span class='ocrx_word' id='word_1_389' title='bbox 1723 3711 1902 3779; x_wconf 85' lang='lat' dir='ltr'>contristari</span> <span class='ocrx_word' id='word_1_390' title='bbox 1973 3727 1974 3764; x_wconf 73' lang='lat'><em>2</em></span> 
     </span>
     <span class='ocr_line' id='line_1_49' title="bbox 270 3813 1974 3904; baseline -0.001 -29"><span class='ocrx_word' id='word_1_391' title='bbox 270 3814 384 3891; x_wconf 87' lang='lat' dir='ltr'>sequio</span> <span class='ocrx_word' id='word_1_392' title='bbox 397 3815 591 3890; x_wconf 76' lang='lat' dir='ltr'>devovistis3</span> <span class='ocrx_word' id='word_1_393' title='bbox 607 3817 745 3878; x_wconf 83' lang='lat' dir='ltr'>firmiter</span> <span class='ocrx_word' id='word_1_394' title='bbox 758 3817 970 3890; x_wconf 86' lang='lat' dir='ltr'>confidentes,</span> <span class='ocrx_word' id='word_1_395' title='bbox 986 3817 1063 3894; x_wconf 91' lang='lat' dir='ltr'>quia</span> <span class='ocrx_word' id='word_1_396' title='bbox 1118 3815 1331 3892; x_wconf 89' lang='lat' dir='ltr'>nequiremus</span> <span class='ocrx_word' id='word_1_397' title='bbox 1346 3831 1407 3876; x_wconf 89' lang='lat' dir='ltr'>nos</span> <span class='ocrx_word' id='word_1_398' title='bbox 1424 3815 1499 3892; x_wconf 91' lang='lat' dir='ltr'>ipsi.</span> <span class='ocrx_word' id='word_1_399' title='bbox 1514 3815 1552 3876; x_wconf 82' lang='lat' dir='ltr'>Et</span> <span class='ocrx_word' id='word_1_400' title='bbox 1570 3815 1696 3876; x_wconf 91' lang='lat' dir='ltr'>utinam</span> <span class='ocrx_word' id='word_1_401' title='bbox 1711 3813 1828 3890; x_wconf 84' lang='lat' dir='ltr'>tangat</span> <span class='ocrx_word' id='word_1_402' title='bbox 1841 3813 1902 3873; x_wconf 88' lang='lat' dir='ltr'>Do·</span> <span class='ocrx_word' id='word_1_403' title='bbox 1973 3901 1974 3904; x_wconf 7' lang='grc' dir='ltr'><strong>Ἴ</strong></span> 
     </span>
     <span class='ocr_line' id='line_1_50' title="bbox 271 3911 1903 3991; baseline -0.002 -20"><span class='ocrx_word' id='word_1_404' title='bbox 271 3912 341 3988; x_wconf 89' lang='lat' dir='ltr'>ipse</span> <span class='ocrx_word' id='word_1_405' title='bbox 356 3913 412 3988; x_wconf 90' lang='lat' dir='ltr'>qui</span> <span class='ocrx_word' id='word_1_406' title='bbox 432 3929 528 3972; x_wconf 90' lang='lat' dir='ltr'>suum</span> <span class='ocrx_word' id='word_1_407' title='bbox 538 3913 686 3974; x_wconf 86' lang='lat' dir='ltr'>traduxit</span> <span class='ocrx_word' id='word_1_408' title='bbox 701 3915 858 3991; x_wconf 91' lang='lat' dir='ltr'>populum</span> <span class='ocrx_word' id='word_1_409' title='bbox 876 3931 935 3991; x_wconf 90' lang='lat' dir='ltr'>per</span> <span class='ocrx_word' id='word_1_410' title='bbox 950 3915 1065 3976; x_wconf 88' lang='lat' dir='ltr'>deser·</span> <span class='ocrx_word' id='word_1_411' title='bbox 1119 3913 1227 3973; x_wconf 89' lang='lat' dir='ltr'>minus</span> <span class='ocrx_word' id='word_1_412' title='bbox 1243 3929 1300 3974; x_wconf 91' lang='lat' dir='ltr'>cor</span> <span class='ocrx_word' id='word_1_413' title='bbox 1319 3912 1434 3989; x_wconf 81' lang='lat' dir='ltr'>ipsine,</span> <span class='ocrx_word' id='word_1_414' title='bbox 1460 3913 1496 3974; x_wconf 89' lang='lat' dir='ltr'>ut</span> <span class='ocrx_word' id='word_1_415' title='bbox 1519 3911 1560 3973; x_wconf 89' lang='lat' dir='ltr'>ad</span> <span class='ocrx_word' id='word_1_416' title='bbox 1584 3912 1794 3974; x_wconf 89' lang='lat' dir='ltr'>devotionem</span> <span class='ocrx_word' id='word_1_417' title='bbox 1815 3923 1903 3988; x_wconf 89' lang='lat' dir='ltr'>quam</span> 
     </span>
     <span class='ocr_line' id='line_1_51' title="bbox 270 4009 1974 4089; baseline -0.004 -19"><span class='ocrx_word' id='word_1_418' title='bbox 270 4011 355 4080; x_wconf 87' lang='lat' dir='ltr'>turn,</span> <span class='ocrx_word' id='word_1_419' title='bbox 380 4010 489 4070; x_wconf 83' lang='lat' dir='ltr'>salros</span> <span class='ocrx_word' id='word_1_420' title='bbox 508 4009 663 4072; x_wconf 80' lang='lat' dir='ltr'>uidelicet</span> <span class='ocrx_word' id='word_1_421' title='bbox 683 4011 761 4074; x_wconf 89' lang='lat' dir='ltr'>fecit</span> <span class='ocrx_word' id='word_1_422' title='bbox 779 4012 930 4072; x_wconf 89' lang='lat' dir='ltr'>homines</span> <span class='ocrx_word' id='word_1_423' title='bbox 958 4013 991 4072; x_wconf 87' lang='lat' dir='ltr'>et</span> <span class='ocrx_word' id='word_1_424' title='bbox 1008 4014 1065 4089; x_wconf 87' lang='lat' dir='ltr'>jn·</span> <span class='ocrx_word' id='word_1_425' title='bbox 1119 4011 1278 4071; x_wconf 89' lang='lat' dir='ltr'>hactenus</span> <span class='ocrx_word' id='word_1_426' title='bbox 1293 4011 1334 4071; x_wconf 90' lang='lat' dir='ltr'>ad</span> <span class='ocrx_word' id='word_1_427' title='bbox 1356 4013 1460 4072; x_wconf 88' lang='lat' dir='ltr'>Deum</span> <span class='ocrx_word' id='word_1_428' title='bbox 1479 4011 1512 4071; x_wconf 89' lang='lat' dir='ltr'>et</span> <span class='ocrx_word' id='word_1_429' title='bbox 1524 4010 1706 4072; x_wconf 83' lang='lat' dir='ltr'>Ecclesiam</span> <span class='ocrx_word' id='word_1_430' title='bbox 1729 4013 1903 4073; x_wconf 84' lang='lat' dir='ltr'>Romanam</span> <span class='ocrx_word' id='word_1_431' title='bbox 1973 4037 1974 4040; x_wconf 61' lang='lat'><em>=</em></span> 
     </span>
     <span class='ocr_line' id='line_1_52' title="bbox 271 4107 1906 4185; baseline 0.001 -21"><span class='ocrx_word' id='word_1_432' title='bbox 271 4107 392 4178; x_wconf 89' lang='lat' dir='ltr'>menta,</span> <span class='ocrx_word' id='word_1_433' title='bbox 416 4108 448 4167; x_wconf 88' lang='lat' dir='ltr'>et</span> <span class='ocrx_word' id='word_1_434' title='bbox 466 4123 536 4178; x_wconf 79' lang='lat' dir='ltr'>uos,</span> <span class='ocrx_word' id='word_1_435' title='bbox 561 4107 683 4169; x_wconf 89' lang='lat' dir='ltr'>sicum</span> <span class='ocrx_word' id='word_1_436' title='bbox 706 4110 809 4171; x_wconf 87' lang='lat' dir='ltr'>secuti</span> <span class='ocrx_word' id='word_1_437' title='bbox 829 4109 959 4170; x_wconf 89' lang='lat' dir='ltr'>fueritis</span> <span class='ocrx_word' id='word_1_438' title='bbox 981 4125 1063 4185; x_wconf 93' lang='lat' dir='ltr'>puro</span> <span class='ocrx_word' id='word_1_439' title='bbox 1120 4107 1275 4168; x_wconf 87' lang='lat' dir='ltr'>habuisse</span> <span class='ocrx_word' id='word_1_440' title='bbox 1297 4107 1512 4182; x_wconf 88' lang='lat' dir='ltr'>dignoscitur,</span> <span class='ocrx_word' id='word_1_441' title='bbox 1533 4125 1576 4169; x_wconf 86' lang='lat' dir='ltr'>ex</span> <span class='ocrx_word' id='word_1_442' title='bbox 1599 4107 1721 4169; x_wconf 88' lang='lat' dir='ltr'>affectu</span> <span class='ocrx_word' id='word_1_443' title='bbox 1737 4108 1851 4168; x_wconf 90' lang='lat' dir='ltr'>intimo</span> <span class='ocrx_word' id='word_1_444' title='bbox 1862 4118 1906 4163; x_wconf 79' lang='lat' dir='ltr'>re</span> 
     </span>
     <span class='ocr_line' id='line_1_53' title="bbox 271 4202 1903 4283; baseline -0.002 -21"><span class='ocrx_word' id='word_1_445' title='bbox 271 4202 380 4274; x_wconf 90' lang='lat' dir='ltr'>corde,</span> <span class='ocrx_word' id='word_1_446' title='bbox 400 4219 466 4263; x_wconf 93' lang='lat' dir='ltr'>non</span> <span class='ocrx_word' id='word_1_447' title='bbox 482 4203 587 4264; x_wconf 90' lang='lat' dir='ltr'>solum</span> <span class='ocrx_word' id='word_1_448' title='bbox 601 4204 700 4266; x_wconf 89' lang='lat' dir='ltr'>faciet</span> <span class='ocrx_word' id='word_1_449' title='bbox 714 4206 931 4283; x_wconf 90' lang='lat' dir='ltr'>triumphare,</span> <span class='ocrx_word' id='word_1_450' title='bbox 948 4221 1064 4266; x_wconf 81' lang='lat' dir='ltr'>verum</span> <span class='ocrx_word' id='word_1_451' title='bbox 1118 4204 1238 4275; x_wconf 79' lang='lat' dir='ltr'>ualeat,</span> <span class='ocrx_word' id='word_1_452' title='bbox 1275 4205 1308 4265; x_wconf 89' lang='lat' dir='ltr'>et</span> <span class='ocrx_word' id='word_1_453' title='bbox 1333 4221 1377 4266; x_wconf 87' lang='lat' dir='ltr'>ex</span> <span class='ocrx_word' id='word_1_454' title='bbox 1402 4205 1464 4266; x_wconf 87' lang='lat' dir='ltr'>hoc</span> <span class='ocrx_word' id='word_1_455' title='bbox 1490 4205 1654 4266; x_wconf 89' lang='lat' dir='ltr'>veraciter</span> <span class='ocrx_word' id='word_1_456' title='bbox 1686 4203 1903 4269; x_wconf 88' lang='lat' dir='ltr'>contristetur,</span> 
     </span>
     <span class='ocr_line' id='line_1_54' title="bbox 271 4299 1906 4380; baseline 0 -21"><span class='ocrx_word' id='word_1_457' title='bbox 271 4299 370 4360; x_wconf 89' lang='lat' dir='ltr'>etiam</span> <span class='ocrx_word' id='word_1_458' title='bbox 381 4300 473 4376; x_wconf 87' lang='lat' dir='ltr'>regio</span> <span class='ocrx_word' id='word_1_459' title='bbox 487 4301 657 4363; x_wconf 84' lang='lat' dir='ltr'>coronabit</span> <span class='ocrx_word' id='word_1_460' title='bbox 667 4303 852 4364; x_wconf 88' lang='lat' dir='ltr'>diademate</span> <span class='ocrx_word' id='word_1_461' title='bbox 860 4302 934 4380; x_wconf 91' lang='lat' dir='ltr'>post</span> <span class='ocrx_word' id='word_1_462' title='bbox 945 4301 1066 4364; x_wconf 87' lang='lat' dir='ltr'>trium-</span> <span class='ocrx_word' id='word_1_463' title='bbox 1119 4301 1203 4379; x_wconf 93' lang='lat' dir='ltr'>quod</span> <span class='ocrx_word' id='word_1_464' title='bbox 1219 4301 1340 4364; x_wconf 87' lang='lat' dir='ltr'>nobilis</span> <span class='ocrx_word' id='word_1_465' title='bbox 1362 4303 1416 4364; x_wconf 80' lang='lat' dir='ltr'>uir</span> <span class='ocrx_word' id='word_1_466' title='bbox 1437 4303 1625 4364; x_wconf 86' lang='lat' dir='ltr'>Ludovious</span> <span class='ocrx_word' id='word_1_467' title='bbox 1650 4305 1723 4380; x_wconf 80' lang='lat' dir='ltr'>eJus</span> <span class='ocrx_word' id='word_1_468' title='bbox 1746 4303 1906 4380; x_wconf 87' lang='lat' dir='ltr'>primoge-</span> 
     </span>
     <span class='ocr_line' id='line_1_55' title="bbox 271 4396 1907 4476; baseline -0.001 -19"><span class='ocrx_word' id='word_1_469' title='bbox 271 4397 383 4476; x_wconf 84' lang='lat' dir='ltr'>pllum.</span> <span class='ocrx_word' id='word_1_470' title='bbox 493 4463 495 4467; x_wconf 68' lang='grc'>,</span> <span class='ocrx_word' id='word_1_471' title='bbox 558 4408 559 4411; x_wconf 73' lang='grc'>’</span> <span class='ocrx_word' id='word_1_472' title='bbox 1119 4399 1207 4461; x_wconf 88' lang='lat' dir='ltr'>nitus</span> <span class='ocrx_word' id='word_1_473' title='bbox 1231 4400 1348 4462; x_wconf 83' lang='lat' dir='ltr'>sedem</span> <span class='ocrx_word' id='word_1_474' title='bbox 1370 4400 1593 4476; x_wconf 87' lang='lat' dir='ltr'>Apostolicam</span> <span class='ocrx_word' id='word_1_475' title='bbox 1615 4399 1835 4472; x_wconf 84' lang='lat' dir='ltr'>contristarit,</span> <span class='ocrx_word' id='word_1_476' title='bbox 1860 4396 1907 4474; x_wconf 92' lang='lat' dir='ltr'>ip-</span> 
     </span>
     <span class='ocr_line' id='line_1_56' title="bbox 311 4493 1905 4575; baseline 0.003 -18"><span class='ocrx_word' id='word_1_477' title='bbox 311 4497 359 4557; x_wconf 88' lang='lat' dir='ltr'>Ad</span> <span class='ocrx_word' id='word_1_478' title='bbox 375 4497 458 4570; x_wconf 75' lang='lat' dir='ltr'>llaec,</span> <span class='ocrx_word' id='word_1_479' title='bbox 473 4513 573 4574; x_wconf 90' lang='lat' dir='ltr'>quum</span> <span class='ocrx_word' id='word_1_480' title='bbox 586 4498 769 4560; x_wconf 77' lang='lat' dir='ltr'>venerabili</span> <span class='ocrx_word' id='word_1_481' title='bbox 785 4499 880 4560; x_wconf 89' lang='lat' dir='ltr'>fratri</span> <span class='ocrx_word' id='word_1_482' title='bbox 895 4498 1007 4559; x_wconf 89' lang='lat' dir='ltr'>nostro</span> <span class='ocrx_word' id='word_1_483' title='bbox 1024 4493 1063 4575; x_wconf 78' lang='lat'>(¹)</span> <span class='ocrx_word' id='word_1_484' title='bbox 1119 4513 1256 4574; x_wconf 87' lang='lat' dir='ltr'>sumque</span> <span class='ocrx_word' id='word_1_485' title='bbox 1271 4513 1330 4574; x_wconf 93' lang='lat' dir='ltr'>pro</span> <span class='ocrx_word' id='word_1_486' title='bbox 1351 4496 1479 4559; x_wconf 87' lang='lat' dir='ltr'>viribus</span> <span class='ocrx_word' id='word_1_487' title='bbox 1503 4497 1543 4558; x_wconf 87' lang='lat' dir='ltr'>ab</span> <span class='ocrx_word' id='word_1_488' title='bbox 1568 4497 1742 4575; x_wconf 87' lang='lat' dir='ltr'>iniquitate</span> <span class='ocrx_word' id='word_1_489' title='bbox 1757 4493 1905 4570; x_wconf 74' lang='lat' dir='ltr'>incepta.</span> 
     </span>
     <span class='ocr_line' id='line_1_57' title="bbox 271 4591 1906 4673; baseline -0.004 -17"><span class='ocrx_word' id='word_1_490' title='bbox 271 4595 410 4672; x_wconf 78' lang='lat' dir='ltr'>&#39;iprensi</span> <span class='ocrx_word' id='word_1_491' title='bbox 423 4596 674 4673; x_wconf 86' lang='lat' dir='ltr'>archiepiscopo</span> <span class='ocrx_word' id='word_1_492' title='bbox 687 4596 874 4656; x_wconf 89' lang='lat' dir='ltr'>dederimus</span> <span class='ocrx_word' id='word_1_493' title='bbox 887 4595 922 4655; x_wconf 91' lang='lat' dir='ltr'>in</span> <span class='ocrx_word' id='word_1_494' title='bbox 932 4594 1065 4656; x_wconf 87' lang='lat' dir='ltr'>manda·</span> <span class='ocrx_word' id='word_1_495' title='bbox 1119 4609 1218 4671; x_wconf 91' lang='lat' dir='ltr'>quam</span> <span class='ocrx_word' id='word_1_496' title='bbox 1250 4595 1285 4654; x_wconf 93' lang='lat' dir='ltr'>in</span> <span class='ocrx_word' id='word_1_497' title='bbox 1313 4595 1373 4655; x_wconf 90' lang='lat' dir='ltr'>Dei</span> <span class='ocrx_word' id='word_1_498' title='bbox 1399 4596 1622 4671; x_wconf 89' lang='lat' dir='ltr'>contemptum</span> <span class='ocrx_word' id='word_1_499' title='bbox 1654 4597 1686 4656; x_wconf 90' lang='lat' dir='ltr'>et</span> <span class='ocrx_word' id='word_1_500' title='bbox 1715 4591 1906 4672; x_wconf 84' lang='lat' dir='ltr'>Apostolicae</span> 
     </span>
     <span class='ocr_line' id='line_1_58' title="bbox 270 4687 1909 4768; baseline -0.005 -15"><span class='ocrx_word' id='word_1_501' title='bbox 270 4694 314 4754; x_wconf 91' lang='lat' dir='ltr'>tis</span> <span class='ocrx_word' id='word_1_502' title='bbox 329 4695 364 4754; x_wconf 90' lang='lat' dir='ltr'>ut</span> <span class='ocrx_word' id='word_1_503' title='bbox 379 4711 437 4756; x_wconf 86' lang='lat' dir='ltr'>vos</span> <span class='ocrx_word' id='word_1_504' title='bbox 452 4693 538 4755; x_wconf 87' lang='lat' dir='ltr'>adid</span> <span class='ocrx_word' id='word_1_505' title='bbox 555 4695 687 4756; x_wconf 90' lang='lat' dir='ltr'>moneat</span> <span class='ocrx_word' id='word_1_506' title='bbox 710 4694 741 4754; x_wconf 89' lang='lat' dir='ltr'>et</span> <span class='ocrx_word' id='word_1_507' title='bbox 761 4693 906 4764; x_wconf 87' lang='lat' dir='ltr'>inducat,</span> <span class='ocrx_word' id='word_1_508' title='bbox 924 4692 1064 4752; x_wconf 82' lang='lat' dir='ltr'>univer·</span> <span class='ocrx_word' id='word_1_509' title='bbox 1121 4689 1215 4750; x_wconf 86' lang='lat' dir='ltr'>Sedis</span> <span class='ocrx_word' id='word_1_510' title='bbox 1240 4689 1398 4766; x_wconf 89' lang='lat' dir='ltr'>injuriam</span> <span class='ocrx_word' id='word_1_511' title='bbox 1425 4691 1458 4752; x_wconf 93' lang='lat' dir='ltr'>et</span> <span class='ocrx_word' id='word_1_512' title='bbox 1482 4689 1625 4768; x_wconf 87' lang='lat' dir='ltr'>proximi</span> <span class='ocrx_word' id='word_1_513' title='bbox 1653 4691 1788 4752; x_wconf 83' lang='lat' dir='ltr'>exercet</span> <span class='ocrx_word' id='word_1_514' title='bbox 1813 4687 1909 4751; x_wconf 82' lang='lat' dir='ltr'>offen·</span> 
     </span>
     <span class='ocr_line' id='line_1_59' title="bbox 273 4785 1908 4870; baseline -0.006 -20"><span class='ocrx_word' id='word_1_515' title='bbox 273 4792 363 4852; x_wconf 91' lang='lat' dir='ltr'>sitati</span> <span class='ocrx_word' id='word_1_516' title='bbox 378 4793 497 4853; x_wconf 69' lang='lat' dir='ltr'>uestras</span> <span class='ocrx_word' id='word_1_517' title='bbox 512 4791 771 4870; x_wconf 71' lang='lat' dir='ltr'>parapostolica</span> <span class='ocrx_word' id='word_1_518' title='bbox 791 4790 914 4867; x_wconf 86' lang='lat' dir='ltr'>scripta</span> <span class='ocrx_word' id='word_1_519' title='bbox 927 4789 1066 4850; x_wconf 87' lang='lat' dir='ltr'>manda·</span> <span class='ocrx_word' id='word_1_520' title='bbox 1120 4802 1201 4858; x_wconf 91' lang='lat' dir='ltr'>sam,</span> <span class='ocrx_word' id='word_1_521' title='bbox 1222 4787 1352 4848; x_wconf 87' lang='lat' dir='ltr'>studeat</span> <span class='ocrx_word' id='word_1_522' title='bbox 1374 4803 1543 4862; x_wconf 87' lang='lat' dir='ltr'>revocare,</span> <span class='ocrx_word' id='word_1_523' title='bbox 1569 4804 1609 4850; x_wconf 88' lang='lat' dir='ltr'>ac</span> <span class='ocrx_word' id='word_1_524' title='bbox 1630 4788 1678 4849; x_wconf 89' lang='lat' dir='ltr'>sic</span> <span class='ocrx_word' id='word_1_525' title='bbox 1700 4785 1908 4850; x_wconf 89' lang='lat' dir='ltr'>contristatus</span> 
     </span>
     <span class='ocr_line' id='line_1_60' title="bbox 273 4883 1512 4965; baseline -0.002 -19"><span class='ocrx_word' id='word_1_526' title='bbox 273 4903 346 4946; x_wconf 90' lang='lat' dir='ltr'>mus</span> <span class='ocrx_word' id='word_1_527' title='bbox 373 4891 534 4964; x_wconf 89' lang='lat' dir='ltr'>quatenus</span> <span class='ocrx_word' id='word_1_528' title='bbox 567 4889 673 4950; x_wconf 91' lang='lat' dir='ltr'>eidem</span> <span class='ocrx_word' id='word_1_529' title='bbox 711 4887 906 4965; x_wconf 77' lang='lat' dir='ltr'>praedicanti</span> <span class='ocrx_word' id='word_1_530' title='bbox 929 4886 1064 4950; x_wconf 81' lang='lat' dir='ltr'>verbum</span> <span class='ocrx_word' id='word_1_531' title='bbox 1119 4883 1266 4946; x_wconf 84' lang='lat' dir='ltr'>laetificet</span> <span class='ocrx_word' id='word_1_532' title='bbox 1278 4885 1512 4962; x_wconf 87' lang='lat' dir='ltr'>nosmetipsosl</span> 
     </span>
     <span class='ocr_line' id='line_1_61' title="bbox 273 4982 1909 5060; baseline -0.006 -15"><span class='ocrx_word' id='word_1_533' title='bbox 273 4984 404 5045; x_wconf 85' lang='lat' dir='ltr'>Domini</span> <span class='ocrx_word' id='word_1_534' title='bbox 428 5002 487 5060; x_wconf 89' lang='lat' dir='ltr'>pro</span> <span class='ocrx_word' id='word_1_535' title='bbox 515 5002 674 5046; x_wconf 86' lang='lat' dir='ltr'>succursu</span> <span class='ocrx_word' id='word_1_536' title='bbox 697 4989 807 5047; x_wconf 76' lang='lat' dir='ltr'>Terrae</span> <span class='ocrx_word' id='word_1_537' title='bbox 834 4986 974 5056; x_wconf 85' lang='lat' dir='ltr'>Sanctae,</span> <span class='ocrx_word' id='word_1_538' title='bbox 996 4987 1067 5046; x_wconf 87' lang='lat' dir='ltr'>tan·</span> <span class='ocrx_word' id='word_1_539' title='bbox 1159 4982 1374 5058; x_wconf 89' lang='lat' dir='ltr'>Quapropter,</span> <span class='ocrx_word' id='word_1_540' title='bbox 1394 4983 1483 5044; x_wconf 82' lang='lat' dir='ltr'>riam</span> <span class='ocrx_word' id='word_1_541' title='bbox 1506 4983 1648 5045; x_wconf 87' lang='lat' dir='ltr'>mediam</span> <span class='ocrx_word' id='word_1_542' title='bbox 1667 4984 1838 5059; x_wconf 87' lang='lat' dir='ltr'>eligentes,</span> <span class='ocrx_word' id='word_1_543' title='bbox 1855 4992 1909 5057; x_wconf 90' lang='lat' dir='ltr'>per</span> 
     </span>
     <span class='ocr_line' id='line_1_62' title="bbox 274 5079 1907 5158; baseline 0.002 -19"><span class='ocrx_word' id='word_1_544' title='bbox 274 5096 372 5158; x_wconf 91' lang='lat' dir='ltr'>quam</span> <span class='ocrx_word' id='word_1_545' title='bbox 400 5081 488 5140; x_wconf 89' lang='lat' dir='ltr'>fideli</span> <span class='ocrx_word' id='word_1_546' title='bbox 519 5082 651 5154; x_wconf 87' lang='lat' dir='ltr'>nuncio,</span> <span class='ocrx_word' id='word_1_547' title='bbox 684 5083 799 5144; x_wconf 79' lang='lat' dir='ltr'>deuote</span> <span class='ocrx_word' id='word_1_548' title='bbox 832 5099 870 5144; x_wconf 92' lang='lat' dir='ltr'>ac</span> <span class='ocrx_word' id='word_1_549' title='bbox 896 5081 1067 5142; x_wconf 91' lang='lat' dir='ltr'>humiliter</span> <span class='ocrx_word' id='word_1_550' title='bbox 1121 5095 1218 5156; x_wconf 91' lang='lat' dir='ltr'>quam</span> <span class='ocrx_word' id='word_1_551' title='bbox 1230 5079 1478 5154; x_wconf 87' lang='lat' dir='ltr'>potesteisdem,</span> <span class='ocrx_word' id='word_1_552' title='bbox 1491 5082 1518 5142; x_wconf 90' lang='lat' dir='ltr'>si</span> <span class='ocrx_word' id='word_1_553' title='bbox 1527 5081 1627 5142; x_wconf 91' lang='lat' dir='ltr'>fuerit</span> <span class='ocrx_word' id='word_1_554' title='bbox 1637 5082 1779 5158; x_wconf 86' lang='lat' dir='ltr'>desuper</span> <span class='ocrx_word' id='word_1_555' title='bbox 1789 5080 1907 5142; x_wconf 76' lang='lat' dir='ltr'>datum,</span> 
     </span>
     <span class='ocr_line' id='line_1_63' title="bbox 275 5174 1909 5258; baseline -0.004 -20"><span class='ocrx_word' id='word_1_556' title='bbox 275 5177 465 5240; x_wconf 85' lang='lat' dir='ltr'>intendatis.</span> <span class='ocrx_word' id='word_1_557' title='bbox 491 5179 608 5238; x_wconf 89' lang='lat' dir='ltr'>Datum</span> <span class='ocrx_word' id='word_1_558' title='bbox 642 5181 766 5251; x_wconf 88' lang='lat' dir='ltr'>Romae,</span> <span class='ocrx_word' id='word_1_559' title='bbox 794 5181 883 5256; x_wconf 90' lang='lat' dir='ltr'>apud</span> <span class='ocrx_word' id='word_1_560' title='bbox 910 5180 1066 5242; x_wconf 89' lang='lat' dir='ltr'>Sanctum</span> <span class='ocrx_word' id='word_1_561' title='bbox 1122 5175 1291 5237; x_wconf 83' lang='lat' dir='ltr'>subreniri</span> <span class='ocrx_word' id='word_1_562' title='bbox 1317 5177 1466 5254; x_wconf 75' lang='lat' dir='ltr'>pupilliS,</span> <span class='ocrx_word' id='word_1_563' title='bbox 1494 5179 1528 5240; x_wconf 90' lang='lat' dir='ltr'>et</span> <span class='ocrx_word' id='word_1_564' title='bbox 1563 5181 1662 5242; x_wconf 91' lang='lat' dir='ltr'>saluti</span> <span class='ocrx_word' id='word_1_565' title='bbox 1689 5179 1779 5258; x_wconf 75' lang='lat' dir='ltr'>regis</span> <span class='ocrx_word' id='word_1_566' title='bbox 1808 5174 1909 5254; x_wconf 88' lang='lat' dir='ltr'>ipsius</span> 
     </span>
     <span class='ocr_line' id='line_1_64' title="bbox 274 5273 1909 5352; baseline -0.001 -14"><span class='ocrx_word' id='word_1_567' title='bbox 274 5277 419 5344; x_wconf 88' lang='lat' dir='ltr'>Petrum,</span> <span class='ocrx_word' id='word_1_568' title='bbox 430 5273 730 5344; x_wconf 86' lang='lat' dir='ltr'>nonisdecembris,</span> <span class='ocrx_word' id='word_1_569' title='bbox 741 5278 951 5352; x_wconf 87' lang='lat' dir='ltr'>pontificatus</span> <span class='ocrx_word' id='word_1_570' title='bbox 961 5276 1066 5338; x_wconf 88' lang='lat' dir='ltr'>nostri</span> <span class='ocrx_word' id='word_1_571' title='bbox 1121 5273 1250 5334; x_wconf 89' lang='lat' dir='ltr'>consuli</span> <span class='ocrx_word' id='word_1_572' title='bbox 1265 5275 1297 5335; x_wconf 90' lang='lat' dir='ltr'>et</span> <span class='ocrx_word' id='word_1_573' title='bbox 1309 5273 1439 5348; x_wconf 88' lang='lat' dir='ltr'>honori,</span> <span class='ocrx_word' id='word_1_574' title='bbox 1452 5275 1621 5338; x_wconf 76' lang='lat' dir='ltr'>devotioni</span> <span class='ocrx_word' id='word_1_575' title='bbox 1639 5278 1771 5347; x_wconf 76' lang='lat' dir='ltr'>vestrae,</span> <span class='ocrx_word' id='word_1_576' title='bbox 1797 5275 1836 5336; x_wconf 90' lang='lat' dir='ltr'>de</span> <span class='ocrx_word' id='word_1_577' title='bbox 1850 5285 1909 5350; x_wconf 87' lang='lat' dir='ltr'>qua</span> 
     </span>
     <span class='ocr_line' id='line_1_65' title="bbox 274 5370 1911 5452; baseline -0.004 -17"><span class='ocrx_word' id='word_1_578' title='bbox 274 5390 362 5436; x_wconf 91' lang='lat' dir='ltr'>anno</span> <span class='ocrx_word' id='word_1_579' title='bbox 376 5374 492 5451; x_wconf 83' lang='lat' dir='ltr'>primo</span> <span class='ocrx_word' id='word_1_580' title='bbox 1122 5370 1275 5431; x_wconf 81' lang='lat' dir='ltr'>fiduciam</span> <span class='ocrx_word' id='word_1_581' title='bbox 1290 5373 1436 5446; x_wconf 90' lang='lat' dir='ltr'>gerimus</span> <span class='ocrx_word' id='word_1_582' title='bbox 1447 5373 1639 5451; x_wconf 89' lang='lat' dir='ltr'>pleniorem,</span> <span class='ocrx_word' id='word_1_583' title='bbox 1657 5371 1911 5452; x_wconf 86' lang='lat' dir='ltr'>perllpostolica</span> 
     </span>
    </p>
   </div>
   <div class='ocr_carea' id='block_1_12' title="bbox 1153 5508 1358 5730">
    <p class='ocr_par' dir='ltr' id='par_1_12' title="bbox 1153 5508 1358 5730">
     <span class='ocr_line' id='line_1_66' title="bbox 1158 5508 1354 5582; baseline 0.005 -15"><span class='ocrx_word' id='word_1_584' title='bbox 1158 5508 1199 5582; x_wconf 79' lang='lat' dir='ltr'>(l)</span> <span class='ocrx_word' id='word_1_585' title='bbox 1221 5511 1354 5569; x_wconf 75' lang='lat' dir='ltr'>Arnaldo.</span> 
     </span>
     <span class='ocr_line' id='line_1_67' title="bbox 1153 5583 1358 5654; baseline 0 -14"><span class='ocrx_word' id='word_1_586' title='bbox 1153 5583 1200 5654; x_wconf 73' lang='lat' dir='ltr'>ti)</span> <span class='ocrx_word' id='word_1_587' title='bbox 1220 5583 1358 5641; x_wconf 86' lang='lat' dir='ltr'>Conrado.</span> 
     </span>
     <span class='ocr_line' id='line_1_68' title="bbox 1159 5655 1349 5730; baseline -0.005 -21"><span class='ocrx_word' id='word_1_588' title='bbox 1159 5657 1193 5730; x_wconf 75' lang='lat'>(²)</span> <span class='ocrx_word' id='word_1_589' title='bbox 1214 5655 1349 5711; x_wconf 81' lang='lat' dir='ltr'>ioannes.</span> 
     </span>
    </p>
   </div>
   <div class='ocr_carea' id='block_1_13' title="bbox 312 5515 679 5662">
    <p class='ocr_par' dir='ltr' id='par_1_13' title="bbox 312 5515 679 5662">
     <span class='ocr_line' id='line_1_69' title="bbox 314 5515 679 5588; baseline -0.019 -14"><span class='ocrx_word' id='word_1_590' title='bbox 314 5516 355 5586; x_wconf 78' lang='lat' dir='ltr'>(ll</span> <span class='ocrx_word' id='word_1_591' title='bbox 376 5519 425 5584; x_wconf 89' lang='lat' dir='ltr'>ls.,</span> <span class='ocrx_word' id='word_1_592' title='bbox 439 5531 502 5588; x_wconf 87' lang='lat' dir='ltr'>cap.</span> <span class='ocrx_word' id='word_1_593' title='bbox 520 5527 596 5582; x_wconf 77' lang='lat' dir='ltr'>uviri,</span> <span class='ocrx_word' id='word_1_594' title='bbox 614 5527 639 5568; x_wconf 86' lang='lat' dir='ltr'>r.</span> <span class='ocrx_word' id='word_1_595' title='bbox 657 5515 679 5569; x_wconf 94' lang='lat' dir='ltr'>l.</span> 
     </span>
     <span class='ocr_line' id='line_1_70' title="bbox 312 5587 485 5662; baseline -0.029 -15"><span class='ocrx_word' id='word_1_596' title='bbox 312 5589 346 5662; x_wconf 57' lang='grc' dir='ltr'>Γ)</span> <span class='ocrx_word' id='word_1_597' title='bbox 369 5587 485 5646; x_wconf 81' lang='lat' dir='ltr'>Simoni.</span> 
     </span>
    </p>
   </div>
   <div class='ocr_carea' id='block_1_14' title="bbox 0 0 2012 6304">
    <p class='ocr_par' dir='ltr' id='par_1_14' title="bbox 0 0 2012 6304">
     <span class='ocr_line' id='line_1_71' title="bbox 0 0 2012 6304; baseline 0 0"><span class='ocrx_word' id='word_1_598' title='bbox 0 0 2012 6304; x_wconf 95' lang='lat' dir='ltr'> </span> 
     </span>
    </p>
   </div>
  </div>
 </body>
</html>
