4058 6308
293 333 354 394 243
911 339 1087 406 HONORII
1108 343 1155 408 111
1175 347 1323 412 OPERA.
1852 363 1901 430 tlt

336 509 355 554 c
377 491 590 556 Innocentius
605 495 907 576 episcopusservus
920 518 1091 568 servorum
1186 507 1278 572 Nulli
1297 523 1377 588 ergo
1395 509 1529 575 omnino
1546 510 1711 578 bominum
1726 515 1815 583 liceat
1832 521 1903 586 banc

300 591 359 654 Dei
375 591 505 654 dilectis
520 592 598 654 tiliis
612 597 734 658 Joanni
755 598 860 674 priori
872 600 905 662 et
920 600 1089 676 iratribus,
1146 607 1302 685 paginam
1327 610 1450 673 nostrae
1474 613 1697 676 concessionis
1719 617 1750 678 et
1768 621 1905 684 constitu-

293 690 394 766 juxta
419 691 561 767 Speoum
591 692 679 756 beati
707 697 877 760 Benedicti
904 700 1091 777 regularem
1145 705 1247 768 tionis
1259 706 1442 784 intringere
1452 710 1505 772 vel
1521 709 1554 774 ei
1569 727 1652 774 ausu
1665 713 1828 778 temerario
1839 734 1906 780 con·

166 861 172 870 Ι
301 785 404 848 vitam
420 789 629 852 servantibus
644 791 897 872 inperpetuum.
1144 803 1259 866 traire.
1277 805 1312 867 Si
1336 805 1410 884 quis
1431 809 1543 872 autem
1566 810 1629 874 boo
1653 812 1810 875 attentare
1833 830 1908 894 pre-

335 902 354 946 «
376 887 466 948 lnter
478 887 670 953 holocausto
685 892 856 969 virtutum,
873 895 1002 958 nullum
1014 913 1090 960 ma·
1146 902 1333 980 sumpserit,
1344 901 1607 982 indignationem
1617 909 1835 987 omnipotentis
1847 913 1904 986 Bel,

296 983 347 1060 gis
362 984 413 1047 est
430 986 658 1063 medullatum,
667 1006 766 1068 qnam
782 993 867 1070 quod
883 994 1021 1058 offertur
1033 995 1093 1058 ΑΙ-
1145 999 1179 1061 et
1201 999 1371 1064 beatorum
1396 1004 1487 1066 Petri
1517 1006 1550 1068 et
1583 1006 1679 1070 Pauli
1710 1008 1906 1086 apostolorum

295 1080 423 1144 tissime
435 1082 475 1146 de
481 1083 682 1162 pinguedine
690 1090 850 1154 caritatis.
861 1092 1038 1171 llocigitur
1045 1096 1093 1157 at·
1145 1099 1229 1175 ejus,
1244 1115 1280 1162 se
1294 1099 1425 1163 noverit
1444 1100 1666 1166 incursurum.
1686 1105 1797 1167 Datum
1814 1107 1910 1181 Anac*

295 1180 478 1254 tendentes,
496 1199 571 1244 cum
582 1184 661 1248 olim
669 1202 770 1250 causa
785 1189 971 1254 dovotionis
983 1209 1092 1256 acces·
1146 1195 1223 1271 niae,
1237 1199 1811 1282 tertiononasaugusti,pontitlcatus
1822 1203 1908 1266 nostri

295 1277 456 1339 sissemus
473 1279 514 1342 ad
524 1279 634 1344 locum
645 1284 834 1350 solitudinis
851 1291 981 1364 resima,
994 1307 1091 1369 quem
1145 1308 1235 1358 anno
1249 1299 1367 1376 primo.

295 1373 412 1438 beatus
422 1377 619 1444 Benedictus
634 1399 703 1446 suae
713 1387 940 1450 conversionis
948 1388 1093 1467 primor-

298 1473 353 1535 dio
369 1479 586 1552 consecravit,
600 1481 634 1543 et
651 1482 894 1548 invenissemus
907 1503 967 1550 vos
982 1486 1029 1550 ibi
1043 1504 1093 1549 se-
1458 1489 1631 1579 CXCVII

295 1571 438 1634 cundum
469 1574 710 1643 institutionem
736 1582 842 1661 ipsius
879 1583 1093 1650 laudabiliter

238 1685 241 1693 ·
294 1671 434 1733 Domino
449 1671 658 1751 famulantes,
674 1695 717 1741 ne
729 1695 788 1759 pro
804 1681 998 1760 temporalis
1012 1701 1091 1746 sus-
1198 1657 1251 1720 Ad
1262 1661 1557 1735 “mmmmm
1575 1661 1870 1738 Samm‘rssenoem'

294 1770 488 1835 tentationis
510 1773 639 1837 deiectu
663 1777 848 1855 spiritualis
872 1779 1092 1844 observantiae
1438 1798 1457 1856 Ι
1479 1796 1549 1857 iebr.
1570 1799 1649 1858 llll.

295 1868 472 1947 disciplina
493 1871 649 1950 torperet,
666 1876 884 1952 apostolicum
898 1878 993 1942 robis
1008 1879 1091 1942 sub-
1178 1910 1393 1975 [c,p,1,2‚3032‚
1409 1927 1435 1978 p.
1449 1912 1490 1964 gs,
1501 1913 1559 1966 p„
1570 1911 1743 1980 emtiomtqac
1755 1908 1890 1972 aerianus]

296 1966 417 2030 sidium
441 1967 597 2032 duximus
623 1973 890 2050 impendendum,
920 1979 1092 2055 sperantes

296 2065 383 2143 quod
403 2066 489 2128 idem
512 2066 724 2134 beatissimus
747 2074 946 2137 Benedictus
968 2077 1092 2138 nostrae
1147 2062 1263 2122 Mindi*
1280 2065 1319 2134 el,
1349 2070 1381 2122 ¹¹1
1402 2062 1552 2167 llloeslffllb
1575 2063 1681 2168 Wutlk
1711 2063 1771 2122 ⁸1¹¹ss
1791 2061 1918 2164 “ffltlfflffi

296 2162 481 2230 devotionis
492 2167 649 2230 affectum
662 2170 732 2234 suis
744 2171 872 2236 meritis
894 2173 927 2235 et
939 2174 1092 2252 precibus
1181 2153 1303 2212 libertati
1318 2154 1456 2223 ¹⁰⁸¹¹¹¹¹⁸⁸2
1471 2168 1524 2211 ¹¹0⁰
1545 2151 1692 2227 ¹fflled¹⁸¹r
1705 2166 1849 2252 lu⁰¹¹l¹¹¹¹¹⁸
1861 2163 1917 2207 ⁰³¹¹·

296 2261 383 2338 apud
410 2263 596 2341 piissimum
626 2269 770 2343 Patrem,
808 2271 842 2334 et
869 2272 1092 2350 justissimum
1182 2257 1244 2299 sem
1257 2256 1339 2300 suam
1353 2255 1451 2300 coram
1471 2240 1596 2315 prelatis
1613 2239 1755 2316 iudicibus
1771 2239 1851 2298 bbere
1864 2250 1917 2312 pro-

291 2360 438 2437 judicem
462 2365 715 2430 commendabit.
740 2369 869 2432 Vestris
894 2370 1007 2449 itaque
1033 2389 1093 2434 cu·
1183 2335 1327 2404 mmm*
1781 2463 1787 2474 ·
1900 2458 1907 2472 .

295 2457 423 2535 pientes
438 2463 693 2526 necessitatibus
715 2465 901 2544 providere,
916 2484 977 2531 sex
988 2468 1092 2532 libras
1187 2469 1268 2530 Cum
1283 2482 1323 2530 ea
1333 2466 1373 2529 de
1386 2466 1545 2530 iratribus
1558 2467 1592 2530 et
1603 2461 1923 2574 coepiscoprstnostns

296 2557 424 2619 usualis
438 2563 590 2634 monetae,
602 2562 696 2626 vobis
710 2566 743 2627 et
757 2567 1093 2630 successoribusves·
1146 2565 1335 2628 audiuimus
1356 2580 1431 2644 quae
1458 2564 1659 2643 pontificalis
1683 2561 1846 2626 modestia
1860 2573 1923 2670 ⁸non

295 2652 356 2715 tris
379 2653 419 2715 de
442 2671 574 2720 camera
595 2659 684 2722 beati
710 2663 801 2724 Petri
827 2663 969 2740 singulis
992 2666 1091 2728 annis
1147 2662 1503 2741 sapiuntgraritatem,
1519 2662 1611 2726 tanto
1624 2657 1923 2740 majoriturbatrone

296 2752 528 2828 percipiendas
543 2758 778 2831 concessimus,
803 2758 907 2822 donec
922 2762 957 2822 in
979 2763 1092 2841 aliquo
1146 2761 1390 2834 contundimur,
1405 2761 1528 2839 quanto
1543 2760 1679 2824 illorum
1694 2772 1846 2822 excessus
1859 2769 1923 2816 ma-

296 2849 387 2911 certo
398 2850 471 2912 loco
480 2852 574 2915 vobis
583 2871 656 2917 esse
667 2854 793 2918 utiliter
801 2859 979 2936 assignatae
993 2858 1089 2940 (sic):
1142 2861 1199 2938 jus
1213 2857 1337 2920 afferre
1355 2858 1549 2921 scandalum
1573 2857 1751 2931 intuemur,
1772 2855 1924 2962 dumpec-

295 2947 490 3023 statuentes,
517 2952 552 3013 ut
575 2968 625 3026 ea,
650 2970 722 3032 qnae
748 2955 790 3017 ad
817 2957 1091 3020 sustentationem
1146 2956 1260 3019 cantes
1279 2971 1419 3034 peccare
1442 2955 1569 3019 iaciunt
1592 2955 1679 3020 alios
1707 2953 1764 3033 qui
1786 2947 1927 3014 adlnbem

293 3045 438 3108 vestram
452 3051 670 3114 consuevistis
682 3053 853 3132 percipere
867 3054 908 3118 de
919 3057 1091 3120 monaste·
1145 3053 1305 3118 deberent
1320 3054 1471 3131 exemplo
1486 3052 1650 3116 bonorum
1671 3045 1928 3160 operumsemetf
1987 3065 1988 3104 i

293 3144 346 3205 rio
358 3145 665 3220 Sublacensivobis
676 3152 1092 3218 etsuccessoribusvestris
1146 3153 1248 3231 ipsos.
1260 3155 1347 3215 Sane
1356 3151 1410 3214 W.
1425 3150 1608 3214 monachus
1625 3150 1820 3214 monastemr
1835 3141 1928 3248 sancti

296 3243 642 3319 propterhocminime
652 3250 865 3325 negarentur.
879 3253 1092 3316 Postmodum
1146 3249 1314 3312 Lamberti
1328 3264 1465 3328 gravem
1479 3247 1575 3310 nobis
1588 3247 1831 3326 querimoniam
1843 3240 1929 3304 desb-

295 3340 489 3404 autemcum
503 3345 630 3406 reversi
647 3344 825 3410 fuissemus
835 3349 876 3410 ad
888 3349 1014 3424 urbem,
1026 3349 1094 3432 [in-
1146 3347 1238 3411 navit
1251 3345 1351 3427 quod,
1376 3362 1478 3411 causa
1501 3346 1703 3410 electionum
1724 3345 1881 3408 iacterum
1896 3335 1930 3446 de

293 3436 457 3520 uenimus]
483 3442 642 3519 quosdam
665 3444 706 3507 de
729 3443 887 3508 iratribus
908 3448 1028 3510 vestris
1049 3448 1092 3512 ad
1146 3447 1219 3524 ipso
1255 3447 1289 3509 et
1315 3443 1445 3507 Vualok
1476 3445 1640 3508 monacho
1673 3446 1711 3508 in
1745 3437 1930 3505 monasterio

296 3537 445 3600 nostram
477 3541 689 3616 praesentiam
722 3543 896 3606 destinatis
920 3545 1092 3609 humiliter
1146 3543 1329 3608 memorato
1350 3542 1514 3621 pendente
1537 3557 1650 3605 coram
1673 3539 1841 3650 judicibus
1864 3550 1883 3597 a
1903 3547 1932 3593 so

293 3633 521 3713 implorantes,
538 3639 575 3701 ut
588 3641 838 3704 concessionem
856 3643 964 3721 ipsam
978 3643 1015 3707 in
1027 3645 1093 3706 ali·
1147 3642 1232 3706 Sede
1244 3640 1433 3719 apostolica
1448 3639 1621 3718 delegatis,
1637 3640 1677 3702 tu
1692 3656 1769 3702 eum
1784 3654 1818 3699 m
1833 3631 1931 3740 eccle-⁸

294 3748 359 3811 quo
375 3737 465 3799 certo
480 3737 553 3800 loco
568 3737 783 3816 dignaremur
804 3743 963 3820 perpetuo
987 3741 1092 3805 stabi-
1146 3741 1197 3802 sia
1212 3739 1287 3820 capi
1302 3739 1479 3818 tyrannica
1492 3735 1625 3801 feritate
1639 3736 1754 3800 iecisti
1768 3737 1801 3799 et
1819 3728 1933 3796 retrudi

293 3829 367 3905 lire,
385 3832 426 3896 de
440 3850 505 3912 quo
525 3837 682 3914 praelatas
704 3853 764 3900 sex
788 3837 892 3901 libras
916 3840 1089 3919 percipere
1146 3840 1181 3901 in
1196 3854 1364 3902 carcerem
1376 3836 1523 3915 graviter
1536 3836 1751 3898 vulneratum
1762 3836 1798 3944 in
1813 3846 1873 3911 quo
1883 3826 1934 3889 ad·

293 3930 462 3994 raleretis.
486 3934 555 3996 Nos
578 3934 691 4011 igitur,
715 3935 829 3998 babito
845 3937 984 4000 iratrum
1007 3955 1090 4002 nos·
1146 3938 1213 3999 huc
1227 3936 1355 4000 detines
1379 3951 1455 3998 eum
1476 3935 1512 3996 in
1532 3933 1689 4007 vinculis,
1714 3934 1753 3996 ut
1771 3927 1934 4042 srcsaltom

293 4028 421 4091 trorum
436 4031 576 4093 consilio
600 4033 634 4094 et
656 4048 807 4105 assensu,
824 4037 896 4112 jam
911 4034 1017 4098 dictas
1032 4053 1093 4100 sex
1146 4035 1285 4112 cogatur
1303 4051 1324 4098 a
1346 4033 1580 4112 prosecutione
1598 4031 1764 4096 desistere
1779 4033 1865 4140 juris
1878 4037 1933 4136 sin,

293 4125 397 4188 libras
410 4127 504 4189 robis
523 4128 556 4191 et
579 4131 828 4193 successoribus
840 4132 962 4196 vestris
982 4134 1094 4211 perci·-
1147 4131 1326 4210 quostiam
1346 4131 1395 4193 sic
1417 4131 1549 4194 detento
1568 4145 1627 4207 pro
1647 4127 1856 4236 corrigendis
1873 4133 1934 4200 ejus

294 4222 434 4302 piendas
446 4225 588 4302 singulis
596 4229 694 4290 annis
704 4227 745 4292 de
757 4245 869 4291 annuo
877 4245 981 4292 censu
990 4231 1092 4294 castri
1147 4228 1353 4302 excessibus,
1375 4245 1458 4307 quos
1481 4227 1661 4290 insinuasti
1682 4243 1758 4290 esse
1783 4237 1892 4289 uarios
1908 4216 1936 4326 et

296 4321 674 4398 Pontianiconcedimus,
686 4327 976 4390 etoonoessionem
985 4329 1092 4406 ipsam
1146 4327 1360 4407 multiplices,
1383 4326 1583 4404 apostolicas
1612 4325 1745 4388 litteras
1765 4317 1936 4432 impetrasti

295 4421 452 4500 praesenti
464 4422 641 4502 privilegio
652 4423 898 4486 confirmamus.
911 4425 1004 4488 Nulli
1013 4443 1092 4505 ergo
1146 4427 1183 4489 ut
1201 4441 1317 4489 earum
1341 4425 1516 4489 occasione
1540 4423 1731 4487 deservires
1752 4421 1888 4485 liberius
1906 4427 1937 4474 ιιι

295 4519 431 4582 omnino
446 4521 617 4584 hominum
632 4523 1094 4601 liceatbancpaginamnos-
1134 4513 1309 4588 eumdem.
1336 4527 1441 4586 Porro
1469 4539 1544 4585 cum
1579 4521 1667 4584 idem
1696 4519 1937 4600 procuratorem

294 4619 357 4680 trae
365 4619 590 4684 concessionis
599 4622 632 4683 et
641 4620 890 4684 constitutionis
897 4619 1091 4700 infringere,
1147 4639 1242 4684 suum
1256 4623 1297 4684 ad
1309 4622 1400 4685 tuam
1416 4621 1578 4698 synodum
1597 4618 1801 4682 destinasset
1815 4611 1939 4679 contra-

294 4717 349 4778 uel
372 4717 404 4780 ei
430 4733 515 4780 ausu
540 4718 720 4782 temerario
743 4719 922 4782 contraire.
953 4719 989 4782 Si
1019 4721 1093 4799 quis
1147 4719 1323 4791 dicturum,
1357 4733 1409 4779 ne*
1432 4733 1534 4780 causa
1566 4716 1734 4795 pendente
1773 4711 1938 4824 praeietum

296 4815 407 4878 autem
427 4815 492 4878 boc
519 4817 684 4880 attentare
714 4817 974 4896 presumpserit,
999 4818 1091 4881 indi·
1146 4817 1277 4881 vualck
1287 4815 1500 4878 benediceres
1515 4815 1551 4878 in
1570 4814 1737 4877 abbatem.
1754 4815 1806 4875 'l'u
1825 4806 1940 4873 mnne-

295 4912 487 4986 gnationem
509 4916 744 4993 omnipotentis
768 4915 845 4989 Dei,
868 4917 902 4978 et
919 4914 1093 4980 beatorum
1147 4915 1257 4976 minus
1270 4915 1345 4992 post
1357 4912 1613 4992 appellationem
1637 4911 1767 4990 abipso
1784 4920 1939 4989 procura·

296 5009 389 5070 Petri
405 5009 438 5070 et
449 5011 546 5072 Pauli
559 5013 792 5088 Apostolorum
811 5017 895 5091 ejus,
913 5029 949 5076 se
963 5015 1093 5078 noverit
1146 5012 1219 5075 tore
1231 5011 1377 5088 legitime
1392 5011 1633 5088 interpositam,
1653 5010 1753 5072 illum
1768 5010 1828 5072 lite
1840 5005 1941 5069 adnuo

295 5108 518 5169 incursurum.
535 5111 651 5170 Amen,
670 5113 786 5174 Amen.
802 5115 920 5177 Amen.
1147 5109 1313 5173 existente
1332 5107 1392 5170 sub
1409 5108 1523 5186 judice
1537 5109 1573 5171 in
1589 5107 1744 5170 abbatem
1759 5116 1941 5187 praesump-

336 5205 445 5282 «ego
478 5206 690 5268 innocentius
726 5207 905 5272 catholica
935 5209 1093 5273 Ecclesia
1148 5208 1221 5270 sisti
1233 5207 1267 5270 et
1280 5207 1315 5269 in
1337 5206 1584 5304 procuratorem
1604 5208 1675 5284 jam
1696 5203 1838 5316 dictum,
1858 5195 1944 5312 nulla

297 5304 483 5382 episcopus.
500 5303 573 5366 Dat.
589 5303 746 5366 Laterani
766 5321 826 5384 per
839 5321 975 5370 manum
989 5306 1093 5370 Blasii
1147 5305 1329 5368 monitione
1367 5305 1551 5383 praemissa,
1590 5306 1943 5367 excommumcauoms

296 5401 546 5464 Turritanensis
560 5400 668 5475 electi,
681 5403 776 5465 sexto
786 5403 954 5467 Kalendas
966 5405 1090 5478 Martii,
1148 5401 1345 5466 sententiam
1368 5403 1580 5481 promulgare
1610 5401 1738 5465 iaciens
1768 5400 1881 5479 ipsum
1909 5391 1945 5504 tto

298 5500 479 5564 indictione
489 5501 544 5574 ΙΙ,
557 5499 800 5562 incarnationis
814 5501 1093 5566 Dominicaeanno
1149 5501 1274 5580 synodo
1289 5501 1431 5579 turpiter
1444 5499 1522 5579 ejici
1536 5501 1569 5562 et
1583 5515 1603 5562 a
1623 5497 1852 5608 servientibus
1870 5495 1942 5600 turs,

297 5600 423 5673 Metili,
447 5597 658 5677 pontificatus
674 5612 753 5661 vero
768 5595 893 5662 domini
908 5600 1094 5664 Innocentii
1147 5600 1227 5663 licet
1243 5599 1331 5664 esset
1344 5599 1380 5660 ln
1400 5595 1656 5662 subdiaconatus
1678 5595 1801 5660 ordrne
1821 5589 1945 5657 constr·

299 5701 398 5778 Papae
410 5700 468 5770 ΙΙΙ,
482 5713 570 5760 anno
586 5697 691 5762 sexto.
708 5713 727 5758 r
1148 5696 1237 5760 tutus
1259 5694 1434 5760 inhoneste
1454 5693 1604 5758 tractari.
1629 5694 1677 5758 nd
1697 5693 1772 5756 haec
1788 5705 1866 5756 cum
1880 5699 1946 5748 mo·
