4080 6316
122 252 185 314 sia
258 219 260 222 ’
746 246 980 314 aristeum.
1004 255 1082 314 nis.
1107 253 1147 314 ιιι.
1714 259 1773 322 su

124 412 204 475 dum
227 411 427 488 accepimus,
451 410 626 473 ecclesiam
646 410 838 472 casemarii
863 425 922 472 oo-
975 411 1323 476 mmecclesiasticam
1341 415 1512 492 praemissa
1528 415 1709 479 monitione
1722 433 1775 480 ca·

123 509 276 572 rumdam
304 507 467 571 vocabulo
499 508 705 585 insignitam,
742 511 920 586 antequam
977 511 1096 574 nonica
1112 526 1280 574 exercere.
1296 515 1400 575 Porro
1415 515 1775 592 tutunostrapraesen·

123 607 255 670 ordinis
270 608 375 669 vestri
388 607 553 685 reciperet
574 606 736 678 institute,
754 622 813 684 pro
826 607 921 684 ipso·
975 608 1022 670 tia
1040 625 1075 670 es
1093 612 1291 688 conquestus
1310 611 1442 672 easdem
1459 611 1685 689 indulgentias
1701 629 1774 676 esse

124 720 200 768 rum
215 706 420 778 venerantia,
439 708 473 767 et
486 705 674 772 dilectione,
696 721 761 782 qua
775 708 920 766 vestrum
976 706 1269 784 perobreptionem
1278 708 1429 771 obtentas
1438 711 1473 770 in
1482 711 1775 774 Bituricameccle·

122 803 277 865 ordinem
311 803 561 880 amplectamur,
591 802 725 878 egregia
755 804 921 864 structura
977 804 1280 882 siaeprsejudicinm
1296 807 1567 880 manifestumeo
1582 809 1777 887 quodocca-
1821 841 1832 856 ι

123 900 265 962 lecimus
280 899 448 972 fabricari,
466 915 605 977 eamque
618 899 779 962 advocata
793 901 923 978 episco·
977 901 1072 964 sione
1087 904 1202 979 primas
1214 906 1348 980 possent
1362 907 1458 982 quasi
1474 922 1517 968 ex
1535 908 1604 970 toto
1617 911 1775 970 evacuari

125 1013 244 1075 porum
260 998 482 1070 multitudine,
497 997 690 1060 solemniter
710 999 924 1059 consecravi·
977 999 1150 1062 sententiae
1163 1000 1332 1062 interdicti
1345 1017 1363 1063 a
1379 1004 1411 1064 te
1424 1004 1476 1064 vel
1490 1005 1556 1066 tuis
1571 1007 1777 1067 successori-

123 1095 433 1158 musadhcnorem
447 1095 921 1167 liei,acDomininost1·iJesu
976 1093 1038 1154 bus
1064 1096 1291 1172 promulgate,
1319 1112 1393 1158 cum
1420 1095 1507 1159 idem
1537 1102 1773 1163 monasterium

123 1193 262 1266 Christi,
289 1195 321 1256 et
349 1193 600 1270 gloriosissima
628 1195 743 1254 matris
767 1195 853 1270 ejus,
884 1207 923 1253 ac
978 1192 1193 1254 ecclesiarum
1228 1194 1471 1270 parochialium
1496 1213 1577 1273 quas
1608 1198 1776 1274 prioratus

124 1292 311 1368 Martyrum
327 1291 572 1368 praedictorum.
590 1293 672 1357 Cum
691 1291 793 1367 igitur
807 1293 920 1362 sivos,
978 1290 1147 1367 appellant
1158 1291 1403 1355 multitudinem
1420 1293 1541 1355 babeat
1560 1295 1594 1356 in
1620 1295 1676 1358 tua
1691 1296 1777 1358 dioe-

123 1389 209 1451 ordo
220 1405 360 1467 quorum
376 1388 572 1452 observatur
586 1389 719 1460 ibidem,
732 1388 922 1451 eorumdem
978 1389 1057 1461 eesi,
1070 1391 1103 1452 et
1118 1388 1258 1467 populus
1271 1391 1466 1452 nominatim
1478 1407 1544 1452 non
1555 1393 1662 1456 soleat
1677 1395 1776 1455 inler—
1848 1402 1856 1410 '

124 1487 325 1550 Sanctorum
353 1486 546 1549 memoriam
569 1487 707 1564 speciali
746 1487 924 1548 devotione
978 1485 1054 1547 dici.
1067 1489 1321 1550 Praetextuvero
1332 1489 1487 1550 secundae
1498 1489 1595 1551 datur
1604 1492 1776 1552 monacbis

124 1584 275 1648 recolere
315 1583 476 1656 debeatis,
513 1600 572 1660 per
605 1585 795 1662 apostolica
830 1583 923 1646 vobis
978 1584 1060 1660 ipsis
1083 1585 1224 1646 audacia
1245 1586 1320 1648 tuos
1344 1585 1484 1648 clericos
1510 1587 1707 1650 verberandi
1735 1590 1774 1650 ad

124 1680 250 1758 scripta
262 1679 923 1758 maneamusquatemseomnpreclara
978 1682 1063 1759 quod
1083 1683 1159 1744 illos
1179 1683 1302 1745 asseris
1324 1701 1397 1746 esse
1413 1701 1547 1760 pronos.
1565 1688 1630 1748 Per
1643 1688 1775 1748 tertiam

122 1777 290 1840 solemnia
304 1777 446 1848 faciatis,
458 1792 640 1855 peromnes
651 1777 809 1841 ecclesias
820 1777 923 1838 vestri
978 1781 1088 1842 autem
1099 1780 1229 1842 videtur
1239 1781 1350 1858 quoad
1358 1783 1436 1860 quid
1455 1785 1611 1845 evacuari
1625 1786 1773 1862 provisio

123 1875 254 1938 ordinis
271 1876 307 1937 in
329 1874 502 1938 duodecim
518 1874 718 1938 lectionibus
733 1875 832 1952 annis
853 1875 925 1936 sin·
979 1879 1144 1940 mediante
1164 1878 1270 1941 felicis
1296 1881 1538 1943 recordationis
1559 1884 1775 1945 innnocentio

122 1973 215 2049 gulis
228 1973 444 2036 veneratione
468 1989 615 2049 congrua
630 1971 817 2035 celebrari:
836 1973 870 2035 et
888 1973 923 2035 in
979 1992 1064 2054 papa
1073 1976 1316 2054 praedecessore
1327 1979 1440 2040 nostro
1455 1979 1542 2042 inter
1552 1981 1584 2042 te
1595 1995 1634 2042 ao
1643 1997 1778 2042 mornas-

123 2071 254 2133 litaniis
273 2087 389 2134 eorum
409 2071 583 2149 implorari
606 2070 815 2148 suffragium,
827 2072 924 2148 juxta
980 2075 1098 2137 terium
1114 2075 1224 2152 ipsum
1234 2075 1338 2147 iacta,
1353 2092 1412 2153 per
1426 2091 1525 2154 quam
1545 2077 1604 2138 tibi
1620 2079 1778 2140 concedi-

124 2185 254 2232 morem
292 2172 452 2234 Romanae
491 2169 650 2230 Ecclesiae
692 2169 922 2245 praenotatum.
978 2174 1033 2235 tur
1063 2172 1253 2250 jnrisdictic
1293 2174 1520 2237 ecclesiastica
1557 2176 1591 2236 in
1624 2176 1774 2238 homines

164 2267 257 2330 Datis
276 2271 404 2342 Romae,
426 2266 513 2344 apud
530 2266 686 2330 sanetum
700 2268 847 2338 Petrum,
862 2268 924 2328 Xil
979 2271 1058 2332 dicti
1073 2270 1169 2347 burgi
1184 2271 1405 2352 praeterquam
1421 2273 1457 2333 in
1473 2274 1654 2350 parrochus
1671 2274 1776 2352 ipsius

124 2365 193 2430 kal.
207 2365 297 2443 Julii,
312 2381 400 2428 anno
415 2364 573 2428 secundo.
980 2369 1172 2431 monasterii
1195 2369 1368 2447 speciales.
1387 2373 1455 2432 Nos
1476 2371 1579 2448 igitur
1598 2389 1698 2449 super
1722 2373 1775 2433 his

446 2507 599 2595 CGGIH
979 2466 1019 2527 de
1033 2466 1171 2529 fratrum
1191 2469 1384 2530 nostrorum
1396 2469 1536 2530 consilio
1551 2470 1774 2546 providentes,

947 2640 948 2644 Ἰ
979 2563 1070 2625 illam
1084 2564 1777 2642 quaeconcediturcelebraredivinaoiiicia

205 2645 564 2719 Adcrobieptscopum
578 2641 842 2704 Βῑίαήθθηθθῖη·
978 2663 1125 2738 tempore
1148 2663 1316 2725 interdicti
1341 2663 1376 2723 in
1399 2664 1600 2741 prioratibus
1616 2663 1774 2742 subjectis

424 2755 530 2829 iijtm.
547 2756 626 2814 iiii.
979 2761 1180 2822 monasterio
1204 2761 1398 2833 memorate,
1422 2762 1718 2825 excommunicatis
1745 2765 1778 2824 et

159 2860 891 2929 [aaron.itb.11,epin.tti⁷;ils.insereremus]
979 2859 1174 2920 nominatim
1203 2857 1389 2921 interdictis
1414 2860 1571 2931 exclusis
1599 2861 1648 2921 sic
1674 2860 1776 2921 duxi-

123 2963 243 3036 Aliquas
255 2962 459 3036 indulgentias,
473 2961 540 3019 olim
552 2960 726 3018 manasterio
738 2959 838 3018 Dolen.
852 2973 920 3016 con·
979 2971 1053 3016 mus
1080 2955 1326 3028 moderandam,
1350 2957 1387 3018 ut
1407 2957 1563 3018 videlicet
1582 2957 1645 3018 liac
1667 2958 1778 3019 deter-

398 3065 507 3120 cessas,
523 3056 648 3114 revocat.
978 3053 1160 3114 minatione
1186 3053 1382 3114 nominatim
1405 3054 1526 3126 amota,
1549 3056 1778 3116 excommuni-

165 3161 345 3233 Honorius,
357 3158 628 3232 etc.,renerabili
640 3156 772 3219 fratri...
790 3158 924 3220 archie-
978 3151 1044 3212 cati
1086 3154 1119 3212 et
1156 3150 1323 3213 interdicti
1357 3151 1430 3213 sine
1468 3151 1681 3215 distinctione
1716 3169 1776 3216 seu

123 3261 262 3338 piscopo
277 3259 456 3321 bituricen.
978 3248 1255 3312 determinatione
1271 3248 1419 3325 qualibel
1427 3249 1468 3310 ab
1483 3251 1565 3326 ipsis
1580 3250 1774 3326 intelligan-

166 3357 281 3418 Dolen.
293 3355 532 3418 monasterium
543 3354 622 3415 olim
638 3351 798 3431 quasdam
812 3352 924 3414 indul·
978 3349 1033 3410 tur
1046 3347 1199 3408 ecclesiis
1217 3346 1426 3409 excludendi.
1444 3349 1681 3410 Executlcnem
1697 3366 1775 3410 vero

122 3435 774 3532 gentiasasedeapostolieaimpetravit,
784 3467 923 3528 quarum
978 3446 1163 3522 illiusque,
1191 3445 1226 3507 ut
1254 3445 1448 3522 praedictum
1463 3447 1528 3518 est,
1563 3447 1778 3524 indulgentur

124 3568 193 3614 una
208 3552 269 3614 luit
284 3552 320 3613 ut
333 3566 408 3612 cum
422 3553 522 3612 terrae
535 3549 691 3626 generale
708 3548 809 3610 luerit
824 3548 924 3610 inter·
978 3542 1089 3604 abbati
1108 3558 1243 3604 sucrum
1259 3542 1423 3604 absolutio
1439 3546 1472 3605 ei
1486 3543 1688 3620 dispensatio
1706 3561 1777 3605 mo-

123 3651 260 3722 dictum,
284 3649 400 3711 liceret
416 3647 575 3710 iratribus
599 3631 706 3724 ipsius
728 3645 923 3707 monasterii
978 3641 1161 3702 nacnomm
1182 3641 1260 3702 aliis
1275 3642 1510 3703 committentis
1528 3641 1776 3718 dispensatione

124 3746 387 3810 consistentibus
407 3747 441 3807 in
468 3744 671 3824 prioratibus
691 3742 848 3822 subjectis
868 3743 922 3804 ei·
978 3739 1113 3799 omnino
1132 3737 1273 3812 sublata,
1291 3755 1330 3800 ea
1343 3756 1409 3815 qua
1421 3738 1518 3802 datur
1538 3740 1644 3801 eidem
1665 3739 1776 3801 abbati

123 3847 211 3919 dem,
225 3845 350 3908 clausis
361 3845 487 3922 januis,
502 3860 568 3905 non
584 3842 723 3920 pulsatis
738 3841 921 3919 campanis,
978 3836 1119 3898 facultas
1139 3836 1316 3898 exercendi
1337 3852 1512 3898 censuram
1531 3839 1726 3899 canonicam
1741 3839 1776 3898 in

123 3942 421 4008 excommunicatis
452 3943 485 4004 et
515 3941 710 4003 nominatim
737 3938 923 4002 interdictis
978 3934 1142 4012 quoslibet
1160 3934 1249 3996 inira
1264 3935 1388 4011 regalis
1403 3938 1435 3997 et
1451 3936 1650 4013 pontificalis
1663 3937 1776 4013 digni-

122 4041 282 4115 exclusis,
302 4055 479 4118 suppressa
489 4055 571 4102 voce
586 4038 699 4100 divina
714 4038 825 4099 ol'iicia
841 4037 925 4099 cele·
977 4035 1082 4096 tatum
1115 4033 1225 4096 cilicia
1253 4035 1462 4108 constitutus,
1493 4051 1593 4113 super
1622 4037 1775 4099 libertate

122 4141 239 4214 brare3
257 4139 335 4211 alia,
357 4140 393 4200 ut
412 4137 517 4216 ipsius
540 4138 604 4198 loci
628 4136 740 4198 abbati
763 4135 923 4214 usquead
978 4131 1073 4208 burgi
1087 4133 1215 4204 Dolon,
1229 4149 1287 4194 seu
1302 4133 1505 4211 quibuslibet
1525 4134 1621 4196 bonis
1646 4135 1697 4196 vel
1713 4135 1776 4196 bo-

126 4237 308 4300 triennium
342 4235 541 4297 auctoritate
574 4235 687 4296 nostra
713 4233 829 4295 liceret
852 4235 924 4311 ejus
979 4229 1122 4292 minibus
1144 4231 1293 4308 ejusdem
1306 4231 1404 4309 burgi
1430 4231 1629 4295 violentiam
1647 4234 1681 4294 in
1705 4234 1777 4311 ipso

123 4334 305 4396 monachos
324 4333 382 4412 qui
406 4349 465 4410 pro
490 4333 671 4410 injectione
686 4348 843 4395 manuum
856 4331 925 4393 vio·
978 4329 1094 4406 burgo,
1115 4329 1168 4390 vel
1188 4333 1261 4407 ejus
1280 4330 1450 4392 territorio
1466 4330 1636 4403 iacientes,
1648 4332 1779 4411 simpli-

123 4434 214 4496 lenta
230 4433 264 4494 in
283 4447 445 4494 canonem
458 4431 644 4492 inciderent
658 4430 832 4492 sententiae
845 4445 925 4507 pro·
979 4427 1062 4489 citer
1080 4443 1286 4489 revocamus.
1303 4429 1395 4490 Nulli
1414 4443 1493 4504 ergo
1510 4428 1596 4489 banc
1621 4429 1776 4505 paginam

123 4531 292 4607 mulgatae,
309 4531 481 4608 postquam
493 4530 718 4606 competenter
736 4527 922 4589 satisfecis—
979 4527 1101 4588 nostrae
1120 4525 1322 4604 provisionis
1337 4526 1532 4602 infringere,
1551 4528 1633 4602 etc.;
1655 4526 1683 4587 sl
1702 4527 1776 4604 quis

124 4631 200 4692 sent
228 4629 335 4706 passis
355 4627 531 4705 injuriam,
562 4626 737 4688 dummodo
766 4641 924 4687 excessus
978 4625 1101 4695 autem,
1130 4624 1192 4685 etc.
1221 4625 1339 4685 Datum
1363 4625 1476 4685 Romae
1501 4624 1589 4702 apud
1617 4626 1774 4686 Sanctum

123 4743 239 4790 eorum
248 4743 313 4788 non
322 4729 410 4787 esset
421 4725 534 4802 gravis
544 4725 577 4787 et
585 4725 741 4796 enormis,
751 4724 924 4789 absolvere
980 4723 1125 4793 Petrum,
1139 4722 1185 4780 XI
1200 4719 1361 4782 kalendas
1372 4721 1461 4797 julii,
1472 4737 1559 4817 anno
1568 4723 1725 4784 secundo.

118 4827 218 4904 juxta
241 4824 379 4886 sormam
393 4823 543 4885 ecclesiae
558 4823 762 4895 consuetam,
788 4822 926 4909 dispen-
1303 4863 1452 4953 GGGIV

123 4924 228 4984 sando
239 4939 314 4984 cum
327 4922 395 4982 illis
405 4922 462 4999 qui
472 4921 751 4984 excommunicati
761 4921 925 4984 celebras·
1248 4992 1254 5004 ·
1642 4995 1648 5007 ι

123 5022 198 5086 sent
212 5020 337 5092 divina,
353 5019 501 5098 inluncta
513 5019 563 5080 eis
579 5019 773 5096 paenitentia
786 5035 923 5096 compe·
1077 4992 1130 5051 Λα
1147 4991 1369 5056 Wwdlzmum
1380 4993 1499 5052 dmm
1515 4995 1556 5053 de
1570 4995 1676 5056 ΚΜ·

123 5119 219 5182 tenti.
246 5117 375 5190 Tertia,
404 5116 547 5206 uiridem
572 5116 674 5178 abbas
699 5117 734 5178 in
760 5116 925 5195 quoslibet
1274 5104 1309 5162 ²²
1320 5104 1383 5177 1¹1⁰·
1401 5105 1480 5164 ¹²¹⁸·

122 5215 212 5279 intra
239 5214 386 5292 regalem
413 5215 445 5276 et
471 5213 694 5290 pontificalem
730 5213 924 5290 dignitatem
1119 5210 1246 5274 [visino.
1264 5211 1331 5263 l¹0¹¹·
1347 5211 1639 5276 solonio,1,s,n.is.]

123 5313 235 5376 cilicia
248 5313 443 5375 constitutos
459 5327 560 5389 super
575 5313 729 5374 libertato
747 5311 844 5388 burgi
858 5315 925 5374 Do-
1005 5310 1164 5368 Ecclesiam
1177 5309 1253 5368 beati
1267 5311 1346 5368 Pauli
1360 5310 1395 5368 de
1408 5311 1487 5368 ilalis
1501 5310 1553 5368 sub
1569 5311 1644 5369 Petri
1659 5318 1687 5368 et
1700 5326 1751 5369 sua

123 5414 190 5474 len.
218 5427 278 5473 seu
300 5410 501 5488 quibuslibet
526 5410 623 5472 bonis
651 5411 703 5472 vel
734 5409 925 5472 hominibus
1216 5400 1393 5473 llf⁰le⁰li⁰¹¹³
1415 5399 1544 5472 suscipit.

123 5509 271 5588 eJ'usdem
284 5508 392 5585 burgi,
409 5509 602 5571 violentiam
617 5508 735 5586 inipso
750 5507 856 5586 burgo
871 5509 925 5571 vel
1019 5509 1189 5571 Honorius
1198 5509 1384 5587 episcopus,
1398 5523 1515 5570 servus
1528 5524 1701 5572 servorum
1708 5513 1778 5584 Dei,

123 5612 196 5688 ejus
206 5607 376 5670 territorio
390 5606 562 5682 iacientes,
574 5605 678 5668 libere
689 5609 801 5686 posset
811 5621 926 5668 ceusu·
981 5607 1102 5671 dilecto
1130 5608 1198 5676 lilio
1225 5607 1328 5672 aichili
1357 5607 1778 5680 viromanduensis,
