3994 6326
263 332 319 390 711
883 333 1057 396 HONOIIII
1081 331 1124 394 111
1148 334 1295 396 OPERA.
1832 341 1879 402 ila

263 491 368 568 partis
402 492 653 570 procuratorum
691 505 845 564 assensu,
876 492 1060 555 venerabili

262 591 359 655 tratri
373 594 524 652 nostro...
537 594 672 652 Reman.
685 589 937 668 archiepiscopo
945 595 979 654 et
986 608 1061 655 con·

1116 495 1237 571 praeter
1258 491 1538 572 vigintiquinque
1555 494 1677 556 solidos
1700 497 1755 558 aut
1776 501 1880 562 matuli-

1116 590 1221 664 naleS,
1239 594 1299 654 aut
1315 591 1625 654 anniversariorum
1638 593 1795 666 denarios,
1811 597 1833 657 si
1846 602 1881 658 ta·

260 688 428 766 jndicibus
447 688 517 749 suis
535 705 554 750 a
574 687 669 750 bonae
683 690 851 750 memoriae
868 689 1059 752 Innocentio

262 803 348 864 papa
361 787 604 863 praedecessore
617 788 730 850 nostro
743 787 918 848 commissa
930 787 1058 860 suisset,

1115 704 1191 750 men
1205 690 1274 752 illis
1288 689 1488 761 interfuerit,
1506 689 1660 768 deinceps
1680 690 1720 752 de
1734 693 1880 769 prebenda

1116 803 1175 848 sua
1191 787 1362 866 percipiet,
1378 805 1439 850 nec
1453 787 1596 866 aliquem
1612 791 1882 866 recipereconsen-

263 887 411 961 eiusque
425 883 466 945 ad
483 885 553 948 litis
569 885 854 956 contestationem,
867 885 942 958 etc,
960 902 1061 963 prop-
1114 885 1184 959 tiot,
1202 886 1301 948 nisia
1316 886 1471 948 kalendis
1485 888 1628 963 augusti,
1649 889 1800 965 usquead
1814 889 1882 951 alias

261 985 314 1044 ter
328 982 544 1044 remotionem
561 984 672 1044 tamen
695 983 845 1060 iudicum
870 983 1059 1046 eorumdem

264 1095 324 1157 per
338 1079 483 1158 quinque
496 1097 602 1142 annos
622 1081 813 1158 etamplius
834 1082 983 1143 indecisa
1000 1097 1059 1143 re-

263 1179 397 1238 mansit.
411 1178 505 1240 Unde
518 1179 596 1256 quia
614 1180 856 1242 commissionis
872 1179 1060 1256 hujusmodi

264 1275 386 1337 litterae
406 1276 487 1337 sunt
505 1277 648 1348 amissae,
665 1277 935 1355 archiepiscopus
960 1278 1059 1338 etiam

262 1376 465 1436 memoratus
486 1376 653 1452 assumpto
673 1374 814 1436 viviflcae
834 1376 942 1437 culcis
965 1375 1060 1451 signo

1115 983 1262 1062 ejusdem
1278 985 1402 1045 mensis
1414 985 1588 1056 kalendas,
1601 985 1634 1046 in
1650 986 1779 1046 civitate
1792 990 1882 1049 nostra

1115 1081 1201 1157 apud
1226 1097 1286 1144 nos
1313 1084 1519 1144 mansionem
1547 1083 1740 1161 inproprie
1767 1100 1882 1161 persona

1116 1179 1232 1241 lecerit
1245 1195 1306 1257 per
1317 1196 1377 1241 sex
1388 1182 1694 1254 meusescontinue,
1705 1182 1884 1260 veliuterpo

1115 1275 1192 1347 late,
1210 1275 1380 1338 mensibus
1395 1278 1592 1353 computatis
1605 1292 1665 1355 per
1678 1280 1813 1354 quatuor
1824 1295 1884 1355 sop-

1116 1374 1271 1446 timanas,
1288 1377 1430 1435 caveant
1448 1376 1558 1436 tamen
1578 1391 1620 1437 ne
1635 1375 1724 1436 circa
1740 1378 1883 1438 servitium

263 1471 328 1532 iter
353 1471 511 1548 arripuit,
538 1473 573 1534 ut
601 1473 753 1534 exsolvet
780 1473 919 1535 Domino
947 1474 1060 1534 votum
1115 1471 1267 1533 ecclesiae
1282 1471 1382 1532 nimis
1395 1471 1600 1548 negligentes
1620 1473 1775 1534 existant.
1787 1474 1884 1550 Siquis

261 1584 369 1636 suum,
393 1569 563 1631 humiliter
586 1570 764 1648 postulavit
792 1587 812 1631 a
838 1571 945 1644 nobis,
970 1571 1006 1632 ut
1028 1571 1060 1632 ei
1115 1569 1225 1630 autem
1241 1569 1302 1640 eis,
1323 1569 1442 1646 quibus
1458 1570 1604 1646 provisio
1620 1569 1720 1647 liujus
1734 1571 1781 1630 rei
1799 1571 1883 1648 depu-

261 1664 435 1742 superboc
457 1667 631 1742 providere
655 1667 916 1731 misericorditer
937 1667 1059 1744 digna-

1115 1667 1254 1737 tabitur,
1280 1666 1322 1728 de
1349 1667 1523 1728 mansione
1549 1685 1616 1728 non
1641 1667 1727 1729 bene
1749 1669 1884 1745 completa

260 1779 383 1825 remur.
415 1764 577 1836 Quocirca
612 1765 805 1826 discretioni
840 1767 960 1827 vestrae
1000 1781 1061 1843 per
1114 1767 1290 1842 simpectus
1308 1743 1417 1834 luerit,
1432 1765 1467 1826 in
1485 1766 1631 1842 capitulo
1645 1767 1828 1844 requisitus,
1842 1771 1886 1828 aut

260 1862 450 1938 apostolica
476 1863 600 1939 scripta
619 1864 826 1934 mandamus
844 1864 1060 1940 quatenus‚si
1111 1864 1337 1940 jnramentum
1364 1864 1404 1924 de
1436 1863 1535 1941 plano
1568 1864 1716 1941 perlecta
1741 1866 1886 1925 mansione

261 1963 312 2020 est
327 1960 384 2030 ita,
395 1976 461 2022 non
478 1959 629 2022 obstante
645 1961 877 2022 commissione
889 1961 1058 2038 praedicta,

1115 1961 1295 2038 praestabit,
1318 1962 1377 2023 eut
1399 1977 1439 2022 eo
1454 1977 1544 2023 anno
1559 1961 1746 2038 praebendae
1765 1961 1886 2024 redditus

260 2058 411 2134 partibus
447 2057 649 2130 convocatis,
677 2059 823 2120 audiatis
858 2075 1005 2131 causam,
1029 2061 1061 2122 et
1115 2059 1202 2120 sicut
1215 2057 1442 2135 supradictum
1454 2062 1515 2131 est,
1531 2061 1670 2122 amittet.
1686 2062 1747 2133 Qui
1759 2060 1886 2120 missum

261 2155 508 2232 appellationne
525 2157 651 2218 remota
662 2155 728 2217 dne
740 2156 849 2218 debito
861 2157 1057 2218 terminetis.

261 2255 446 2327 FacienteS,
464 2258 526 2316 etc.
543 2255 657 2316 Testes
683 2256 805 2326 autem,
829 2256 891 2316 etc.
915 2255 1006 2328 Quod
1031 2255 1059 2316 si

260 2367 325 2412 non
341 2368 466 2425 omnes,
485 2355 559 2424 etc,
581 2352 647 2414 duo
669 2354 827 2425 vestrum,
852 2355 914 2416 etc.
941 2355 1060 2416 ilatum

260 2453 373 2512 Romae
399 2451 486 2528 apud
510 2453 542 2512 S.
569 2451 715 2524 Petrum,
732 2454 759 2512 V
775 2451 936 2512 kalendas
965 2451 1058 2524 maii,

261 2562 349 2609 anno
364 2547 520 2610 secundo.

581 2701 740 2788 CCVIII

300 2853 353 2912 Ad
367 2852 580 2912 decorumst
594 2853 782 2925 capitutum
796 2854 1017 2914 aurelianen.

548 2983 674 3055 rraprn.
691 2983 770 3042 lars.
921 2961 925 2970 '

293 3115 410 3182 [liegest.‚
422 3115 466 3166 lib.
475 3115 506 3174 ll,
517 3116 592 3182 epist.
606 3115 676 3167 loti.
688 3117 745 3167 blss.
756 3118 791 3168 La
804 3119 878 3170 Parte
889 3117 923 3168 du
932 3117 1026 3180 lucil]

260 3233 475 3292 ordinationem
486 3247 571 3306 super
585 3233 738 3292 residentia
749 3241 778 3290 et
789 3232 957 3292 loraueitete
966 3247 1055 3290 cano·

294 3322 424 3379 uicorum
447 3321 577 3378 ecclesie
600 3322 795 3392 Aurelianum,
817 3321 852 3380 ab
873 3323 916 3380 cis
941 3320 1056 3392 tactem,

295 3409 456 3468 confirmat.

299 3536 478 3610 Honorius,
500 3537 576 3610 etc,
600 3536 730 3600 dilectis
751 3538 867 3599 liliis...
884 3537 1011 3600 decano
1025 3539 1058 3601 et

260 3634 405 3710 capitulo
417 3633 644 3706 Aurelianen,
662 3634 814 3704 salutern,
829 3638 891 3696 etc.

300 3730 519 3790 sacrosancta
533 3729 681 3790 Romana
698 3728 845 3790 Ecclesia
860 3743 967 3804 usque
982 3745 1058 3791 oon·

260 3825 383 3888 lovere.
408 3828 453 3886 Ea
469 3827 614 3902 propter,
635 3825 748 3888 dilecti
766 3827 801 3887 iu
821 3827 960 3888 Domino
982 3826 1055 3900 tilii,

259 3925 379 3984 vestris
386 3923 487 4001 iustis
498 3923 723 4000 petitionibus,
734 3927 892 4001 quantum
903 3940 978 3986 cum
989 3926 1057 3986 Deo

259 4035 446 4098 possumus,
460 4021 555 4098 grato
566 4024 802 4084 concurrentes
816 4037 954 4084 assensu
966 4021 1058 4084 ordi-

260 4120 429 4181 nationem
454 4135 553 4197 super
576 4120 768 4191 residentia,
800 4120 833 4181 et
860 4120 1057 4182 foraneitate

260 4217 495 4278 canonicorum
504 4217 654 4277 ecclosiae
662 4215 912 4278 vestraeavobis
920 4216 1057 4293 provide

260 4315 381 4376 factam
397 4316 430 4376 et
440 4316 630 4392 juramento
650 4313 825 4386 firmatam,
849 4315 935 4376 sicut
946 4316 981 4375 in
996 4314 1056 4376 lit-

259 4413 341 4476 teris
356 4413 477 4475 vestris
499 4411 729 4490 perspeximus
748 4413 923 4482 contineri,
939 4414 1057 4475 aucto-

258 4512 358 4576 ritate
370 4511 560 4589 apostolica
576 4511 822 4582 confirmamus,
838 4511 870 4572 et
882 4511 1057 4587 praesentis

261 4601 377 4689 scripti
406 4609 593 4688 patrocinio
617 4608 870 4670 communimus.
895 4611 1056 4671 Tenorem

205 4777 208 4785 ,
261 4712 356 4787 quus
371 4708 412 4771 ad
437 4711 598 4786 majorem
618 4707 807 4769 firmitatem
829 4707 870 4768 de
893 4707 994 4768 verbo
1016 4707 1055 4767 ad

259 4807 396 4868 verbum
415 4805 636 4884 praesentibus
652 4806 808 4866 duximus
830 4805 1055 4877 inserendum,

261 4905 317 4983 qui
332 4907 382 4966 est
397 4903 472 4966 talis
490 4926 498 4964 ε

301 5019 319 5062 c
341 5001 424 5074 Quia
439 5001 579 5062 ecclesia
595 5001 809 5062 aurelianen.
827 4999 937 5062 debito
953 4999 1057 5062 divini

260 5099 363 5162 oflicii
380 5097 527 5170 servitio,
545 5114 605 5174 per
619 5096 824 5174 frequentem
841 5097 1058 5176 quorumdam

260 5197 497 5260 canonicorum
516 5195 713 5264 absentiam,
728 5211 786 5256 seu
806 5195 1055 5272 negligentiam,

260 5301 376 5359 contra
405 5295 590 5358 honestatis
621 5295 654 5356 et
682 5293 822 5356 rationis
853 5293 1057 5370 exigentiam

260 5411 376 5456 carere
390 5394 573 5472 saepissime
589 5392 779 5469 cogebatur,
795 5392 870 5454 ideo
885 5408 905 5453 a
918 5390 1055 5464 decano,

259 5494 292 5554 et
307 5491 472 5554 universis
488 5491 668 5563 canonicis,
683 5490 839 5582 episcopo
855 5489 1056 5552 assentiente

260 5591 293 5652 et
316 5588 531 5667 approbante,
556 5588 715 5650 statutum
733 5587 784 5648 est
802 5588 836 5647 et
850 5586 1056 5662 singulorum

255 5687 445 5766 juramento
475 5686 652 5756 firmatum,
684 5683 770 5762 quod
801 5683 912 5744 nullus
941 5699 1055 5745 eorum

1115 2156 1259 2233 capitulo
1270 2157 1311 2218 ad
1325 2156 1476 2218 ecclesiae
1485 2159 1621 2233 negotia
1633 2158 1745 2229 luerit,
1755 2157 1887 2235 quamdiu

1115 2253 1149 2315 in
1170 2255 1305 2316 servitio
1326 2254 1473 2331 ejusdem
1495 2255 1646 2317 ecclesiae
1662 2255 1844 2326 morabitur,
1863 2255 1886 2314 ei

1116 2351 1404 2430 permansionem
1439 2352 1657 2429 reputabitur.
1695 2354 1888 2431 Excipiuntur

1114 2449 1531 2529 etiaminbocjurameuto
1540 2451 1727 2514 manifestae
1736 2465 1887 2527 corporum

1115 2548 1341 2624 egritudines,
1369 2549 1539 2627 captiones
1562 2549 1721 2626 potentiae
1742 2549 1887 2610 secularis

1032 2687 1036 2702 .
1114 2646 1283 2720 violentia,
1304 2650 1426 2709 etcum
1446 2647 1580 2710 licentia
1600 2647 1739 2724 capituli
1760 2661 1843 2707 mora
1861 2647 1887 2704 in

1114 2745 1249 2818 scholis,
1273 2761 1450 2822 processus
1468 2745 1509 2806 ad
1525 2746 1652 2806 curiam
1667 2749 1849 2814 Romanam,
1863 2745 1887 2804 ct

1114 2844 1181 2905 alia
1197 2843 1353 2921 quaelibet
1364 2844 1589 2921 peregrinatio
1608 2859 1712 2905 causa
1731 2843 1884 2909 orationis,

1114 2943 1325 3020 exceptiones
1334 2941 1525 3003 tamenistae
1532 2941 1680 3004 loraneis
1688 2942 1885 3018 iutegritatem

1114 3039 1367 3117 praebendarum
1380 3055 1446 3101 non
1457 3039 1639 3116 indulgent,
1651 3039 1758 3101 donec
1773 3055 1826 3116 per
1836 3037 1886 3096 dic·

1113 3139 1180 3198 tam
1194 3136 1399 3198 mansionem
1415 3135 1610 3212 completam
1625 3135 1808 3213 praebendae
1820 3135 1888 3195 ints·

1112 3233 1267 3309 gritatem
1302 3233 1495 3294 meruerint.
1532 3232 1735 3310 Capelianus
1766 3229 1886 3309 episcopi

1113 3331 1271 3408 quamdiu
1283 3331 1318 3392 in
1328 3329 1465 3392 servitio
1476 3331 1623 3408 eJ'usdem
1636 3333 1734 3393 extra
1745 3331 1886 3392 civitaten

1113 3428 1306 3501 morabitur,
1330 3429 1360 3489 si
1378 3431 1519 3491 vacante
1538 3429 1689 3507 ternpore
1707 3429 1886 3490 mansionen

1113 3543 1207 3588 suam
1220 3527 1385 3603 complere
1402 3543 1468 3587 non
1480 3525 1609 3602 poterit,
1624 3526 1655 3586 oi
1667 3542 1729 3604 pro
1738 3525 1885 3587 mansione

1112 3623 1330 3702 reputabitur.
1360 3624 1510 3701 Reliquis
1541 3639 1622 3685 vero
1654 3625 1725 3684 tam
1758 3620 1885 3700 personis

1112 3739 1211 3800 quam
1223 3722 1393 3784 canonicis
1407 3737 1466 3798 pro
1482 3721 1617 3782 servitio
1632 3723 1780 3798 episcopi
1791 3718 1884 3781 indul-

1112 3821 1253 3898 gebitur.
1264 3821 1418 3883 Additum
1426 3821 1476 3882 est
1488 3820 1599 3892 etiam,
1612 3820 1701 3897 quod
1713 3820 1885 3897 quicumque

1112 3919 1152 3981 de
1167 3921 1289 3982 cmtero
1304 3918 1522 3980 substituetur
1536 3917 1729 3989 canonicus
1747 3917 1775 3978 si
1787 3916 1823 3977 ad
1840 3929 1887 3974 au-

1113 4035 1172 4080 nos
1186 4017 1396 4080 discretionis
1405 4015 1545 4088 venerit,
1554 4017 1633 4078 tunc
1643 4016 1732 4076 idem
1738 4017 1888 4092 iuramen-

1111 4118 1181 4177 tum
1199 4113 1377 4192 praestabit.
1397 4114 1552 4191 Alioquin
1574 4113 1677 4175 oflicii
1703 4115 1736 4176 et
1758 4108 1886 4174 beneficii

1111 4213 1283 4274 nobiscum
1304 4211 1593 4290 participationem
1615 4227 1683 4272 non
1708 4209 1841 4272 babebit
1860 4205 1886 4266 Si

1112 4315 1223 4374 autem
1235 4310 1322 4373 inira
1337 4327 1443 4372 annos
1458 4309 1669 4372 discretionis
1680 4307 1789 4380 suerit,
1804 4319 1886 4382 usque

1112 4411 1153 4471 ad
1176 4410 1353 4485 ligitimum
1375 4411 1504 4485 tempus
1526 4407 1679 4468 inducias
1704 4404 1843 4476 babebit,
1863 4403 1887 4460 et

1112 4509 1248 4570 extunc
1263 4507 1481 4577 submonitus
1498 4505 1562 4565 uisi
1580 4505 1668 4566 inira
1683 4505 1814 4582 triginta
1828 4499 1884 4560 dies

1108 4607 1333 4684 juramentum
1355 4602 1557 4681 praestiterit,
1579 4601 1683 4664 cilicii
1703 4607 1736 4664 et
1755 4597 1885 4662 beneficii

1113 4704 1284 4766 nobiscum
1306 4701 1592 4779 participationem
1612 4716 1680 4762 non
1704 4699 1837 4762 habebit.
1859 4692 1885 4752 Si

1112 4802 1186 4880 quis
1194 4805 1304 4864 autem
1314 4814 1451 4877 sperans
1459 4798 1709 4859 semansionem
1718 4796 1886 4875 praedictam

1112 4915 1208 4977 posse
1226 4898 1401 4976 perticere,
1418 4895 1542 4972 aliquid
1563 4895 1603 4956 de
1624 4891 1885 4972 praebendantur

1112 4996 1232 5072 viginti
1256 4995 1400 5072 quinque
1424 4992 1559 5062 solidos,
1582 4995 1615 5054 et
1632 4990 1844 5056 matutinales,
1861 4987 1886 5043 et

1112 5091 1417 5156 anniversariorum
1444 5089 1601 5151 denarios
1625 5089 1710 5151 forte
1734 5083 1884 5161 receperit.

1113 5191 1285 5268 postquam
1310 5205 1345 5249 se
1367 5187 1586 5264 praetaxatam
1610 5186 1811 5248 mansionem
1833 5193 1884 5240 non

1113 5288 1207 5366 plene
1221 5287 1389 5365 perticisse
1406 5284 1609 5361 cognoverit,
1632 5283 1788 5362 quidquid
1804 5289 1885 5354 super

1112 5388 1283 5464 acceptum
1298 5383 1408 5446 iuerat
1422 5383 1537 5444 eodem
1556 5397 1645 5443 auno
1667 5382 1740 5442 sine
1760 5373 1884 5457 perjurio

1112 5483 1259 5563 capitulo
1269 5480 1464 5559 resignabit.
1481 5497 1499 5540 s

1151 5581 1242 5644 Nulli
1265 5595 1344 5656 ergo
1359 5579 1445 5640 banc
1465 5577 1620 5665 paginam
1640 5577 1759 5639 nostra
1778 5569 1883 5634 contir-

1112 5679 1280 5751 metionis,
1297 5679 1398 5752 etc...;
1415 5676 1443 5736 si
1455 5677 1659 5752 quisautem,
1673 5678 1770 5735 etc...
1785 5669 1882 5730 Datum
