<?xml version="1.0" encoding="UTF-8"?>
<!DOCTYPE html PUBLIC "-//W3C//DTD XHTML 1.0 Transitional//EN"
    "http://www.w3.org/TR/xhtml1/DTD/xhtml1-transitional.dtd">
<html xmlns="http://www.w3.org/1999/xhtml" xml:lang="en" lang="en">
 <head>
  <title>
</title>
<meta http-equiv="Content-Type" content="text/html;charset=utf-8" />
  <meta name='ocr-system' content='tesseract 3.04.00' />
  <meta name='ocr-capabilities' content='ocr_page ocr_carea ocr_par ocr_line ocrx_word'/>
</head>
<body>
  <div class='ocr_page' id='page_1' title='image "./mediiaevibiblio01unkngoog/mediiaevibiblio01unkngoog_0079.png"; bbox 0 0 3994 6326; ppageno 0'>
   <div class='ocr_carea' id='block_1_1' title="bbox 248 310 1896 381">
    <p class='ocr_par' dir='ltr' id='par_1_1' title="bbox 248 310 1896 381">
     <span class='ocr_line' id='line_1_1' title="bbox 248 310 1896 381; baseline -0.002 -1"><span class='ocrx_word' id='word_1_1' title='bbox 248 319 308 381; x_wconf 80' lang='lat'><strong>119</strong></span> <span class='ocrx_word' id='word_1_2' title='bbox 433 310 443 326; x_wconf 74' lang='grc'><strong>“</strong></span> <span class='ocrx_word' id='word_1_3' title='bbox 711 313 889 378; x_wconf 84' lang='lat' dir='ltr'>HONORII</span> <span class='ocrx_word' id='word_1_4' title='bbox 911 311 957 375; x_wconf 88' lang='lat'><strong>111</strong></span> <span class='ocrx_word' id='word_1_5' title='bbox 978 311 1128 378; x_wconf 74' lang='lat' dir='ltr'>OPERA.</span> <span class='ocrx_word' id='word_1_6' title='bbox 1144 342 1183 366; x_wconf 59' lang='lat'><strong>-2</strong></span> <span class='ocrx_word' id='word_1_7' title='bbox 1199 315 1433 379; x_wconf 80' lang='lat' dir='ltr'><strong>SERMONES.</strong></span> <span class='ocrx_word' id='word_1_8' title='bbox 1843 317 1896 378; x_wconf 74' lang='lat'><strong>{20</strong></span> 
     </span>
    </p>
   </div>
   <div class='ocr_carea' id='block_1_2' title="bbox 249 467 1902 1442">
    <p class='ocr_par' dir='ltr' id='par_1_2' title="bbox 249 467 1902 1442">
     <span class='ocr_line' id='line_1_2' title="bbox 250 467 1898 558; baseline -0.002 -17"><span class='ocrx_word' id='word_1_9' title='bbox 250 477 355 558; x_wconf 87' lang='lat' dir='ltr'><strong>ipsius</strong></span> <span class='ocrx_word' id='word_1_10' title='bbox 380 475 461 539; x_wconf 83' lang='lat' dir='ltr'><strong>iaolt</strong></span> <span class='ocrx_word' id='word_1_11' title='bbox 481 473 645 540; x_wconf 82' lang='lat' dir='ltr'><strong>invenire.</strong></span> <span class='ocrx_word' id='word_1_12' title='bbox 661 475 763 538; x_wconf 82' lang='lat' dir='ltr'><strong>Actus</strong></span> <span class='ocrx_word' id='word_1_13' title='bbox 787 474 898 554; x_wconf 78' lang='lat' dir='ltr'><strong>justus</strong></span> <span class='ocrx_word' id='word_1_14' title='bbox 918 473 993 547; x_wconf 90' lang='lat' dir='ltr'><strong>erit,</strong></span> <span class='ocrx_word' id='word_1_15' title='bbox 1019 472 1049 535; x_wconf 88' lang='lat' dir='ltr'><strong>si</strong></span> <span class='ocrx_word' id='word_1_16' title='bbox 1102 471 1225 538; x_wconf 88' lang='lat' dir='ltr'><strong>malum</strong></span> <span class='ocrx_word' id='word_1_17' title='bbox 1250 477 1283 539; x_wconf 90' lang='lat' dir='ltr'><strong>et</strong></span> <span class='ocrx_word' id='word_1_18' title='bbox 1297 475 1401 539; x_wconf 84' lang='lat' dir='ltr'><strong>iacias</strong></span> <span class='ocrx_word' id='word_1_19' title='bbox 1422 475 1557 552; x_wconf 90' lang='lat' dir='ltr'><strong>bonum,</strong></span> <span class='ocrx_word' id='word_1_20' title='bbox 1573 467 1702 538; x_wconf 84' lang='lat' dir='ltr'><strong>dimitte</strong></span> <span class='ocrx_word' id='word_1_21' title='bbox 1715 477 1856 555; x_wconf 85' lang='lat' dir='ltr'><strong>peccata</strong></span> <span class='ocrx_word' id='word_1_22' title='bbox 1868 477 1898 538; x_wconf 84' lang='lat' dir='ltr'><strong>et</strong></span> 
     </span>
     <span class='ocr_line' id='line_1_3' title="bbox 249 572 1897 654; baseline -0.003 -14"><span class='ocrx_word' id='word_1_23' title='bbox 249 578 351 640; x_wconf 82' lang='lat' dir='ltr'><strong>luerit</strong></span> <span class='ocrx_word' id='word_1_24' title='bbox 364 575 486 648; x_wconf 88' lang='lat' dir='ltr'><strong>rectus,</strong></span> <span class='ocrx_word' id='word_1_25' title='bbox 510 573 711 646; x_wconf 84' lang='lat' dir='ltr'><strong>fructuosus,</strong></span> <span class='ocrx_word' id='word_1_26' title='bbox 735 573 921 636; x_wconf 91' lang='lat' dir='ltr'><strong>discretus:</strong></span> <span class='ocrx_word' id='word_1_27' title='bbox 937 572 1049 635; x_wconf 91' lang='lat' dir='ltr'><strong>rectus</strong></span> <span class='ocrx_word' id='word_1_28' title='bbox 1101 573 1246 652; x_wconf 82' lang='lat' dir='ltr'><strong>recipias</strong></span> <span class='ocrx_word' id='word_1_29' title='bbox 1261 575 1414 638; x_wconf 84' lang='lat' dir='ltr'><strong>virtutes.</strong></span> <span class='ocrx_word' id='word_1_30' title='bbox 1438 577 1589 652; x_wconf 84' lang='lat' dir='ltr'><strong>Exsurge</strong></span> <span class='ocrx_word' id='word_1_31' title='bbox 1602 573 1897 654; x_wconf 84' lang='lat' dir='ltr'><strong>porpocnitentiam</strong></span> 
     </span>
     <span class='ocr_line' id='line_1_4' title="bbox 251 671 1899 754; baseline -0.002 -16"><span class='ocrx_word' id='word_1_32' title='bbox 251 692 311 754; x_wconf 95' lang='lat' dir='ltr'><strong>per</strong></span> <span class='ocrx_word' id='word_1_33' title='bbox 323 675 443 737; x_wconf 98' lang='lat' dir='ltr'><strong>bonam</strong></span> <span class='ocrx_word' id='word_1_34' title='bbox 458 673 688 743; x_wconf 88' lang='lat' dir='ltr'><strong>intentionem,</strong></span> <span class='ocrx_word' id='word_1_35' title='bbox 703 671 865 734; x_wconf 90' lang='lat' dir='ltr'><strong>discretus</strong></span> <span class='ocrx_word' id='word_1_36' title='bbox 878 685 938 751; x_wconf 88' lang='lat' dir='ltr'><strong>per</strong></span> <span class='ocrx_word' id='word_1_37' title='bbox 950 687 1048 732; x_wconf 91' lang='lat' dir='ltr'><strong>men·</strong></span> <span class='ocrx_word' id='word_1_38' title='bbox 1103 675 1135 735; x_wconf 90' lang='lat' dir='ltr'><strong>ot</strong></span> <span class='ocrx_word' id='word_1_39' title='bbox 1160 673 1384 749; x_wconf 81' lang='lat' dir='ltr'>cognitionem</span> <span class='ocrx_word' id='word_1_40' title='bbox 1413 673 1543 748; x_wconf 92' lang='lat' dir='ltr'><strong>cordis,</strong></span> <span class='ocrx_word' id='word_1_41' title='bbox 1574 675 1607 735; x_wconf 90' lang='lat' dir='ltr'><strong>et</strong></span> <span class='ocrx_word' id='word_1_42' title='bbox 1635 671 1841 734; x_wconf 83' lang='lat' dir='ltr'><strong>illuminabit</strong></span> <span class='ocrx_word' id='word_1_43' title='bbox 1869 673 1899 734; x_wconf 88' lang='lat' dir='ltr'><strong>te</strong></span> 
     </span>
     <span class='ocr_line' id='line_1_5' title="bbox 251 761 1899 851; baseline -0.002 -16"><span class='ocrx_word' id='word_1_44' title='bbox 251 791 364 836; x_wconf 89' lang='lat' dir='ltr'><strong>suram</strong></span> <span class='ocrx_word' id='word_1_45' title='bbox 384 770 628 851; x_wconf 91' lang='lat' dir='ltr'><strong>possibilitatis,</strong></span> <span class='ocrx_word' id='word_1_46' title='bbox 643 761 831 834; x_wconf 81' lang='lat' dir='ltr'><strong>tructuosus</strong></span> <span class='ocrx_word' id='word_1_47' title='bbox 849 785 908 849; x_wconf 87' lang='lat' dir='ltr'><strong>per</strong></span> <span class='ocrx_word' id='word_1_48' title='bbox 922 767 1051 833; x_wconf 89' lang='lat' dir='ltr'><strong>utilita-</strong></span> <span class='ocrx_word' id='word_1_49' title='bbox 1103 771 1267 845; x_wconf 82' lang='lat' dir='ltr'><strong>Christus,</strong></span> <span class='ocrx_word' id='word_1_50' title='bbox 1283 772 1380 845; x_wconf 89' lang='lat' dir='ltr'><strong>idest,</strong></span> <span class='ocrx_word' id='word_1_51' title='bbox 1396 771 1598 835; x_wconf 84' lang='lat' dir='ltr'><strong>condonabit</strong></span> <span class='ocrx_word' id='word_1_52' title='bbox 1618 769 1692 844; x_wconf 90' lang='lat' dir='ltr'><strong>tibi,</strong></span> <span class='ocrx_word' id='word_1_53' title='bbox 1719 771 1811 834; x_wconf 91' lang='lat' dir='ltr'><strong>siout</strong></span> <span class='ocrx_word' id='word_1_54' title='bbox 1832 770 1899 848; x_wconf 89' lang='lat' dir='ltr'><strong>ipse</strong></span> 
     </span>
     <span class='ocr_line' id='line_1_6' title="bbox 249 868 1901 950; baseline -0.003 -16"><span class='ocrx_word' id='word_1_55' title='bbox 249 873 315 935; x_wconf 91' lang='lat' dir='ltr'><strong>tem</strong></span> <span class='ocrx_word' id='word_1_56' title='bbox 334 872 573 950; x_wconf 85' lang='lat' dir='ltr'><strong>proximorum.</strong></span> <span class='ocrx_word' id='word_1_57' title='bbox 591 874 716 932; x_wconf 87' lang='lat' dir='ltr'><strong>Sensus</strong></span> <span class='ocrx_word' id='word_1_58' title='bbox 731 870 805 947; x_wconf 91' lang='lat' dir='ltr'><strong>pius</strong></span> <span class='ocrx_word' id='word_1_59' title='bbox 826 869 901 942; x_wconf 87' lang='lat' dir='ltr'><strong>erit,</strong></span> <span class='ocrx_word' id='word_1_60' title='bbox 919 869 948 930; x_wconf 91' lang='lat' dir='ltr'><strong>si</strong></span> <span class='ocrx_word' id='word_1_61' title='bbox 967 868 1049 930; x_wconf 86' lang='lat' dir='ltr'><strong>tides</strong></span> <span class='ocrx_word' id='word_1_62' title='bbox 1103 869 1189 933; x_wconf 84' lang='lat' dir='ltr'><strong>dixit</strong></span> <span class='ocrx_word' id='word_1_63' title='bbox 1220 885 1280 948; x_wconf 91' lang='lat' dir='ltr'><strong>per</strong></span> <span class='ocrx_word' id='word_1_64' title='bbox 1310 870 1517 933; x_wconf 81' lang='lat' dir='ltr'><strong>Ezechielem</strong></span> <span class='ocrx_word' id='word_1_65' title='bbox 1539 891 1546 931; x_wconf 90' lang='lat'>:</span> <span class='ocrx_word' id='word_1_66' title='bbox 1572 872 1793 944; x_wconf 81' lang='lat' dir='ltr'><strong>Quacumque</strong></span> <span class='ocrx_word' id='word_1_67' title='bbox 1818 873 1901 931; x_wconf 86' lang='lat' dir='ltr'><strong>bora</strong></span> 
     </span>
     <span class='ocr_line' id='line_1_7' title="bbox 251 965 1898 1048; baseline -0.002 -16"><span class='ocrx_word' id='word_1_68' title='bbox 251 972 366 1033; x_wconf 90' lang='lat' dir='ltr'><strong>nostra</strong></span> <span class='ocrx_word' id='word_1_69' title='bbox 380 971 482 1032; x_wconf 90' lang='lat' dir='ltr'><strong>sentit</strong></span> <span class='ocrx_word' id='word_1_70' title='bbox 506 985 633 1031; x_wconf 91' lang='lat' dir='ltr'><strong>summe</strong></span> <span class='ocrx_word' id='word_1_71' title='bbox 652 970 830 1048; x_wconf 89' lang='lat' dir='ltr'><strong>potentem,</strong></span> <span class='ocrx_word' id='word_1_72' title='bbox 852 983 979 1030; x_wconf 93' lang='lat' dir='ltr'><strong>summe</strong></span> <span class='ocrx_word' id='word_1_73' title='bbox 995 983 1051 1029; x_wconf 91' lang='lat' dir='ltr'><strong>sa·</strong></span> <span class='ocrx_word' id='word_1_74' title='bbox 1100 968 1262 1044; x_wconf 78' lang='lat' dir='ltr'><strong>peccator</strong></span> <span class='ocrx_word' id='word_1_75' title='bbox 1275 983 1464 1032; x_wconf 82' lang='lat' dir='ltr'><strong>conversus</strong></span> <span class='ocrx_word' id='word_1_76' title='bbox 1474 967 1619 1045; x_wconf 73' lang='lat' dir='ltr'><strong>ttcertt...</strong></span> <span class='ocrx_word' id='word_1_77' title='bbox 1632 965 1767 1048; x_wconf 77' lang='lat' dir='ltr'><strong>(Erech.</strong></span> <span class='ocrx_word' id='word_1_78' title='bbox 1780 981 1898 1038; x_wconf 79' lang='lat' dir='ltr'><strong>xxmu,</strong></span> 
     </span>
     <span class='ocr_line' id='line_1_8' title="bbox 251 1065 1902 1148; baseline -0.003 -17"><span class='ocrx_word' id='word_1_79' title='bbox 251 1071 408 1148; x_wconf 82' lang='lat' dir='ltr'><strong>piantem,</strong></span> <span class='ocrx_word' id='word_1_80' title='bbox 431 1083 558 1131; x_wconf 90' lang='lat' dir='ltr'><strong>summe</strong></span> <span class='ocrx_word' id='word_1_81' title='bbox 575 1067 707 1142; x_wconf 91' lang='lat' dir='ltr'><strong>bonum,</strong></span> <span class='ocrx_word' id='word_1_82' title='bbox 723 1069 759 1130; x_wconf 92' lang='lat' dir='ltr'><strong>ut</strong></span> <span class='ocrx_word' id='word_1_83' title='bbox 773 1083 832 1146; x_wconf 90' lang='lat' dir='ltr'><strong>por</strong></span> <span class='ocrx_word' id='word_1_84' title='bbox 846 1070 918 1146; x_wconf 89' lang='lat' dir='ltr'><strong>ojus</strong></span> <span class='ocrx_word' id='word_1_85' title='bbox 933 1065 1051 1146; x_wconf 89' lang='lat' dir='ltr'><strong>poten-</strong></span> <span class='ocrx_word' id='word_1_86' title='bbox 1105 1066 1169 1147; x_wconf 86' lang='lat'>12).</span> <span class='ocrx_word' id='word_1_87' title='bbox 1196 1067 1290 1130; x_wconf 89' lang='lat' dir='ltr'><strong>Unde</strong></span> <span class='ocrx_word' id='word_1_88' title='bbox 1318 1067 1424 1130; x_wconf 86' lang='lat' dir='ltr'><strong>David</strong></span> <span class='ocrx_word' id='word_1_89' title='bbox 1438 1065 1556 1129; x_wconf 88' lang='lat' dir='ltr'><strong>orabat</strong></span> <span class='ocrx_word' id='word_1_90' title='bbox 1581 1065 1695 1128; x_wconf 90' lang='lat' dir='ltr'><strong>dicens</strong></span> <span class='ocrx_word' id='word_1_91' title='bbox 1717 1068 1902 1128; x_wconf 78' lang='lat' dir='ltr'><strong>:litunrtna</strong></span> 
     </span>
     <span class='ocr_line' id='line_1_9' title="bbox 251 1165 1902 1240; baseline -0.004 -10"><span class='ocrx_word' id='word_1_92' title='bbox 251 1169 334 1231; x_wconf 89' lang='lat' dir='ltr'><strong>tiam</strong></span> <span class='ocrx_word' id='word_1_93' title='bbox 348 1169 495 1230; x_wconf 83' lang='lat' dir='ltr'><strong>nostram</strong></span> <span class='ocrx_word' id='word_1_94' title='bbox 513 1167 687 1229; x_wconf 86' lang='lat' dir='ltr'><strong>credamus</strong></span> <span class='ocrx_word' id='word_1_95' title='bbox 706 1167 796 1229; x_wconf 85' lang='lat' dir='ltr'><strong>vinci</strong></span> <span class='ocrx_word' id='word_1_96' title='bbox 810 1165 1048 1238; x_wconf 82' lang='lat' dir='ltr'><strong>infirmitatem,</strong></span> <span class='ocrx_word' id='word_1_97' title='bbox 1104 1169 1216 1228; x_wconf 83' lang='lat' dir='ltr'><strong>ocutos</strong></span> <span class='ocrx_word' id='word_1_98' title='bbox 1237 1179 1333 1228; x_wconf 75' lang='lat' dir='ltr'><strong>aneos</strong></span> <span class='ocrx_word' id='word_1_99' title='bbox 1355 1181 1400 1228; x_wconf 80' lang='lat' dir='ltr'><strong>aa</strong></span> <span class='ocrx_word' id='word_1_100' title='bbox 1427 1179 1582 1240; x_wconf 73' lang='lat' dir='ltr'><strong>essequam</strong></span> <span class='ocrx_word' id='word_1_101' title='bbox 1615 1167 1835 1227; x_wconf 74' lang='lat' dir='ltr'><strong>obdormiam</strong></span> <span class='ocrx_word' id='word_1_102' title='bbox 1867 1165 1902 1224; x_wconf 82' lang='lat' dir='ltr'><strong>tu</strong></span> 
     </span>
     <span class='ocr_line' id='line_1_10' title="bbox 252 1261 1902 1346; baseline -0.004 -18"><span class='ocrx_word' id='word_1_103' title='bbox 252 1283 314 1346; x_wconf 91' lang='lat' dir='ltr'><strong>per</strong></span> <span class='ocrx_word' id='word_1_104' title='bbox 336 1269 410 1345; x_wconf 86' lang='lat' dir='ltr'><strong>ejus</strong></span> <span class='ocrx_word' id='word_1_105' title='bbox 434 1265 633 1344; x_wconf 83' lang='lat' dir='ltr'><strong>sapientiam</strong></span> <span class='ocrx_word' id='word_1_106' title='bbox 648 1265 796 1327; x_wconf 90' lang='lat' dir='ltr'><strong>nostram</strong></span> <span class='ocrx_word' id='word_1_107' title='bbox 818 1263 942 1342; x_wconf 87' lang='lat' dir='ltr'><strong>corrigi</strong></span> <span class='ocrx_word' id='word_1_108' title='bbox 954 1264 1052 1340; x_wconf 87' lang='lat' dir='ltr'><strong>igno-</strong></span> <span class='ocrx_word' id='word_1_109' title='bbox 1103 1266 1216 1327; x_wconf 84' lang='lat' dir='ltr'><strong>morte</strong></span> <span class='ocrx_word' id='word_1_110' title='bbox 1242 1263 1313 1345; x_wconf 89' lang='lat' dir='ltr'><strong>(Ps.</strong></span> <span class='ocrx_word' id='word_1_111' title='bbox 1340 1265 1389 1338; x_wconf 80' lang='lat'><strong>12,</strong></span> <span class='ocrx_word' id='word_1_112' title='bbox 1414 1262 1460 1344; x_wconf 90' lang='grc'><strong>4),</strong></span> <span class='ocrx_word' id='word_1_113' title='bbox 1488 1263 1585 1336; x_wconf 88' lang='lat' dir='ltr'><strong>idest,</strong></span> <span class='ocrx_word' id='word_1_114' title='bbox 1611 1262 1766 1324; x_wconf 86' lang='lat' dir='ltr'><strong>illumina</strong></span> <span class='ocrx_word' id='word_1_115' title='bbox 1791 1261 1902 1323; x_wconf 87' lang='lat' dir='ltr'><strong>oculos</strong></span> 
     </span>
     <span class='ocr_line' id='line_1_11' title="bbox 252 1359 1900 1442; baseline -0.004 -15"><span class='ocrx_word' id='word_1_116' title='bbox 252 1365 409 1436; x_wconf 90' lang='lat' dir='ltr'><strong>rantiam,</strong></span> <span class='ocrx_word' id='word_1_117' title='bbox 425 1367 569 1442; x_wconf 84' lang='lat' dir='ltr'><strong>perejus</strong></span> <span class='ocrx_word' id='word_1_118' title='bbox 595 1361 777 1427; x_wconf 88' lang='lat' dir='ltr'><strong>bonitatem</strong></span> <span class='ocrx_word' id='word_1_119' title='bbox 805 1363 954 1426; x_wconf 90' lang='lat' dir='ltr'><strong>nostram</strong></span> <span class='ocrx_word' id='word_1_120' title='bbox 978 1379 1053 1426; x_wconf 90' lang='lat' dir='ltr'><strong>cre-</strong></span> <span class='ocrx_word' id='word_1_121' title='bbox 1104 1363 1215 1426; x_wconf 91' lang='lat' dir='ltr'><strong>cordis</strong></span> <span class='ocrx_word' id='word_1_122' title='bbox 1226 1363 1303 1436; x_wconf 91' lang='lat' dir='ltr'><strong>mei,</strong></span> <span class='ocrx_word' id='word_1_123' title='bbox 1316 1379 1357 1425; x_wconf 91' lang='lat' dir='ltr'><strong>no</strong></span> <span class='ocrx_word' id='word_1_124' title='bbox 1368 1379 1513 1442; x_wconf 86' lang='lat' dir='ltr'><strong>unquam</strong></span> <span class='ocrx_word' id='word_1_125' title='bbox 1522 1361 1727 1424; x_wconf 92' lang='lat' dir='ltr'><strong>obdormiam</strong></span> <span class='ocrx_word' id='word_1_126' title='bbox 1738 1361 1776 1422; x_wconf 90' lang='lat' dir='ltr'><strong>in</strong></span> <span class='ocrx_word' id='word_1_127' title='bbox 1788 1359 1900 1432; x_wconf 87' lang='lat' dir='ltr'><strong>morte,</strong></span> 
     </span>
    </p>
   </div>
   <div class='ocr_carea' id='block_1_3' title="bbox 253 1457 1973 1640">
    <p class='ocr_par' dir='ltr' id='par_1_3' title="bbox 253 1423 1973 1640">
     <span class='ocr_line' id='line_1_12' title="bbox 253 1457 1904 1542; baseline -0.004 -17"><span class='ocrx_word' id='word_1_128' title='bbox 253 1461 370 1525; x_wconf 90' lang='lat' dir='ltr'><strong>damus</strong></span> <span class='ocrx_word' id='word_1_129' title='bbox 398 1462 480 1523; x_wconf 91' lang='lat' dir='ltr'><strong>dilui</strong></span> <span class='ocrx_word' id='word_1_130' title='bbox 515 1461 735 1541; x_wconf 89' lang='lat' dir='ltr'><strong>iniquitatem.</strong></span> <span class='ocrx_word' id='word_1_131' title='bbox 765 1461 843 1525; x_wconf 80' lang='lat' dir='ltr'><strong>Tria</strong></span> <span class='ocrx_word' id='word_1_132' title='bbox 869 1463 946 1525; x_wconf 91' lang='lat' dir='ltr'><strong>sunt</strong></span> <span class='ocrx_word' id='word_1_133' title='bbox 977 1477 1051 1542; x_wconf 85' lang='lat' dir='ltr'><strong>quoe</strong></span> <span class='ocrx_word' id='word_1_134' title='bbox 1104 1461 1201 1536; x_wconf 91' lang='lat' dir='ltr'><strong>idest,</strong></span> <span class='ocrx_word' id='word_1_135' title='bbox 1222 1477 1263 1524; x_wconf 93' lang='lat' dir='ltr'><strong>ne</strong></span> <span class='ocrx_word' id='word_1_136' title='bbox 1285 1462 1411 1524; x_wconf 89' lang='lat' dir='ltr'><strong>moriar</strong></span> <span class='ocrx_word' id='word_1_137' title='bbox 1424 1461 1460 1523; x_wconf 92' lang='lat' dir='ltr'><strong>in</strong></span> <span class='ocrx_word' id='word_1_138' title='bbox 1473 1461 1608 1540; x_wconf 88' lang='lat' dir='ltr'><strong>peccato</strong></span> <span class='ocrx_word' id='word_1_139' title='bbox 1628 1459 1811 1522; x_wconf 89' lang='lat' dir='ltr'><strong>criminali.</strong></span> <span class='ocrx_word' id='word_1_140' title='bbox 1824 1457 1904 1530; x_wconf 89' lang='lat' dir='ltr'><strong>Quia</strong></span> 
     </span>
     <span class='ocr_line' id='line_1_13' title="bbox 253 1555 1973 1640; baseline -0.005 -17"><span class='ocrx_word' id='word_1_141' title='bbox 253 1563 392 1624; x_wconf 89' lang='lat' dir='ltr'><strong>mortem</strong></span> <span class='ocrx_word' id='word_1_142' title='bbox 408 1562 598 1622; x_wconf 85' lang='lat' dir='ltr'><strong>sanctorum</strong></span> <span class='ocrx_word' id='word_1_143' title='bbox 621 1559 749 1624; x_wconf 85' lang='lat' dir='ltr'><strong>iaciunt</strong></span> <span class='ocrx_word' id='word_1_144' title='bbox 768 1561 916 1640; x_wconf 87' lang='lat' dir='ltr'><strong>pretiosa</strong></span> <span class='ocrx_word' id='word_1_145' title='bbox 932 1583 940 1622; x_wconf 77' lang='grc' dir='ltr'><strong><em>ε</em></strong></span> <span class='ocrx_word' id='word_1_146' title='bbox 958 1562 1052 1640; x_wconf 89' lang='lat' dir='ltr'><strong>quies</strong></span> <span class='ocrx_word' id='word_1_147' title='bbox 1092 1561 1193 1624; x_wconf 85' lang='lat' dir='ltr'><strong>sicut</strong></span> <span class='ocrx_word' id='word_1_148' title='bbox 1204 1561 1285 1623; x_wconf 91' lang='lat' dir='ltr'><strong>dicit</strong></span> <span class='ocrx_word' id='word_1_149' title='bbox 1300 1560 1491 1624; x_wconf 76' lang='lat' dir='ltr'><strong>Hilariuszc</strong></span> <span class='ocrx_word' id='word_1_150' title='bbox 1504 1558 1680 1622; x_wconf 82' lang='lat' dir='ltr'><strong>Peccatum</strong></span> <span class='ocrx_word' id='word_1_151' title='bbox 1692 1556 1781 1637; x_wconf 91' lang='lat' dir='ltr'><strong>quod</strong></span> <span class='ocrx_word' id='word_1_152' title='bbox 1795 1557 1830 1617; x_wconf 94' lang='lat' dir='ltr'><strong>in</strong></span> <span class='ocrx_word' id='word_1_153' title='bbox 1845 1555 1903 1616; x_wconf 89' lang='lat' dir='ltr'><strong>bac</strong></span> <span class='ocrx_word' id='word_1_154' title='bbox 1972 1595 1973 1598; x_wconf 19' lang='grc' dir='ltr'><strong>κ</strong></span> 
     </span>
    </p>
   </div>
   <div class='ocr_carea' id='block_1_4' title="bbox 253 1655 1904 1736">
    <p class='ocr_par' dir='ltr' id='par_1_4' title="bbox 253 1655 1904 1736">
     <span class='ocr_line' id='line_1_14' title="bbox 253 1655 1904 1736; baseline -0.005 -14"><span class='ocrx_word' id='word_1_155' title='bbox 253 1658 420 1732; x_wconf 83' lang='lat' dir='ltr'><strong>elaboro,</strong></span> <span class='ocrx_word' id='word_1_156' title='bbox 436 1658 593 1735; x_wconf 89' lang='lat' dir='ltr'><strong>gaudium</strong></span> <span class='ocrx_word' id='word_1_157' title='bbox 615 1659 655 1722; x_wconf 89' lang='lat' dir='ltr'><strong>de</strong></span> <span class='ocrx_word' id='word_1_158' title='bbox 683 1659 867 1734; x_wconf 85' lang='lat' dir='ltr'><strong>nativitate,</strong></span> <span class='ocrx_word' id='word_1_159' title='bbox 889 1660 1052 1723; x_wconf 82' lang='lat' dir='ltr'><strong>securitas</strong></span> <span class='ocrx_word' id='word_1_160' title='bbox 1105 1659 1175 1722; x_wconf 87' lang='lat' dir='ltr'><strong>vita</strong></span> <span class='ocrx_word' id='word_1_161' title='bbox 1203 1675 1271 1722; x_wconf 89' lang='lat' dir='ltr'><strong>non</strong></span> <span class='ocrx_word' id='word_1_162' title='bbox 1281 1659 1471 1736; x_wconf 86' lang='lat' dir='ltr'><strong>corrigitur,</strong></span> <span class='ocrx_word' id='word_1_163' title='bbox 1484 1661 1557 1736; x_wconf 87' lang='lat' dir='ltr'><strong>ejus</strong></span> <span class='ocrx_word' id='word_1_164' title='bbox 1566 1657 1665 1720; x_wconf 83' lang='lat' dir='ltr'><strong>venia</strong></span> <span class='ocrx_word' id='word_1_165' title='bbox 1680 1656 1755 1735; x_wconf 91' lang='lat' dir='ltr'><strong>post</strong></span> <span class='ocrx_word' id='word_1_166' title='bbox 1766 1655 1904 1716; x_wconf 89' lang='lat' dir='ltr'><strong>mortem</strong></span> 
     </span>
    </p>
   </div>
   <div class='ocr_carea' id='block_1_5' title="bbox 254 1743 1973 1935">
    <p class='ocr_par' dir='ltr' id='par_1_5' title="bbox 254 1743 1973 1935">
     <span class='ocr_line' id='line_1_15' title="bbox 254 1743 1973 1836; baseline -0.004 -17"><span class='ocrx_word' id='word_1_167' title='bbox 254 1757 295 1819; x_wconf 91' lang='lat' dir='ltr'><strong>de</strong></span> <span class='ocrx_word' id='word_1_168' title='bbox 308 1756 503 1820; x_wconf 86' lang='lat' dir='ltr'><strong>aeternitate.</strong></span> <span class='ocrx_word' id='word_1_169' title='bbox 1105 1758 1230 1820; x_wconf 83' lang='lat' dir='ltr'><strong>frustra</strong></span> <span class='ocrx_word' id='word_1_170' title='bbox 1250 1758 1447 1836; x_wconf 91' lang='lat' dir='ltr'><strong>postulatur.</strong></span> <span class='ocrx_word' id='word_1_171' title='bbox 1463 1774 1481 1818; x_wconf 78' lang='lat' dir='ltr'><strong>s</strong></span> <span class='ocrx_word' id='word_1_172' title='bbox 1500 1759 1548 1819; x_wconf 90' lang='lat' dir='ltr'><strong>De</strong></span> <span class='ocrx_word' id='word_1_173' title='bbox 1560 1756 1666 1818; x_wconf 91' lang='lat' dir='ltr'><strong>morte</strong></span> <span class='ocrx_word' id='word_1_174' title='bbox 1679 1753 1834 1816; x_wconf 86' lang='lat' dir='ltr'><strong>aeternali</strong></span> <span class='ocrx_word' id='word_1_175' title='bbox 1849 1768 1903 1813; x_wconf 91' lang='lat' dir='ltr'><strong>re-</strong></span> <span class='ocrx_word' id='word_1_176' title='bbox 1972 1743 1973 1814; x_wconf 84' lang='lat' dir='ltr'><strong>l</strong></span> 
     </span>
     <span class='ocr_line' id='line_1_16' title="bbox 294 1849 1973 1935; baseline -0.007 -18"><span class='ocrx_word' id='word_1_177' title='bbox 294 1855 474 1933; x_wconf 88' lang='lat' dir='ltr'><strong>Sequitur:</strong></span> <span class='ocrx_word' id='word_1_178' title='bbox 491 1855 577 1918; x_wconf 93' lang='lat' dir='ltr'><strong>Nolo</strong></span> <span class='ocrx_word' id='word_1_179' title='bbox 596 1858 736 1918; x_wconf 85' lang='lat' dir='ltr'><strong>mortem</strong></span> <span class='ocrx_word' id='word_1_180' title='bbox 759 1856 955 1935; x_wconf 87' lang='lat' dir='ltr'><strong>peccatoris.</strong></span> <span class='ocrx_word' id='word_1_181' title='bbox 975 1856 1052 1919; x_wconf 88' lang='lat' dir='ltr'><strong>Ideo</strong></span> <span class='ocrx_word' id='word_1_182' title='bbox 1106 1858 1248 1934; x_wconf 88' lang='lat' dir='ltr'><strong>surgunt</strong></span> <span class='ocrx_word' id='word_1_183' title='bbox 1263 1856 1359 1925; x_wconf 88' lang='lat' dir='ltr'><strong>nulli,</strong></span> <span class='ocrx_word' id='word_1_184' title='bbox 1372 1856 1452 1934; x_wconf 89' lang='lat' dir='ltr'><strong>quia</strong></span> <span class='ocrx_word' id='word_1_185' title='bbox 1468 1871 1584 1917; x_wconf 90' lang='lat' dir='ltr'><strong>omnes</strong></span> <span class='ocrx_word' id='word_1_186' title='bbox 1603 1869 1833 1929; x_wconf 85' lang='lat' dir='ltr'><strong>resurgemus,</strong></span> <span class='ocrx_word' id='word_1_187' title='bbox 1851 1849 1904 1912; x_wconf 91' lang='lat' dir='ltr'><strong>sed</strong></span> <span class='ocrx_word' id='word_1_188' title='bbox 1972 1867 1973 1906; x_wconf 80' lang='lat' dir='ltr'><strong>t</strong></span> 
     </span>
    </p>
   </div>
   <div class='ocr_carea' id='block_1_6' title="bbox 253 1953 1902 2034">
    <p class='ocr_par' dir='ltr' id='par_1_6' title="bbox 253 1953 1902 2034">
     <span class='ocr_line' id='line_1_17' title="bbox 253 1953 1902 2034; baseline -0.004 -17"><span class='ocrx_word' id='word_1_189' title='bbox 253 1957 341 2017; x_wconf 90' lang='lat' dir='ltr'><strong>Deus</strong></span> <span class='ocrx_word' id='word_1_190' title='bbox 366 1954 506 2016; x_wconf 87' lang='lat' dir='ltr'><strong>mortem</strong></span> <span class='ocrx_word' id='word_1_191' title='bbox 530 1953 715 2033; x_wconf 90' lang='lat' dir='ltr'><strong>peccatoris</strong></span> <span class='ocrx_word' id='word_1_192' title='bbox 741 1970 807 2016; x_wconf 93' lang='lat' dir='ltr'><strong>non</strong></span> <span class='ocrx_word' id='word_1_193' title='bbox 833 1954 922 2028; x_wconf 81' lang='lat' dir='ltr'><strong>vult,</strong></span> <span class='ocrx_word' id='word_1_194' title='bbox 952 1954 1051 2034; x_wconf 91' lang='lat' dir='ltr'><strong>quia,</strong></span> <span class='ocrx_word' id='word_1_195' title='bbox 1107 1971 1173 2018; x_wconf 93' lang='lat' dir='ltr'><strong>non</strong></span> <span class='ocrx_word' id='word_1_196' title='bbox 1198 1971 1313 2018; x_wconf 89' lang='lat' dir='ltr'><strong>omnes</strong></span> <span class='ocrx_word' id='word_1_197' title='bbox 1337 1953 1588 2016; x_wconf 86' lang='lat' dir='ltr'><strong>immutabimur</strong></span> <span class='ocrx_word' id='word_1_198' title='bbox 1610 1955 1721 2020; x_wconf 80' lang='lat' dir='ltr'><strong>:Quia</strong></span> <span class='ocrx_word' id='word_1_199' title='bbox 1747 1966 1820 2014; x_wconf 81' lang='lat' dir='ltr'><strong>uon</strong></span> <span class='ocrx_word' id='word_1_200' title='bbox 1843 1963 1902 2010; x_wconf 81' lang='lat' dir='ltr'><strong>rc-</strong></span> 
     </span>
    </p>
   </div>
   <div class='ocr_carea' id='block_1_7' title="bbox 253 2041 1973 2131">
    <p class='ocr_par' dir='ltr' id='par_1_7' title="bbox 253 2041 1973 2131">
     <span class='ocr_line' id='line_1_18' title="bbox 253 2041 1973 2131; baseline -0.004 -18"><span class='ocrx_word' id='word_1_201' title='bbox 253 2052 341 2114; x_wconf 91' lang='lat' dir='ltr'><strong>sicut</strong></span> <span class='ocrx_word' id='word_1_202' title='bbox 355 2051 436 2114; x_wconf 88' lang='lat' dir='ltr'><strong>dicit</strong></span> <span class='ocrx_word' id='word_1_203' title='bbox 449 2053 631 2130; x_wconf 85' lang='lat' dir='ltr'><strong>Sapientia,</strong></span> <span class='ocrx_word' id='word_1_204' title='bbox 654 2055 743 2116; x_wconf 86' lang='lat' dir='ltr'><strong>Deus</strong></span> <span class='ocrx_word' id='word_1_205' title='bbox 764 2053 904 2115; x_wconf 90' lang='lat' dir='ltr'><strong>mortem</strong></span> <span class='ocrx_word' id='word_1_206' title='bbox 920 2069 987 2116; x_wconf 91' lang='lat' dir='ltr'><strong>non</strong></span> <span class='ocrx_word' id='word_1_207' title='bbox 1000 2053 1053 2114; x_wconf 86' lang='lat' dir='ltr'><strong>lo·</strong></span> <span class='ocrx_word' id='word_1_208' title='bbox 1106 2055 1363 2131; x_wconf 78' lang='lat' dir='ltr'><strong>sarperrttmpii</strong></span> <span class='ocrx_word' id='word_1_209' title='bbox 1380 2055 1568 2126; x_wconf 67' lang='lat' dir='ltr'><strong>injudicio,</strong></span> <span class='ocrx_word' id='word_1_210' title='bbox 1585 2065 1693 2126; x_wconf 80' lang='lat' dir='ltr'><strong>neque</strong></span> <span class='ocrx_word' id='word_1_211' title='bbox 1705 2047 1905 2126; x_wconf 80' lang='lat' dir='ltr'><strong>peccatores</strong></span> <span class='ocrx_word' id='word_1_212' title='bbox 1972 2041 1973 2096; x_wconf 59' lang='lat' dir='ltr'><strong>t</strong></span> 
     </span>
    </p>
   </div>
   <div class='ocr_carea' id='block_1_8' title="bbox 254 2147 1906 2230">
    <p class='ocr_par' dir='ltr' id='par_1_8' title="bbox 254 2147 1906 2230">
     <span class='ocr_line' id='line_1_19' title="bbox 254 2147 1906 2230; baseline -0.004 -18"><span class='ocrx_word' id='word_1_213' title='bbox 254 2150 312 2222; x_wconf 94' lang='lat' dir='ltr'><strong>oit,</strong></span> <span class='ocrx_word' id='word_1_214' title='bbox 329 2150 386 2212; x_wconf 88' lang='lat' dir='ltr'><strong>sed</strong></span> <span class='ocrx_word' id='word_1_215' title='bbox 410 2151 506 2229; x_wconf 93' lang='lat' dir='ltr'><strong>impii</strong></span> <span class='ocrx_word' id='word_1_216' title='bbox 529 2149 684 2212; x_wconf 88' lang='lat' dir='ltr'><strong>manibus</strong></span> <span class='ocrx_word' id='word_1_217' title='bbox 709 2151 742 2214; x_wconf 89' lang='lat' dir='ltr'><strong>et</strong></span> <span class='ocrx_word' id='word_1_218' title='bbox 763 2151 875 2214; x_wconf 79' lang='lat' dir='ltr'><strong>verbis</strong></span> <span class='ocrx_word' id='word_1_219' title='bbox 901 2167 1055 2214; x_wconf 89' lang='lat' dir='ltr'><strong>accerse·</strong></span> <span class='ocrx_word' id='word_1_220' title='bbox 1106 2156 1143 2214; x_wconf 84' lang='lat' dir='ltr'><strong>tu</strong></span> <span class='ocrx_word' id='word_1_221' title='bbox 1157 2155 1298 2214; x_wconf 77' lang='lat' dir='ltr'><strong>cotactlto</strong></span> <span class='ocrx_word' id='word_1_222' title='bbox 1311 2147 1571 2230; x_wconf 67' lang='lat' dir='ltr'><strong>statuentes.</strong></span> <span class='ocrx_word' id='word_1_223' title='bbox 1589 2150 1618 2222; x_wconf 88' lang='lat'><strong>1,</strong></span> <span class='ocrx_word' id='word_1_224' title='bbox 1635 2147 1680 2228; x_wconf 90' lang='lat'><strong>5).</strong></span> <span class='ocrx_word' id='word_1_225' title='bbox 1694 2147 1791 2211; x_wconf 86' lang='lat' dir='ltr'><strong>Unde</strong></span> <span class='ocrx_word' id='word_1_226' title='bbox 1805 2147 1906 2208; x_wconf 89' lang='lat' dir='ltr'><strong>Joan·</strong></span> 
     </span>
    </p>
   </div>
   <div class='ocr_carea' id='block_1_9' title="bbox 254 2241 1973 2527">
    <p class='ocr_par' dir='ltr' id='par_1_9' title="bbox 254 2241 1973 2527">
     <span class='ocr_line' id='line_1_20' title="bbox 254 2241 1973 2328; baseline -0.005 -16"><span class='ocrx_word' id='word_1_227' title='bbox 254 2249 335 2312; x_wconf 89' lang='lat' dir='ltr'><strong>runt</strong></span> <span class='ocrx_word' id='word_1_228' title='bbox 352 2248 457 2312; x_wconf 90' lang='lat' dir='ltr'><strong>illam.</strong></span> <span class='ocrx_word' id='word_1_229' title='bbox 482 2249 560 2312; x_wconf 91' lang='lat' dir='ltr'><strong>ldeo</strong></span> <span class='ocrx_word' id='word_1_230' title='bbox 582 2251 693 2312; x_wconf 87' lang='lat' dir='ltr'><strong>autem</strong></span> <span class='ocrx_word' id='word_1_231' title='bbox 718 2251 858 2313; x_wconf 86' lang='lat' dir='ltr'><strong>mortem</strong></span> <span class='ocrx_word' id='word_1_232' title='bbox 881 2249 1051 2324; x_wconf 84' lang='lat' dir='ltr'><strong>nontecit,</strong></span> <span class='ocrx_word' id='word_1_233' title='bbox 1107 2267 1166 2313; x_wconf 90' lang='lat' dir='ltr'><strong>nes</strong></span> <span class='ocrx_word' id='word_1_234' title='bbox 1181 2251 1215 2312; x_wconf 94' lang='lat' dir='ltr'><strong>in</strong></span> <span class='ocrx_word' id='word_1_235' title='bbox 1230 2249 1431 2328; x_wconf 83' lang='lat' dir='ltr'><strong>Apocalypsi</strong></span> <span class='ocrx_word' id='word_1_236' title='bbox 1447 2270 1455 2309; x_wconf 89' lang='lat'><strong>:</strong></span> <span class='ocrx_word' id='word_1_237' title='bbox 1471 2253 1514 2311; x_wconf 81' lang='lat' dir='ltr'><strong>In</strong></span> <span class='ocrx_word' id='word_1_238' title='bbox 1532 2250 1649 2310; x_wconf 80' lang='lat' dir='ltr'><strong>dicbus</strong></span> <span class='ocrx_word' id='word_1_239' title='bbox 1663 2250 1745 2320; x_wconf 73' lang='lat' dir='ltr'><strong>titis,</strong></span> <span class='ocrx_word' id='word_1_240' title='bbox 1772 2243 1906 2307; x_wconf 69' lang='lat' dir='ltr'><strong>delestis</strong></span> <span class='ocrx_word' id='word_1_241' title='bbox 1972 2241 1973 2304; x_wconf 78' lang='lat' dir='ltr'><strong>l</strong></span> 
     </span>
     <span class='ocr_line' id='line_1_21' title="bbox 254 2337 1905 2427; baseline -0.005 -19"><span class='ocrx_word' id='word_1_242' title='bbox 254 2348 333 2425; x_wconf 88' lang='lat' dir='ltr'><strong>quia</strong></span> <span class='ocrx_word' id='word_1_243' title='bbox 357 2348 444 2426; x_wconf 90' lang='lat' dir='ltr'><strong>quod</strong></span> <span class='ocrx_word' id='word_1_244' title='bbox 466 2347 589 2412; x_wconf 84' lang='lat' dir='ltr'><strong>tactum</strong></span> <span class='ocrx_word' id='word_1_245' title='bbox 605 2349 667 2422; x_wconf 86' lang='lat' dir='ltr'><strong>est,</strong></span> <span class='ocrx_word' id='word_1_246' title='bbox 683 2349 719 2410; x_wconf 91' lang='lat' dir='ltr'><strong>in</strong></span> <span class='ocrx_word' id='word_1_247' title='bbox 739 2348 811 2427; x_wconf 86' lang='lat' dir='ltr'><strong>ipso</strong></span> <span class='ocrx_word' id='word_1_248' title='bbox 832 2350 915 2423; x_wconf 90' lang='lat' dir='ltr'><strong>erat,</strong></span> <span class='ocrx_word' id='word_1_249' title='bbox 931 2350 965 2410; x_wconf 92' lang='lat' dir='ltr'><strong>et</strong></span> <span class='ocrx_word' id='word_1_250' title='bbox 978 2349 1053 2411; x_wconf 92' lang='lat' dir='ltr'><strong>ideo</strong></span> <span class='ocrx_word' id='word_1_251' title='bbox 1100 2351 1249 2423; x_wconf 68' lang='lat' dir='ltr'><strong>tradicio,</strong></span> <span class='ocrx_word' id='word_1_252' title='bbox 1279 2345 1438 2423; x_wconf 81' lang='lat' dir='ltr'><strong>quoerant</strong></span> <span class='ocrx_word' id='word_1_253' title='bbox 1456 2347 1654 2422; x_wconf 79' lang='lat' dir='ltr'><strong>peccatores</strong></span> <span class='ocrx_word' id='word_1_254' title='bbox 1680 2345 1850 2414; x_wconf 68' lang='lat' dir='ltr'><strong>coortam,</strong></span> <span class='ocrx_word' id='word_1_255' title='bbox 1874 2337 1905 2401; x_wconf 86' lang='lat' dir='ltr'><strong>et</strong></span> 
     </span>
     <span class='ocr_line' id='line_1_22' title="bbox 256 2436 1903 2527; baseline -0.005 -21"><span class='ocrx_word' id='word_1_256' title='bbox 256 2445 345 2524; x_wconf 93' lang='lat' dir='ltr'><strong>quod</strong></span> <span class='ocrx_word' id='word_1_257' title='bbox 360 2445 549 2509; x_wconf 80' lang='lat' dir='ltr'><strong>factumest</strong></span> <span class='ocrx_word' id='word_1_258' title='bbox 568 2448 603 2509; x_wconf 90' lang='lat' dir='ltr'><strong>in</strong></span> <span class='ocrx_word' id='word_1_259' title='bbox 623 2447 870 2525; x_wconf 86' lang='lat' dir='ltr'><strong>ipsovitaerat,</strong></span> <span class='ocrx_word' id='word_1_260' title='bbox 888 2448 967 2527; x_wconf 92' lang='lat' dir='ltr'><strong>quia</strong></span> <span class='ocrx_word' id='word_1_261' title='bbox 982 2447 1054 2526; x_wconf 92' lang='lat' dir='ltr'><strong>ipse</strong></span> <span class='ocrx_word' id='word_1_262' title='bbox 1107 2463 1176 2511; x_wconf 82' lang='lat' dir='ltr'><strong>noa</strong></span> <span class='ocrx_word' id='word_1_263' title='bbox 1199 2447 1390 2516; x_wconf 77' lang='lat' dir='ltr'><strong>invenient,</strong></span> <span class='ocrx_word' id='word_1_264' title='bbox 1411 2445 1444 2508; x_wconf 85' lang='lat' dir='ltr'><strong>et</strong></span> <span class='ocrx_word' id='word_1_265' title='bbox 1472 2442 1714 2508; x_wconf 79' lang='lat' dir='ltr'><strong>desiderabant</strong></span> <span class='ocrx_word' id='word_1_266' title='bbox 1738 2443 1846 2512; x_wconf 79' lang='lat' dir='ltr'><strong>mort,</strong></span> <span class='ocrx_word' id='word_1_267' title='bbox 1873 2436 1903 2499; x_wconf 85' lang='lat' dir='ltr'><strong>et</strong></span> 
     </span>
    </p>
   </div>
   <div class='ocr_carea' id='block_1_10' title="bbox 256 2534 1973 2625">
    <p class='ocr_par' dir='ltr' id='par_1_10' title="bbox 256 2534 1973 2625">
     <span class='ocr_line' id='line_1_23' title="bbox 256 2534 1973 2625; baseline -0.004 -21"><span class='ocrx_word' id='word_1_268' title='bbox 256 2543 387 2616; x_wconf 82' lang='lat' dir='ltr'><strong>estvia,</strong></span> <span class='ocrx_word' id='word_1_269' title='bbox 403 2545 527 2608; x_wconf 76' lang='lat' dir='ltr'><strong>veritas</strong></span> <span class='ocrx_word' id='word_1_270' title='bbox 548 2546 582 2608; x_wconf 90' lang='lat' dir='ltr'><strong>et</strong></span> <span class='ocrx_word' id='word_1_271' title='bbox 600 2545 681 2608; x_wconf 78' lang='lat' dir='ltr'><strong>rita.</strong></span> <span class='ocrx_word' id='word_1_272' title='bbox 707 2545 786 2608; x_wconf 89' lang='lat' dir='ltr'><strong>Ideo</strong></span> <span class='ocrx_word' id='word_1_273' title='bbox 812 2562 942 2625; x_wconf 91' lang='lat' dir='ltr'><strong>quoque</strong></span> <span class='ocrx_word' id='word_1_274' title='bbox 966 2547 1054 2608; x_wconf 85' lang='lat' dir='ltr'><strong>Deus</strong></span> <span class='ocrx_word' id='word_1_275' title='bbox 1106 2561 1203 2608; x_wconf 86' lang='lat' dir='ltr'><strong>mors</strong></span> <span class='ocrx_word' id='word_1_276' title='bbox 1233 2545 1485 2624; x_wconf 69' lang='lat' dir='ltr'><strong>mpietatem</strong></span> <span class='ocrx_word' id='word_1_277' title='bbox 1518 2540 1633 2622; x_wconf 75' lang='lat' dir='ltr'><strong>(apoc.</strong></span> <span class='ocrx_word' id='word_1_278' title='bbox 1656 2555 1709 2614; x_wconf 83' lang='lat' dir='ltr'><strong>rx,</strong></span> <span class='ocrx_word' id='word_1_279' title='bbox 1735 2537 1784 2621; x_wconf 88' lang='grc'><strong>6).</strong></span> <span class='ocrx_word' id='word_1_280' title='bbox 1815 2534 1904 2601; x_wconf 88' lang='lat' dir='ltr'><strong>Unde</strong></span> <span class='ocrx_word' id='word_1_281' title='bbox 1972 2575 1973 2624; x_wconf 73' lang='lat'><strong>,</strong></span> 
     </span>
    </p>
   </div>
   <div class='ocr_carea' id='block_1_11' title="bbox 256 2633 1973 3115">
    <p class='ocr_par' dir='ltr' id='par_1_11' title="bbox 256 2633 1973 3115">
     <span class='ocr_line' id='line_1_24' title="bbox 257 2633 1973 2722; baseline -0.003 -21"><span class='ocrx_word' id='word_1_282' title='bbox 257 2641 397 2704; x_wconf 86' lang='lat' dir='ltr'><strong>mortem</strong></span> <span class='ocrx_word' id='word_1_283' title='bbox 427 2642 611 2720; x_wconf 87' lang='lat' dir='ltr'><strong>peccatoris</strong></span> <span class='ocrx_word' id='word_1_284' title='bbox 646 2659 712 2704; x_wconf 90' lang='lat' dir='ltr'><strong>non</strong></span> <span class='ocrx_word' id='word_1_285' title='bbox 740 2643 831 2714; x_wconf 76' lang='lat' dir='ltr'><strong>vult,</strong></span> <span class='ocrx_word' id='word_1_286' title='bbox 860 2643 938 2722; x_wconf 90' lang='lat' dir='ltr'><strong>quia</strong></span> <span class='ocrx_word' id='word_1_287' title='bbox 964 2660 1054 2706; x_wconf 88' lang='lat' dir='ltr'><strong>mors</strong></span> <span class='ocrx_word' id='word_1_288' title='bbox 1109 2643 1285 2706; x_wconf 88' lang='lat' dir='ltr'><strong>Psalmista</strong></span> <span class='ocrx_word' id='word_1_289' title='bbox 1302 2664 1311 2704; x_wconf 73' lang='grc' dir='ltr'><strong><em>ε</em></strong></span> <span class='ocrx_word' id='word_1_290' title='bbox 1327 2645 1418 2705; x_wconf 89' lang='lat' dir='ltr'><strong>Mors</strong></span> <span class='ocrx_word' id='word_1_291' title='bbox 1439 2642 1650 2720; x_wconf 88' lang='lat' dir='ltr'><strong>peccatorum</strong></span> <span class='ocrx_word' id='word_1_292' title='bbox 1672 2638 1822 2716; x_wconf 91' lang='lat' dir='ltr'><strong>pessima</strong></span> <span class='ocrx_word' id='word_1_293' title='bbox 1845 2633 1902 2696; x_wconf 89' lang='lat' dir='ltr'><strong>est.</strong></span> <span class='ocrx_word' id='word_1_294' title='bbox 1972 2633 1973 2696; x_wconf 88' lang='lat' dir='ltr'><strong>l</strong></span> 
     </span>
     <span class='ocr_line' id='line_1_25' title="bbox 257 2705 1973 2820; baseline -0.006 -20"><span class='ocrx_word' id='word_1_295' title='bbox 257 2740 470 2817; x_wconf 90' lang='lat' dir='ltr'><strong>peccatorum</strong></span> <span class='ocrx_word' id='word_1_296' title='bbox 494 2740 638 2818; x_wconf 90' lang='lat' dir='ltr'><strong>pessima</strong></span> <span class='ocrx_word' id='word_1_297' title='bbox 667 2740 728 2803; x_wconf 89' lang='lat' dir='ltr'><strong>est.</strong></span> <span class='ocrx_word' id='word_1_298' title='bbox 748 2741 826 2803; x_wconf 92' lang='lat' dir='ltr'><strong>Ideo</strong></span> <span class='ocrx_word' id='word_1_299' title='bbox 847 2743 958 2803; x_wconf 86' lang='lat' dir='ltr'><strong>eutem</strong></span> <span class='ocrx_word' id='word_1_300' title='bbox 974 2757 1053 2820; x_wconf 82' lang='lat' dir='ltr'><strong>pes-</strong></span> <span class='ocrx_word' id='word_1_301' title='bbox 1148 2745 1238 2805; x_wconf 89' lang='lat' dir='ltr'><strong>Mors</strong></span> <span class='ocrx_word' id='word_1_302' title='bbox 1263 2741 1475 2820; x_wconf 88' lang='lat' dir='ltr'><strong>peccatorum</strong></span> <span class='ocrx_word' id='word_1_303' title='bbox 1497 2755 1564 2802; x_wconf 93' lang='lat' dir='ltr'><strong>non</strong></span> <span class='ocrx_word' id='word_1_304' title='bbox 1586 2739 1714 2802; x_wconf 82' lang='lat' dir='ltr'><strong>tantum</strong></span> <span class='ocrx_word' id='word_1_305' title='bbox 1730 2735 1833 2809; x_wconf 90' lang='lat' dir='ltr'><strong>mala,</strong></span> <span class='ocrx_word' id='word_1_306' title='bbox 1851 2730 1904 2794; x_wconf 91' lang='lat' dir='ltr'><strong>sed</strong></span> <span class='ocrx_word' id='word_1_307' title='bbox 1972 2705 1973 2792; x_wconf 71' lang='lat' dir='ltr'><strong>t</strong></span> 
     </span>
     <span class='ocr_line' id='line_1_26' title="bbox 257 2829 1905 2920; baseline -0.005 -22"><span class='ocrx_word' id='word_1_308' title='bbox 257 2837 355 2911; x_wconf 86' lang='lat' dir='ltr'><strong>sima,</strong></span> <span class='ocrx_word' id='word_1_309' title='bbox 369 2838 448 2916; x_wconf 87' lang='lat' dir='ltr'><strong>quia</strong></span> <span class='ocrx_word' id='word_1_310' title='bbox 458 2839 588 2902; x_wconf 91' lang='lat' dir='ltr'><strong>mortuo</strong></span> <span class='ocrx_word' id='word_1_311' title='bbox 602 2837 737 2901; x_wconf 89' lang='lat' dir='ltr'><strong>homine</strong></span> <span class='ocrx_word' id='word_1_312' title='bbox 747 2838 860 2919; x_wconf 92' lang='lat' dir='ltr'><strong>impio,</strong></span> <span class='ocrx_word' id='word_1_313' title='bbox 876 2839 968 2902; x_wconf 88' lang='lat' dir='ltr'><strong>nulla</strong></span> <span class='ocrx_word' id='word_1_314' title='bbox 979 2856 1054 2918; x_wconf 90' lang='lat' dir='ltr'><strong>spes</strong></span> <span class='ocrx_word' id='word_1_315' title='bbox 1108 2841 1253 2920; x_wconf 89' lang='lat' dir='ltr'><strong>pessima</strong></span> <span class='ocrx_word' id='word_1_316' title='bbox 1265 2855 1340 2902; x_wconf 91' lang='lat' dir='ltr'><strong>esse</strong></span> <span class='ocrx_word' id='word_1_317' title='bbox 1355 2839 1486 2910; x_wconf 92' lang='lat' dir='ltr'><strong>dicitur,</strong></span> <span class='ocrx_word' id='word_1_318' title='bbox 1503 2837 1582 2916; x_wconf 85' lang='lat' dir='ltr'><strong>quia</strong></span> <span class='ocrx_word' id='word_1_319' title='bbox 1596 2835 1807 2916; x_wconf 88' lang='lat' dir='ltr'><strong>poccatorem</strong></span> <span class='ocrx_word' id='word_1_320' title='bbox 1819 2829 1905 2909; x_wconf 88' lang='lat' dir='ltr'><strong>rapit</strong></span> 
     </span>
     <span class='ocr_line' id='line_1_27' title="bbox 257 2932 1973 3017; baseline -0.004 -20"><span class='ocrx_word' id='word_1_321' title='bbox 257 2934 323 2998; x_wconf 90' lang='lat' dir='ltr'><strong>erit</strong></span> <span class='ocrx_word' id='word_1_322' title='bbox 335 2936 375 2997; x_wconf 91' lang='lat' dir='ltr'><strong>de</strong></span> <span class='ocrx_word' id='word_1_323' title='bbox 392 2935 550 2998; x_wconf 90' lang='lat' dir='ltr'><strong>illo.ldeo</strong></span> <span class='ocrx_word' id='word_1_324' title='bbox 565 2938 764 3012; x_wconf 78' lang='lat' dir='ltr'><strong>veronulla,</strong></span> <span class='ocrx_word' id='word_1_325' title='bbox 780 2939 858 3017; x_wconf 89' lang='lat' dir='ltr'><strong>quia</strong></span> <span class='ocrx_word' id='word_1_326' title='bbox 873 2939 908 3000; x_wconf 93' lang='lat' dir='ltr'><strong>in</strong></span> <span class='ocrx_word' id='word_1_327' title='bbox 923 2937 1054 3000; x_wconf 85' lang='lat' dir='ltr'><strong>interno</strong></span> <span class='ocrx_word' id='word_1_328' title='bbox 1108 2939 1149 3000; x_wconf 92' lang='lat' dir='ltr'><strong>ad</strong></span> <span class='ocrx_word' id='word_1_329' title='bbox 1164 2939 1364 3016; x_wconf 81' lang='lat' dir='ltr'><strong>gebennam.</strong></span> <span class='ocrx_word' id='word_1_330' title='bbox 1379 2939 1425 2998; x_wconf 83' lang='lat' dir='ltr'><strong>Ea</strong></span> <span class='ocrx_word' id='word_1_331' title='bbox 1441 2952 1583 3014; x_wconf 91' lang='lat' dir='ltr'><strong>namque</strong></span> <span class='ocrx_word' id='word_1_332' title='bbox 1599 2935 1705 2997; x_wconf 86' lang='lat' dir='ltr'><strong>morte</strong></span> <span class='ocrx_word' id='word_1_333' title='bbox 1717 2932 1819 2994; x_wconf 91' lang='lat' dir='ltr'><strong>simul</strong></span> <span class='ocrx_word' id='word_1_334' title='bbox 1832 2944 1903 2992; x_wconf 90' lang='lat' dir='ltr'><strong>mo·</strong></span> <span class='ocrx_word' id='word_1_335' title='bbox 1972 2953 1973 2958; x_wconf 41' lang='lat'>¹</span> 
     </span>
     <span class='ocr_line' id='line_1_28' title="bbox 256 3025 1973 3115; baseline -0.004 -21"><span class='ocrx_word' id='word_1_336' title='bbox 256 3032 349 3096; x_wconf 87' lang='lat' dir='ltr'><strong>nulla</strong></span> <span class='ocrx_word' id='word_1_337' title='bbox 370 3035 422 3096; x_wconf 87' lang='lat' dir='ltr'><strong>est</strong></span> <span class='ocrx_word' id='word_1_338' title='bbox 445 3035 640 3114; x_wconf 86' lang='lat' dir='ltr'><strong>redemptio.</strong></span> <span class='ocrx_word' id='word_1_339' title='bbox 667 3034 730 3098; x_wconf 88' lang='lat' dir='ltr'><strong>Sed</strong></span> <span class='ocrx_word' id='word_1_340' title='bbox 754 3035 789 3098; x_wconf 92' lang='lat' dir='ltr'><strong>in</strong></span> <span class='ocrx_word' id='word_1_341' title='bbox 804 3037 873 3099; x_wconf 86' lang='lat' dir='ltr'><strong>vita</strong></span> <span class='ocrx_word' id='word_1_342' title='bbox 897 3036 1055 3115; x_wconf 81' lang='lat' dir='ltr'><strong>praesenti</strong></span> <span class='ocrx_word' id='word_1_343' title='bbox 1107 3038 1324 3115; x_wconf 90' lang='lat' dir='ltr'><strong>riturcorpus</strong></span> <span class='ocrx_word' id='word_1_344' title='bbox 1339 3035 1494 3098; x_wconf 87' lang='lat' dir='ltr'><strong>etanima</strong></span> <span class='ocrx_word' id='word_1_345' title='bbox 1512 3049 1579 3096; x_wconf 90' lang='lat' dir='ltr'><strong>non</strong></span> <span class='ocrx_word' id='word_1_346' title='bbox 1595 3025 1906 3096; x_wconf 75' lang='lat' dir='ltr'><strong>aeternaliteranut-</strong></span> <span class='ocrx_word' id='word_1_347' title='bbox 1972 3085 1973 3088; x_wconf 73' lang='grc'><strong>,</strong></span> 
     </span>
    </p>
   </div>
   <div class='ocr_carea' id='block_1_12' title="bbox 258 3123 1905 3411">
    <p class='ocr_par' dir='ltr' id='par_1_12' title="bbox 258 3123 1905 3411">
     <span class='ocr_line' id='line_1_29' title="bbox 258 3123 1904 3214; baseline -0.005 -22"><span class='ocrx_word' id='word_1_348' title='bbox 258 3130 380 3194; x_wconf 90' lang='lat' dir='ltr'><strong>accidit</strong></span> <span class='ocrx_word' id='word_1_349' title='bbox 399 3149 417 3194; x_wconf 92' lang='lat' dir='ltr'><strong>e</strong></span> <span class='ocrx_word' id='word_1_350' title='bbox 437 3133 617 3208; x_wconf 89' lang='lat' dir='ltr'><strong>contrario,</strong></span> <span class='ocrx_word' id='word_1_351' title='bbox 632 3133 709 3213; x_wconf 90' lang='lat' dir='ltr'><strong>quia</strong></span> <span class='ocrx_word' id='word_1_352' title='bbox 723 3136 988 3214; x_wconf 88' lang='lat' dir='ltr'><strong>quantacumque</strong></span> <span class='ocrx_word' id='word_1_353' title='bbox 1013 3135 1057 3197; x_wconf 90' lang='lat' dir='ltr'><strong>sit</strong></span> <span class='ocrx_word' id='word_1_354' title='bbox 1107 3138 1214 3198; x_wconf 87' lang='lat' dir='ltr'><strong>tentes</strong></span> <span class='ocrx_word' id='word_1_355' title='bbox 1235 3136 1350 3208; x_wconf 87' lang='lat' dir='ltr'><strong>vitam,</strong></span> <span class='ocrx_word' id='word_1_356' title='bbox 1374 3133 1431 3196; x_wconf 92' lang='lat' dir='ltr'><strong>sed</strong></span> <span class='ocrx_word' id='word_1_357' title='bbox 1453 3134 1531 3196; x_wconf 81' lang='lat' dir='ltr'><strong>ritae</strong></span> <span class='ocrx_word' id='word_1_358' title='bbox 1545 3130 1796 3195; x_wconf 87' lang='lat' dir='ltr'><strong>beatitudinem.</strong></span> <span class='ocrx_word' id='word_1_359' title='bbox 1814 3123 1904 3189; x_wconf 91' lang='lat' dir='ltr'><strong>Unde</strong></span> 
     </span>
     <span class='ocr_line' id='line_1_30' title="bbox 258 3220 1905 3312; baseline -0.005 -22"><span class='ocrx_word' id='word_1_360' title='bbox 258 3231 374 3292; x_wconf 88' lang='lat' dir='ltr'><strong>nostra</strong></span> <span class='ocrx_word' id='word_1_361' title='bbox 384 3230 531 3301; x_wconf 93' lang='lat' dir='ltr'><strong>miseria,</strong></span> <span class='ocrx_word' id='word_1_362' title='bbox 544 3235 651 3310; x_wconf 84' lang='lat' dir='ltr'><strong>major</strong></span> <span class='ocrx_word' id='word_1_363' title='bbox 665 3233 716 3294; x_wconf 90' lang='lat' dir='ltr'><strong>est</strong></span> <span class='ocrx_word' id='word_1_364' title='bbox 725 3236 798 3312; x_wconf 88' lang='lat' dir='ltr'><strong>ejus</strong></span> <span class='ocrx_word' id='word_1_365' title='bbox 807 3233 1053 3309; x_wconf 83' lang='lat' dir='ltr'><strong>misericordia3</strong></span> <span class='ocrx_word' id='word_1_366' title='bbox 1109 3235 1290 3312; x_wconf 81' lang='lat' dir='ltr'><strong>Gregorius</strong></span> <span class='ocrx_word' id='word_1_367' title='bbox 1307 3255 1315 3296; x_wconf 88' lang='lat'>:</span> <span class='ocrx_word' id='word_1_368' title='bbox 1331 3251 1349 3294; x_wconf 72' lang='lat' dir='ltr'><strong>u</strong></span> <span class='ocrx_word' id='word_1_369' title='bbox 1366 3233 1486 3296; x_wconf 87' lang='lat' dir='ltr'><strong>Anima</strong></span> <span class='ocrx_word' id='word_1_370' title='bbox 1508 3231 1578 3294; x_wconf 92' lang='lat' dir='ltr'><strong>illic</strong></span> <span class='ocrx_word' id='word_1_371' title='bbox 1593 3229 1701 3309; x_wconf 90' lang='lat' dir='ltr'><strong>posita</strong></span> <span class='ocrx_word' id='word_1_372' title='bbox 1717 3245 1786 3290; x_wconf 93' lang='lat' dir='ltr'><strong>non</strong></span> <span class='ocrx_word' id='word_1_373' title='bbox 1801 3220 1905 3305; x_wconf 89' lang='lat' dir='ltr'><strong>perdit</strong></span> 
     </span>
     <span class='ocr_line' id='line_1_31' title="bbox 259 3319 1905 3411; baseline -0.004 -23"><span class='ocrx_word' id='word_1_374' title='bbox 259 3327 524 3407; x_wconf 87' lang='lat' dir='ltr'><strong>quantacumque</strong></span> <span class='ocrx_word' id='word_1_375' title='bbox 547 3329 592 3392; x_wconf 92' lang='lat' dir='ltr'><strong>sit</strong></span> <span class='ocrx_word' id='word_1_376' title='bbox 614 3330 729 3393; x_wconf 89' lang='lat' dir='ltr'><strong>nostra</strong></span> <span class='ocrx_word' id='word_1_377' title='bbox 756 3331 920 3408; x_wconf 88' lang='lat' dir='ltr'><strong>impietas,</strong></span> <span class='ocrx_word' id='word_1_378' title='bbox 949 3334 1057 3410; x_wconf 89' lang='lat' dir='ltr'><strong>major</strong></span> <span class='ocrx_word' id='word_1_379' title='bbox 1109 3349 1193 3407; x_wconf 87' lang='lat' dir='ltr'><strong>esse,</strong></span> <span class='ocrx_word' id='word_1_380' title='bbox 1216 3332 1273 3396; x_wconf 90' lang='lat' dir='ltr'><strong>sod</strong></span> <span class='ocrx_word' id='word_1_381' title='bbox 1295 3331 1403 3411; x_wconf 88' lang='lat' dir='ltr'><strong>pordit</strong></span> <span class='ocrx_word' id='word_1_382' title='bbox 1417 3345 1492 3393; x_wconf 85' lang='lat' dir='ltr'><strong>esse</strong></span> <span class='ocrx_word' id='word_1_383' title='bbox 1506 3329 1649 3392; x_wconf 87' lang='lat' dir='ltr'><strong>beatam.</strong></span> <span class='ocrx_word' id='word_1_384' title='bbox 1664 3346 1682 3390; x_wconf 74' lang='lat' dir='ltr'><strong>s</strong></span> <span class='ocrx_word' id='word_1_385' title='bbox 1696 3327 1792 3391; x_wconf 87' lang='lat' dir='ltr'><strong>Unde</strong></span> <span class='ocrx_word' id='word_1_386' title='bbox 1813 3319 1905 3387; x_wconf 91' lang='lat' dir='ltr'><strong>Psal-</strong></span> 
     </span>
    </p>
   </div>
   <div class='ocr_carea' id='block_1_13' title="bbox 256 3417 1973 3607">
    <p class='ocr_par' dir='ltr' id='par_1_13' title="bbox 256 3417 1973 3607">
     <span class='ocr_line' id='line_1_32' title="bbox 256 3417 1973 3507; baseline -0.003 -21"><span class='ocrx_word' id='word_1_387' title='bbox 256 3425 309 3486; x_wconf 91' lang='lat' dir='ltr'><strong>est</strong></span> <span class='ocrx_word' id='word_1_388' title='bbox 332 3425 438 3503; x_wconf 87' lang='lat' dir='ltr'><strong>pietas</strong></span> <span class='ocrx_word' id='word_1_389' title='bbox 460 3441 532 3489; x_wconf 88' lang='lat' dir='ltr'><strong>sua.</strong></span> <span class='ocrx_word' id='word_1_390' title='bbox 558 3427 663 3501; x_wconf 82' lang='lat' dir='ltr'><strong>Absit,</strong></span> <span class='ocrx_word' id='word_1_391' title='bbox 689 3429 726 3490; x_wconf 89' lang='lat' dir='ltr'><strong>ut</strong></span> <span class='ocrx_word' id='word_1_392' title='bbox 747 3428 961 3507; x_wconf 90' lang='lat' dir='ltr'><strong>desperemus</strong></span> <span class='ocrx_word' id='word_1_393' title='bbox 980 3445 1056 3491; x_wconf 90' lang='lat' dir='ltr'><strong>cum</strong></span> <span class='ocrx_word' id='word_1_394' title='bbox 1109 3433 1207 3494; x_wconf 89' lang='lat' dir='ltr'><strong>mista</strong></span> <span class='ocrx_word' id='word_1_395' title='bbox 1224 3453 1231 3493; x_wconf 76' lang='grc' dir='ltr'><strong>ε</strong></span> <span class='ocrx_word' id='word_1_396' title='bbox 1248 3433 1344 3494; x_wconf 81' lang='lat' dir='ltr'><strong>Stant</strong></span> <span class='ocrx_word' id='word_1_397' title='bbox 1356 3445 1437 3494; x_wconf 87' lang='lat' dir='ltr'><strong>oecs</strong></span> <span class='ocrx_word' id='word_1_398' title='bbox 1451 3434 1488 3492; x_wconf 83' lang='lat' dir='ltr'><strong>tn</strong></span> <span class='ocrx_word' id='word_1_399' title='bbox 1501 3431 1640 3504; x_wconf 72' lang='lat' dir='ltr'><strong>trisemo</strong></span> <span class='ocrx_word' id='word_1_400' title='bbox 1647 3427 1754 3503; x_wconf 79' lang='lat' dir='ltr'><strong>positi</strong></span> <span class='ocrx_word' id='word_1_401' title='bbox 1765 3421 1860 3494; x_wconf 83' lang='lat' dir='ltr'><strong>sunt,</strong></span> <span class='ocrx_word' id='word_1_402' title='bbox 1873 3417 1905 3480; x_wconf 79' lang='lat' dir='ltr'><strong>ct</strong></span> <span class='ocrx_word' id='word_1_403' title='bbox 1972 3425 1973 3428; x_wconf 75' lang='grc'>’</span> 
     </span>
     <span class='ocr_line' id='line_1_33' title="bbox 256 3516 1973 3607; baseline -0.005 -23"><span class='ocrx_word' id='word_1_404' title='bbox 256 3523 339 3584; x_wconf 89' lang='lat' dir='ltr'><strong>Cain</strong></span> <span class='ocrx_word' id='word_1_405' title='bbox 365 3524 513 3587; x_wconf 89' lang='lat' dir='ltr'><strong>dicentes</strong></span> <span class='ocrx_word' id='word_1_406' title='bbox 537 3548 544 3587; x_wconf 77' lang='grc' dir='ltr'><strong>ε</strong></span> <span class='ocrx_word' id='word_1_407' title='bbox 572 3528 680 3604; x_wconf 88' lang='lat' dir='ltr'><strong>major</strong></span> <span class='ocrx_word' id='word_1_408' title='bbox 714 3527 764 3589; x_wconf 90' lang='lat' dir='ltr'><strong>est</strong></span> <span class='ocrx_word' id='word_1_409' title='bbox 797 3526 960 3606; x_wconf 90' lang='lat' dir='ltr'><strong>iniquitas</strong></span> <span class='ocrx_word' id='word_1_410' title='bbox 982 3541 1057 3588; x_wconf 89' lang='lat' dir='ltr'><strong>mea</strong></span> <span class='ocrx_word' id='word_1_411' title='bbox 1108 3547 1205 3595; x_wconf 82' lang='lat' dir='ltr'><strong>mors</strong></span> <span class='ocrx_word' id='word_1_412' title='bbox 1214 3530 1373 3606; x_wconf 79' lang='lat' dir='ltr'><strong>depascet</strong></span> <span class='ocrx_word' id='word_1_413' title='bbox 1386 3533 1459 3592; x_wconf 75' lang='lat' dir='ltr'><strong>dms</strong></span> <span class='ocrx_word' id='word_1_414' title='bbox 1468 3526 1538 3607; x_wconf 89' lang='lat' dir='ltr'><strong>(Ps.</strong></span> <span class='ocrx_word' id='word_1_415' title='bbox 1549 3527 1600 3599; x_wconf 84' lang='grc'><strong>48,</strong></span> <span class='ocrx_word' id='word_1_416' title='bbox 1610 3523 1655 3606; x_wconf 83' lang='grc'><strong>5).</strong></span> <span class='ocrx_word' id='word_1_417' title='bbox 1669 3524 1753 3587; x_wconf 81' lang='lat' dir='ltr'><strong>Acsi</strong></span> <span class='ocrx_word' id='word_1_418' title='bbox 1764 3516 1906 3584; x_wconf 88' lang='lat' dir='ltr'><strong>diceret:</strong></span> <span class='ocrx_word' id='word_1_419' title='bbox 1972 3527 1973 3532; x_wconf 72' lang='grc'>’</span> 
     </span>
    </p>
   </div>
   <div class='ocr_carea' id='block_1_14' title="bbox 254 3611 1907 5764">
    <p class='ocr_par' dir='ltr' id='par_1_14' title="bbox 254 3611 1907 3802">
     <span class='ocr_line' id='line_1_34' title="bbox 256 3611 1903 3704; baseline -0.003 -21"><span class='ocrx_word' id='word_1_420' title='bbox 256 3618 363 3700; x_wconf 88' lang='lat' dir='ltr'><strong>quam</strong></span> <span class='ocrx_word' id='word_1_421' title='bbox 376 3624 413 3686; x_wconf 94' lang='lat' dir='ltr'><strong>ut</strong></span> <span class='ocrx_word' id='word_1_422' title='bbox 433 3623 574 3686; x_wconf 73' lang='lat' dir='ltr'><strong>veniam,</strong></span> <span class='ocrx_word' id='word_1_423' title='bbox 587 3641 730 3699; x_wconf 88' lang='lat' dir='ltr'><strong>merear,</strong></span> <span class='ocrx_word' id='word_1_424' title='bbox 747 3626 882 3704; x_wconf 88' lang='lat' dir='ltr'><strong>propter</strong></span> <span class='ocrx_word' id='word_1_425' title='bbox 896 3625 983 3704; x_wconf 91' lang='lat' dir='ltr'><strong>quod</strong></span> <span class='ocrx_word' id='word_1_426' title='bbox 998 3625 1057 3687; x_wconf 87' lang='lat' dir='ltr'><strong>ille</strong></span> <span class='ocrx_word' id='word_1_427' title='bbox 1110 3629 1197 3693; x_wconf 86' lang='lat' dir='ltr'><strong>sicut</strong></span> <span class='ocrx_word' id='word_1_428' title='bbox 1210 3643 1289 3690; x_wconf 80' lang='lat' dir='ltr'><strong>oves</strong></span> <span class='ocrx_word' id='word_1_429' title='bbox 1305 3643 1372 3689; x_wconf 89' lang='lat' dir='ltr'><strong>non</strong></span> <span class='ocrx_word' id='word_1_430' title='bbox 1386 3625 1547 3688; x_wconf 86' lang='lat' dir='ltr'><strong>radicitus</strong></span> <span class='ocrx_word' id='word_1_431' title='bbox 1559 3622 1682 3685; x_wconf 88' lang='lat' dir='ltr'><strong>herbas</strong></span> <span class='ocrx_word' id='word_1_432' title='bbox 1696 3620 1836 3692; x_wconf 89' lang='lat' dir='ltr'><strong>vellunt,</strong></span> <span class='ocrx_word' id='word_1_433' title='bbox 1850 3611 1903 3678; x_wconf 88' lang='lat' dir='ltr'><strong>sod</strong></span> 
     </span>
     <span class='ocr_line' id='line_1_35' title="bbox 254 3715 1907 3802; baseline -0.004 -20"><span class='ocrx_word' id='word_1_434' title='bbox 254 3735 361 3796; x_wconf 84' lang='lat' dir='ltr'><strong>vagus</strong></span> <span class='ocrx_word' id='word_1_435' title='bbox 376 3721 410 3782; x_wconf 90' lang='lat' dir='ltr'><strong>et</strong></span> <span class='ocrx_word' id='word_1_436' title='bbox 420 3720 580 3799; x_wconf 79' lang='lat' dir='ltr'><strong>profugus</strong></span> <span class='ocrx_word' id='word_1_437' title='bbox 595 3721 678 3785; x_wconf 89' lang='lat' dir='ltr'><strong>abiit</strong></span> <span class='ocrx_word' id='word_1_438' title='bbox 692 3738 793 3802; x_wconf 92' lang='lat' dir='ltr'><strong>super</strong></span> <span class='ocrx_word' id='word_1_439' title='bbox 804 3723 940 3786; x_wconf 77' lang='lat' dir='ltr'><strong>terram.</strong></span> <span class='ocrx_word' id='word_1_440' title='bbox 1110 3726 1317 3789; x_wconf 84' lang='lat' dir='ltr'><strong>summitates</strong></span> <span class='ocrx_word' id='word_1_441' title='bbox 1329 3726 1481 3802; x_wconf 85' lang='lat' dir='ltr'><strong>carpunt,</strong></span> <span class='ocrx_word' id='word_1_442' title='bbox 1496 3724 1532 3785; x_wconf 91' lang='lat' dir='ltr'><strong>ut</strong></span> <span class='ocrx_word' id='word_1_443' title='bbox 1545 3738 1676 3800; x_wconf 87' lang='lat' dir='ltr'><strong>semper</strong></span> <span class='ocrx_word' id='word_1_444' title='bbox 1688 3715 1907 3782; x_wconf 85' lang='lat' dir='ltr'><strong>renascantur</strong></span> 
     </span>
    </p>

    <p class='ocr_par' dir='ltr' id='par_1_15' title="bbox 254 3818 1905 5764">
     <span class='ocr_line' id='line_1_36' title="bbox 295 3818 1905 3902; baseline -0.003 -24"><span class='ocrx_word' id='word_1_445' title='bbox 295 3818 381 3880; x_wconf 91' lang='lat' dir='ltr'><strong>Nolo</strong></span> <span class='ocrx_word' id='word_1_446' title='bbox 406 3820 546 3882; x_wconf 88' lang='lat' dir='ltr'><strong>mortem</strong></span> <span class='ocrx_word' id='word_1_447' title='bbox 566 3821 762 3897; x_wconf 88' lang='lat' dir='ltr'><strong>peccatoris.</strong></span> <span class='ocrx_word' id='word_1_448' title='bbox 785 3821 905 3900; x_wconf 85' lang='lat' dir='ltr'><strong>Utique</strong></span> <span class='ocrx_word' id='word_1_449' title='bbox 931 3821 1055 3884; x_wconf 89' lang='lat' dir='ltr'><strong>distin·</strong></span> <span class='ocrx_word' id='word_1_450' title='bbox 1110 3826 1222 3888; x_wconf 82' lang='lat' dir='ltr'><strong>herbae</strong></span> <span class='ocrx_word' id='word_1_451' title='bbox 1244 3824 1285 3886; x_wconf 88' lang='lat' dir='ltr'><strong>ad</strong></span> <span class='ocrx_word' id='word_1_452' title='bbox 1309 3823 1450 3902; x_wconf 88' lang='lat' dir='ltr'><strong>pastum,</strong></span> <span class='ocrx_word' id='word_1_453' title='bbox 1472 3821 1519 3884; x_wconf 84' lang='lat' dir='ltr'><strong>ita</strong></span> <span class='ocrx_word' id='word_1_454' title='bbox 1541 3835 1631 3883; x_wconf 88' lang='lat' dir='ltr'><strong>mors</strong></span> <span class='ocrx_word' id='word_1_455' title='bbox 1652 3818 1829 3881; x_wconf 81' lang='lat' dir='ltr'><strong>infernalis</strong></span> <span class='ocrx_word' id='word_1_456' title='bbox 1843 3825 1905 3874; x_wconf 89' lang='lat' dir='ltr'><strong>non</strong></span> 
     </span>
     <span class='ocr_line' id='line_1_37' title="bbox 258 3914 1903 3993; baseline -0.002 -18"><span class='ocrx_word' id='word_1_457' title='bbox 258 3916 425 3990; x_wconf 86' lang='lat' dir='ltr'><strong>guendum</strong></span> <span class='ocrx_word' id='word_1_458' title='bbox 440 3917 491 3978; x_wconf 89' lang='lat' dir='ltr'><strong>est</strong></span> <span class='ocrx_word' id='word_1_459' title='bbox 505 3917 593 3980; x_wconf 89' lang='lat' dir='ltr'><strong>inter</strong></span> <span class='ocrx_word' id='word_1_460' title='bbox 615 3921 754 3982; x_wconf 88' lang='lat' dir='ltr'><strong>mortem</strong></span> <span class='ocrx_word' id='word_1_461' title='bbox 778 3922 812 3982; x_wconf 92' lang='lat' dir='ltr'><strong>et</strong></span> <span class='ocrx_word' id='word_1_462' title='bbox 833 3921 983 3981; x_wconf 91' lang='lat' dir='ltr'><strong>mortem.</strong></span> <span class='ocrx_word' id='word_1_463' title='bbox 1001 3920 1058 3981; x_wconf 78' lang='lat' dir='ltr'><strong>list</strong></span> <span class='ocrx_word' id='word_1_464' title='bbox 1110 3923 1276 3986; x_wconf 90' lang='lat' dir='ltr'><strong>consumit</strong></span> <span class='ocrx_word' id='word_1_465' title='bbox 1299 3921 1467 3993; x_wconf 89' lang='lat' dir='ltr'><strong>homines,</strong></span> <span class='ocrx_word' id='word_1_466' title='bbox 1498 3919 1555 3981; x_wconf 89' lang='lat' dir='ltr'><strong>sed</strong></span> <span class='ocrx_word' id='word_1_467' title='bbox 1584 3917 1724 3993; x_wconf 76' lang='lat' dir='ltr'><strong>aflligit,</strong></span> <span class='ocrx_word' id='word_1_468' title='bbox 1747 3917 1784 3978; x_wconf 92' lang='lat' dir='ltr'><strong>ut</strong></span> <span class='ocrx_word' id='word_1_469' title='bbox 1812 3914 1903 3974; x_wconf 91' lang='lat' dir='ltr'><strong>bomo</strong></span> 
     </span>
     <span class='ocr_line' id='line_1_38' title="bbox 259 4007 1904 4099; baseline 0 -26"><span class='ocrx_word' id='word_1_470' title='bbox 259 4013 348 4074; x_wconf 91' lang='lat' dir='ltr'><strong>enim</strong></span> <span class='ocrx_word' id='word_1_471' title='bbox 363 4031 454 4076; x_wconf 90' lang='lat' dir='ltr'><strong>mors</strong></span> <span class='ocrx_word' id='word_1_472' title='bbox 468 4016 665 4094; x_wconf 84' lang='lat' dir='ltr'><strong>corporalis,</strong></span> <span class='ocrx_word' id='word_1_473' title='bbox 689 4017 873 4094; x_wconf 86' lang='lat' dir='ltr'><strong>spiritualis</strong></span> <span class='ocrx_word' id='word_1_474' title='bbox 895 4023 928 4079; x_wconf 88' lang='lat' dir='ltr'><strong>ot</strong></span> <span class='ocrx_word' id='word_1_475' title='bbox 953 4019 1056 4079; x_wconf 83' lang='lat' dir='ltr'><strong>aeter·</strong></span> <span class='ocrx_word' id='word_1_476' title='bbox 1111 4037 1241 4099; x_wconf 88' lang='lat' dir='ltr'><strong>semper</strong></span> <span class='ocrx_word' id='word_1_477' title='bbox 1261 4019 1353 4084; x_wconf 81' lang='lat' dir='ltr'><strong>vivat</strong></span> <span class='ocrx_word' id='word_1_478' title='bbox 1374 4018 1415 4080; x_wconf 88' lang='lat' dir='ltr'><strong>ad</strong></span> <span class='ocrx_word' id='word_1_479' title='bbox 1440 4018 1590 4080; x_wconf 89' lang='lat' dir='ltr'><strong>mortam.</strong></span> <span class='ocrx_word' id='word_1_480' title='bbox 1617 4018 1707 4077; x_wconf 89' lang='lat' dir='ltr'><strong>Mors</strong></span> <span class='ocrx_word' id='word_1_481' title='bbox 1726 4007 1904 4092; x_wconf 85' lang='lat' dir='ltr'><strong>corporalis</strong></span> 
     </span>
     <span class='ocr_line' id='line_1_39' title="bbox 257 4110 1905 4196; baseline -0.001 -23"><span class='ocrx_word' id='word_1_482' title='bbox 257 4112 357 4173; x_wconf 86' lang='lat' dir='ltr'><strong>nelis.</strong></span> <span class='ocrx_word' id='word_1_483' title='bbox 381 4113 494 4176; x_wconf 88' lang='lat' dir='ltr'><strong>Prima</strong></span> <span class='ocrx_word' id='word_1_484' title='bbox 517 4114 680 4188; x_wconf 80' lang='lat' dir='ltr'><strong>esthama,</strong></span> <span class='ocrx_word' id='word_1_485' title='bbox 709 4115 854 4176; x_wconf 83' lang='lat' dir='ltr'><strong>secunda</strong></span> <span class='ocrx_word' id='word_1_486' title='bbox 882 4115 933 4177; x_wconf 88' lang='lat' dir='ltr'><strong>est</strong></span> <span class='ocrx_word' id='word_1_487' title='bbox 956 4115 1054 4189; x_wconf 86' lang='lat' dir='ltr'><strong>mala,</strong></span> <span class='ocrx_word' id='word_1_488' title='bbox 1111 4117 1211 4182; x_wconf 83' lang='lat' dir='ltr'><strong>vitari</strong></span> <span class='ocrx_word' id='word_1_489' title='bbox 1237 4133 1304 4179; x_wconf 91' lang='lat' dir='ltr'><strong>non</strong></span> <span class='ocrx_word' id='word_1_490' title='bbox 1330 4117 1449 4196; x_wconf 90' lang='lat' dir='ltr'><strong>potest,</strong></span> <span class='ocrx_word' id='word_1_491' title='bbox 1470 4130 1531 4177; x_wconf 91' lang='lat' dir='ltr'><strong>neo</strong></span> <span class='ocrx_word' id='word_1_492' title='bbox 1555 4112 1766 4184; x_wconf 84' lang='lat' dir='ltr'><strong>estvitanda,</strong></span> <span class='ocrx_word' id='word_1_493' title='bbox 1792 4110 1822 4172; x_wconf 88' lang='lat' dir='ltr'><strong>si</strong></span> <span class='ocrx_word' id='word_1_494' title='bbox 1836 4119 1905 4170; x_wconf 80' lang='lat' dir='ltr'><strong>eam</strong></span> 
     </span>
     <span class='ocr_line' id='line_1_40' title="bbox 257 4209 1904 4294; baseline -0.003 -25"><span class='ocrx_word' id='word_1_495' title='bbox 257 4209 357 4270; x_wconf 89' lang='lat' dir='ltr'><strong>tertia</strong></span> <span class='ocrx_word' id='word_1_496' title='bbox 370 4211 422 4272; x_wconf 89' lang='lat' dir='ltr'><strong>est</strong></span> <span class='ocrx_word' id='word_1_497' title='bbox 431 4212 586 4288; x_wconf 82' lang='lat' dir='ltr'><strong>pessima.</strong></span> <span class='ocrx_word' id='word_1_498' title='bbox 597 4215 634 4274; x_wconf 92' lang='lat' dir='ltr'><strong>ln</strong></span> <span class='ocrx_word' id='word_1_499' title='bbox 646 4212 752 4291; x_wconf 87' lang='lat' dir='ltr'><strong>prima</strong></span> <span class='ocrx_word' id='word_1_500' title='bbox 763 4213 1056 4291; x_wconf 89' lang='lat' dir='ltr'><strong>separaturanima</strong></span> <span class='ocrx_word' id='word_1_501' title='bbox 1110 4216 1181 4278; x_wconf 81' lang='lat' dir='ltr'><strong>rita</strong></span> <span class='ocrx_word' id='word_1_502' title='bbox 1192 4215 1402 4294; x_wconf 86' lang='lat' dir='ltr'><strong>praecesserit</strong></span> <span class='ocrx_word' id='word_1_503' title='bbox 1417 4215 1543 4286; x_wconf 88' lang='lat' dir='ltr'><strong>sancta,</strong></span> <span class='ocrx_word' id='word_1_504' title='bbox 1556 4213 1634 4291; x_wconf 88' lang='lat' dir='ltr'><strong>quia</strong></span> <span class='ocrx_word' id='word_1_505' title='bbox 1647 4214 1726 4274; x_wconf 89' lang='lat' dir='ltr'><strong>tunc</strong></span> <span class='ocrx_word' id='word_1_506' title='bbox 1745 4209 1811 4272; x_wconf 83' lang='lat' dir='ltr'><strong>erit</strong></span> <span class='ocrx_word' id='word_1_507' title='bbox 1820 4215 1904 4269; x_wconf 89' lang='lat' dir='ltr'><strong>mors</strong></span> 
     </span>
     <span class='ocr_line' id='line_1_41' title="bbox 259 4297 1904 4392; baseline -0.001 -24"><span class='ocrx_word' id='word_1_508' title='bbox 259 4323 444 4384; x_wconf 87' lang='lat' dir='ltr'><strong>aoorpore.</strong></span> <span class='ocrx_word' id='word_1_509' title='bbox 468 4313 505 4371; x_wconf 91' lang='lat' dir='ltr'><strong>In</strong></span> <span class='ocrx_word' id='word_1_510' title='bbox 532 4311 677 4373; x_wconf 89' lang='lat' dir='ltr'><strong>secunda</strong></span> <span class='ocrx_word' id='word_1_511' title='bbox 697 4313 872 4389; x_wconf 87' lang='lat' dir='ltr'><strong>separatur</strong></span> <span class='ocrx_word' id='word_1_512' title='bbox 895 4311 1008 4373; x_wconf 88' lang='lat' dir='ltr'><strong>anima</strong></span> <span class='ocrx_word' id='word_1_513' title='bbox 1038 4329 1058 4374; x_wconf 87' lang='lat' dir='ltr'><strong>a</strong></span> <span class='ocrx_word' id='word_1_514' title='bbox 1111 4315 1269 4392; x_wconf 88' lang='lat' dir='ltr'><strong>pretiosa.</strong></span> <span class='ocrx_word' id='word_1_515' title='bbox 1292 4314 1383 4374; x_wconf 88' lang='lat' dir='ltr'><strong>Mors</strong></span> <span class='ocrx_word' id='word_1_516' title='bbox 1413 4310 1583 4374; x_wconf 87' lang='lat' dir='ltr'><strong>aeternalis</strong></span> <span class='ocrx_word' id='word_1_517' title='bbox 1609 4308 1709 4374; x_wconf 82' lang='lat' dir='ltr'><strong>vitari</strong></span> <span class='ocrx_word' id='word_1_518' title='bbox 1732 4306 1854 4386; x_wconf 89' lang='lat' dir='ltr'><strong>potest,</strong></span> <span class='ocrx_word' id='word_1_519' title='bbox 1878 4297 1904 4359; x_wconf 83' lang='lat' dir='ltr'><strong>si</strong></span> 
     </span>
     <span class='ocr_line' id='line_1_42' title="bbox 258 4405 1905 4490; baseline -0.003 -24"><span class='ocrx_word' id='word_1_520' title='bbox 258 4407 338 4466; x_wconf 90' lang='lat' dir='ltr'><strong>Deo.</strong></span> <span class='ocrx_word' id='word_1_521' title='bbox 354 4408 391 4467; x_wconf 91' lang='lat' dir='ltr'><strong>In</strong></span> <span class='ocrx_word' id='word_1_522' title='bbox 401 4407 501 4470; x_wconf 90' lang='lat' dir='ltr'><strong>tertia</strong></span> <span class='ocrx_word' id='word_1_523' title='bbox 516 4409 628 4471; x_wconf 85' lang='lat' dir='ltr'><strong>anima</strong></span> <span class='ocrx_word' id='word_1_524' title='bbox 644 4425 718 4470; x_wconf 91' lang='lat' dir='ltr'><strong>cum</strong></span> <span class='ocrx_word' id='word_1_525' title='bbox 738 4424 877 4487; x_wconf 90' lang='lat' dir='ltr'><strong>corpore</strong></span> <span class='ocrx_word' id='word_1_526' title='bbox 896 4410 1056 4471; x_wconf 91' lang='lat' dir='ltr'><strong>condem·</strong></span> <span class='ocrx_word' id='word_1_527' title='bbox 1110 4413 1234 4476; x_wconf 88' lang='lat' dir='ltr'><strong>vitetur</strong></span> <span class='ocrx_word' id='word_1_528' title='bbox 1248 4409 1443 4490; x_wconf 89' lang='lat' dir='ltr'><strong>spiritualis,</strong></span> <span class='ocrx_word' id='word_1_529' title='bbox 1456 4410 1535 4488; x_wconf 92' lang='lat' dir='ltr'><strong>quia</strong></span> <span class='ocrx_word' id='word_1_530' title='bbox 1545 4425 1605 4487; x_wconf 91' lang='lat' dir='ltr'><strong>per</strong></span> <span class='ocrx_word' id='word_1_531' title='bbox 1614 4405 1822 4486; x_wconf 87' lang='lat' dir='ltr'><strong>spiritualem</strong></span> <span class='ocrx_word' id='word_1_532' title='bbox 1832 4413 1905 4481; x_wconf 83' lang='lat' dir='ltr'><strong>per·</strong></span> 
     </span>
     <span class='ocr_line' id='line_1_43' title="bbox 260 4502 1905 4585; baseline -0.002 -21"><span class='ocrx_word' id='word_1_533' title='bbox 260 4502 394 4565; x_wconf 79' lang='lat' dir='ltr'><strong>rabitur</strong></span> <span class='ocrx_word' id='word_1_534' title='bbox 408 4505 592 4583; x_wconf 89' lang='lat' dir='ltr'><strong>injudicio.</strong></span> <span class='ocrx_word' id='word_1_535' title='bbox 618 4508 665 4568; x_wconf 86' lang='lat' dir='ltr'><strong>Do</strong></span> <span class='ocrx_word' id='word_1_536' title='bbox 684 4506 790 4569; x_wconf 90' lang='lat' dir='ltr'><strong>morte</strong></span> <span class='ocrx_word' id='word_1_537' title='bbox 804 4507 982 4585; x_wconf 89' lang='lat' dir='ltr'><strong>corporali,</strong></span> <span class='ocrx_word' id='word_1_538' title='bbox 996 4524 1056 4569; x_wconf 93' lang='lat' dir='ltr'><strong>re·</strong></span> <span class='ocrx_word' id='word_1_539' title='bbox 1110 4511 1245 4574; x_wconf 77' lang='lat' dir='ltr'><strong>venitur</strong></span> <span class='ocrx_word' id='word_1_540' title='bbox 1256 4509 1297 4572; x_wconf 89' lang='lat' dir='ltr'><strong>ad</strong></span> <span class='ocrx_word' id='word_1_541' title='bbox 1312 4509 1515 4573; x_wconf 86' lang='lat' dir='ltr'><strong>aeternalem.</strong></span> <span class='ocrx_word' id='word_1_542' title='bbox 1528 4509 1621 4570; x_wconf 87' lang='lat' dir='ltr'><strong>Mors</strong></span> <span class='ocrx_word' id='word_1_543' title='bbox 1630 4506 1741 4569; x_wconf 88' lang='lat' dir='ltr'><strong>autom</strong></span> <span class='ocrx_word' id='word_1_544' title='bbox 1751 4503 1905 4581; x_wconf 83' lang='lat' dir='ltr'><strong>spiritua-</strong></span> 
     </span>
     <span class='ocr_line' id='line_1_44' title="bbox 262 4595 1905 4688; baseline 0.001 -27"><span class='ocrx_word' id='word_1_545' title='bbox 262 4604 406 4678; x_wconf 87' lang='lat' dir='ltr'><strong>surgunt</strong></span> <span class='ocrx_word' id='word_1_546' title='bbox 417 4619 544 4677; x_wconf 90' lang='lat' dir='ltr'><strong>omnes,</strong></span> <span class='ocrx_word' id='word_1_547' title='bbox 559 4605 637 4682; x_wconf 88' lang='lat' dir='ltr'><strong>quia</strong></span> <span class='ocrx_word' id='word_1_548' title='bbox 653 4621 767 4667; x_wconf 89' lang='lat' dir='ltr'><strong>omnes</strong></span> <span class='ocrx_word' id='word_1_549' title='bbox 782 4605 954 4678; x_wconf 87' lang='lat' dir='ltr'><strong>morimur,</strong></span> <span class='ocrx_word' id='word_1_550' title='bbox 972 4606 1059 4669; x_wconf 91' lang='lat' dir='ltr'><strong>sicut</strong></span> <span class='ocrx_word' id='word_1_551' title='bbox 1111 4611 1153 4672; x_wconf 91' lang='lat' dir='ltr'><strong>lis</strong></span> <span class='ocrx_word' id='word_1_552' title='bbox 1167 4608 1345 4688; x_wconf 87' lang='lat' dir='ltr'><strong>tripliciter</strong></span> <span class='ocrx_word' id='word_1_553' title='bbox 1357 4608 1409 4670; x_wconf 90' lang='lat' dir='ltr'><strong>iit:</strong></span> <span class='ocrx_word' id='word_1_554' title='bbox 1421 4609 1543 4680; x_wconf 88' lang='lat' dir='ltr'><strong>mente,</strong></span> <span class='ocrx_word' id='word_1_555' title='bbox 1554 4605 1680 4682; x_wconf 81' lang='lat' dir='ltr'><strong>lingua,</strong></span> <span class='ocrx_word' id='word_1_556' title='bbox 1692 4619 1803 4665; x_wconf 91' lang='lat' dir='ltr'><strong>manu.</strong></span> <span class='ocrx_word' id='word_1_557' title='bbox 1817 4595 1905 4664; x_wconf 79' lang='lat' dir='ltr'><strong>Unde</strong></span> 
     </span>
     <span class='ocr_line' id='line_1_45' title="bbox 259 4691 1905 4782; baseline 0.001 -21"><span class='ocrx_word' id='word_1_558' title='bbox 259 4700 340 4762; x_wconf 94' lang='lat' dir='ltr'><strong>dicit</strong></span> <span class='ocrx_word' id='word_1_559' title='bbox 364 4701 520 4765; x_wconf 83' lang='lat' dir='ltr'><strong>Salomon</strong></span> <span class='ocrx_word' id='word_1_560' title='bbox 538 4725 545 4764; x_wconf 90' lang='lat'>:</span> <span class='ocrx_word' id='word_1_561' title='bbox 566 4706 612 4766; x_wconf 82' lang='lat' dir='ltr'><strong>m</strong></span> <span class='ocrx_word' id='word_1_562' title='bbox 632 4719 734 4766; x_wconf 80' lang='lat' dir='ltr'><strong>acmo</strong></span> <span class='ocrx_word' id='word_1_563' title='bbox 762 4705 896 4780; x_wconf 79' lang='lat' dir='ltr'><strong>estqui</strong></span> <span class='ocrx_word' id='word_1_564' title='bbox 920 4720 1059 4781; x_wconf 82' lang='lat' dir='ltr'><strong>sempor</strong></span> <span class='ocrx_word' id='word_1_565' title='bbox 1112 4706 1289 4770; x_wconf 87' lang='lat' dir='ltr'><strong>Psalmista</strong></span> <span class='ocrx_word' id='word_1_566' title='bbox 1313 4727 1321 4768; x_wconf 74' lang='grc' dir='ltr'><strong><em>ε</em></strong></span> <span class='ocrx_word' id='word_1_567' title='bbox 1349 4705 1510 4782; x_wconf 81' lang='lat' dir='ltr'><strong>coacepit</strong></span> <span class='ocrx_word' id='word_1_568' title='bbox 1535 4707 1687 4768; x_wconf 79' lang='lat' dir='ltr'><strong>dotorem</strong></span> <span class='ocrx_word' id='word_1_569' title='bbox 1717 4703 1751 4765; x_wconf 86' lang='lat' dir='ltr'><strong>et</strong></span> <span class='ocrx_word' id='word_1_570' title='bbox 1771 4691 1905 4777; x_wconf 72' lang='lat' dir='ltr'><strong>peperit</strong></span> 
     </span>
     <span class='ocr_line' id='line_1_46' title="bbox 258 4799 1903 4880; baseline -0.001 -19"><span class='ocrx_word' id='word_1_571' title='bbox 258 4799 366 4871; x_wconf 83' lang='lat' dir='ltr'><strong>otvot,</strong></span> <span class='ocrx_word' id='word_1_572' title='bbox 395 4801 428 4862; x_wconf 89' lang='lat' dir='ltr'><strong>et</strong></span> <span class='ocrx_word' id='word_1_573' title='bbox 451 4805 510 4876; x_wconf 83' lang='lat' dir='ltr'><strong>qut</strong></span> <span class='ocrx_word' id='word_1_574' title='bbox 537 4806 648 4877; x_wconf 70' lang='lat' dir='ltr'><strong>broces·</strong></span> <span class='ocrx_word' id='word_1_575' title='bbox 666 4807 720 4866; x_wconf 80' lang='lat' dir='ltr'><strong>rei</strong></span> <span class='ocrx_word' id='word_1_576' title='bbox 747 4803 869 4867; x_wconf 81' lang='lat' dir='ltr'><strong>babeat</strong></span> <span class='ocrx_word' id='word_1_577' title='bbox 896 4806 1059 4877; x_wconf 75' lang='lat' dir='ltr'><strong>fidtoeiam</strong></span> <span class='ocrx_word' id='word_1_578' title='bbox 1111 4805 1342 4880; x_wconf 77' lang='lat' dir='ltr'><strong>iniquitatem.</strong></span> <span class='ocrx_word' id='word_1_579' title='bbox 1358 4808 1488 4866; x_wconf 81' lang='lat' dir='ltr'><strong>Lacum</strong></span> <span class='ocrx_word' id='word_1_580' title='bbox 1501 4802 1641 4878; x_wconf 79' lang='lat' dir='ltr'><strong>aperuit</strong></span> <span class='ocrx_word' id='word_1_581' title='bbox 1655 4799 1816 4877; x_wconf 80' lang='lat' dir='ltr'><strong>eteffodtt</strong></span> <span class='ocrx_word' id='word_1_582' title='bbox 1829 4805 1903 4860; x_wconf 75' lang='lat' dir='ltr'><strong>cum</strong></span> 
     </span>
     <span class='ocr_line' id='line_1_47' title="bbox 259 4887 1904 4984; baseline -0.005 -26"><span class='ocrx_word' id='word_1_583' title='bbox 259 4895 667 4976; x_wconf 77' lang='lat' dir='ltr'><strong>(Uocli.1x,t).EtDavid</strong></span> <span class='ocrx_word' id='word_1_584' title='bbox 682 4923 689 4962; x_wconf 74' lang='grc' dir='ltr'><strong>ε</strong></span> <span class='ocrx_word' id='word_1_585' title='bbox 707 4901 786 4974; x_wconf 89' lang='lat' dir='ltr'><strong>Quis</strong></span> <span class='ocrx_word' id='word_1_586' title='bbox 805 4904 856 4964; x_wconf 89' lang='lat' dir='ltr'><strong>est</strong></span> <span class='ocrx_word' id='word_1_587' title='bbox 880 4903 978 4964; x_wconf 90' lang='lat' dir='ltr'><strong>bomo</strong></span> <span class='ocrx_word' id='word_1_588' title='bbox 1000 4902 1057 4980; x_wconf 90' lang='lat' dir='ltr'><strong>qui</strong></span> <span class='ocrx_word' id='word_1_589' title='bbox 1111 4901 1183 4984; x_wconf 86' lang='lat' dir='ltr'><strong>(Ps.</strong></span> <span class='ocrx_word' id='word_1_590' title='bbox 1206 4905 1237 4976; x_wconf 80' lang='lat'><strong>7,</strong></span> <span class='ocrx_word' id='word_1_591' title='bbox 1259 4901 1323 4983; x_wconf 85' lang='lat'>16).</span> <span class='ocrx_word' id='word_1_592' title='bbox 1347 4901 1507 4980; x_wconf 83' lang='lat' dir='ltr'><strong>Concepit</strong></span> <span class='ocrx_word' id='word_1_593' title='bbox 1520 4911 1630 4962; x_wconf 86' lang='lat' dir='ltr'><strong>mente</strong></span> <span class='ocrx_word' id='word_1_594' title='bbox 1652 4899 1810 4964; x_wconf 90' lang='lat' dir='ltr'><strong>dolorem,</strong></span> <span class='ocrx_word' id='word_1_595' title='bbox 1824 4887 1904 4957; x_wconf 86' lang='lat' dir='ltr'><strong>idest</strong></span> 
     </span>
     <span class='ocr_line' id='line_1_48' title="bbox 259 4985 1901 5078; baseline -0.003 -17"><span class='ocrx_word' id='word_1_596' title='bbox 259 4995 356 5066; x_wconf 81' lang='lat' dir='ltr'><strong>vivit,</strong></span> <span class='ocrx_word' id='word_1_597' title='bbox 369 4994 402 5058; x_wconf 91' lang='lat' dir='ltr'><strong>et</strong></span> <span class='ocrx_word' id='word_1_598' title='bbox 414 5011 481 5057; x_wconf 92' lang='lat' dir='ltr'><strong>non</strong></span> <span class='ocrx_word' id='word_1_599' title='bbox 496 4995 620 5059; x_wconf 87' lang='lat' dir='ltr'><strong>videbit</strong></span> <span class='ocrx_word' id='word_1_600' title='bbox 632 5001 782 5061; x_wconf 88' lang='lat' dir='ltr'><strong>mortem.</strong></span> <span class='ocrx_word' id='word_1_601' title='bbox 803 5003 850 5062; x_wconf 87' lang='lat' dir='ltr'><strong>De</strong></span> <span class='ocrx_word' id='word_1_602' title='bbox 862 5000 967 5062; x_wconf 87' lang='lat' dir='ltr'><strong>morte</strong></span> <span class='ocrx_word' id='word_1_603' title='bbox 983 5001 1056 5078; x_wconf 92' lang='lat' dir='ltr'><strong>spi·</strong></span> <span class='ocrx_word' id='word_1_604' title='bbox 1112 5000 1357 5078; x_wconf 87' lang='lat' dir='ltr'><strong>cogitationem,</strong></span> <span class='ocrx_word' id='word_1_605' title='bbox 1372 4999 1461 5061; x_wconf 84' lang='lat' dir='ltr'><strong>mala</strong></span> <span class='ocrx_word' id='word_1_606' title='bbox 1485 4997 1596 5060; x_wconf 78' lang='lat' dir='ltr'><strong>tacere</strong></span> <span class='ocrx_word' id='word_1_607' title='bbox 1616 4994 1825 5059; x_wconf 87' lang='lat' dir='ltr'><strong>machinatus</strong></span> <span class='ocrx_word' id='word_1_608' title='bbox 1846 4985 1901 5056; x_wconf 73' lang='lat' dir='ltr'><strong>est,</strong></span> 
     </span>
     <span class='ocr_line' id='line_1_49' title="bbox 259 5091 1900 5180; baseline 0 -22"><span class='ocrx_word' id='word_1_609' title='bbox 259 5094 375 5158; x_wconf 89' lang='lat' dir='ltr'><strong>rituali</strong></span> <span class='ocrx_word' id='word_1_610' title='bbox 387 5095 568 5170; x_wconf 87' lang='lat' dir='ltr'><strong>resurgunt</strong></span> <span class='ocrx_word' id='word_1_611' title='bbox 582 5094 697 5173; x_wconf 89' lang='lat' dir='ltr'><strong>aliqui,</strong></span> <span class='ocrx_word' id='word_1_612' title='bbox 713 5097 790 5174; x_wconf 90' lang='lat' dir='ltr'><strong>quia</strong></span> <span class='ocrx_word' id='word_1_613' title='bbox 805 5098 865 5158; x_wconf 86' lang='lat' dir='ltr'><strong>alii</strong></span> <span class='ocrx_word' id='word_1_614' title='bbox 879 5099 1059 5176; x_wconf 87' lang='lat' dir='ltr'><strong>resurgunt</strong></span> <span class='ocrx_word' id='word_1_615' title='bbox 1112 5099 1232 5180; x_wconf 91' lang='lat' dir='ltr'><strong>quibus</strong></span> <span class='ocrx_word' id='word_1_616' title='bbox 1246 5098 1289 5159; x_wconf 86' lang='lat' dir='ltr'><strong>ad</strong></span> <span class='ocrx_word' id='word_1_617' title='bbox 1313 5098 1462 5161; x_wconf 91' lang='lat' dir='ltr'><strong>dolorem</strong></span> <span class='ocrx_word' id='word_1_618' title='bbox 1482 5098 1677 5175; x_wconf 89' lang='lat' dir='ltr'><strong>perpetuum</strong></span> <span class='ocrx_word' id='word_1_619' title='bbox 1700 5091 1900 5172; x_wconf 78' lang='lat' dir='ltr'><strong>perveniturt</strong></span> 
     </span>
     <span class='ocr_line' id='line_1_50' title="bbox 259 5187 1902 5276; baseline -0.004 -20"><span class='ocrx_word' id='word_1_620' title='bbox 259 5194 301 5256; x_wconf 84' lang='lat' dir='ltr'><strong>ad</strong></span> <span class='ocrx_word' id='word_1_621' title='bbox 321 5209 464 5273; x_wconf 90' lang='lat' dir='ltr'><strong>poenam,</strong></span> <span class='ocrx_word' id='word_1_622' title='bbox 491 5193 550 5255; x_wconf 87' lang='lat' dir='ltr'><strong>alii</strong></span> <span class='ocrx_word' id='word_1_623' title='bbox 577 5193 617 5254; x_wconf 92' lang='lat' dir='ltr'><strong>ad</strong></span> <span class='ocrx_word' id='word_1_624' title='bbox 642 5195 743 5257; x_wconf 85' lang='lat' dir='ltr'><strong>vitam</strong></span> <span class='ocrx_word' id='word_1_625' title='bbox 770 5195 939 5271; x_wconf 89' lang='lat' dir='ltr'><strong>aeternam,</strong></span> <span class='ocrx_word' id='word_1_626' title='bbox 970 5199 1058 5259; x_wconf 91' lang='lat' dir='ltr'><strong>unde</strong></span> <span class='ocrx_word' id='word_1_627' title='bbox 1098 5199 1145 5260; x_wconf 40' lang='lat' dir='ltr'><strong>*et</strong></span> <span class='ocrx_word' id='word_1_628' title='bbox 1165 5196 1294 5276; x_wconf 84' lang='lat' dir='ltr'><strong>peperit</strong></span> <span class='ocrx_word' id='word_1_629' title='bbox 1316 5196 1552 5275; x_wconf 85' lang='lat' dir='ltr'><strong>iniquitatem,</strong></span> <span class='ocrx_word' id='word_1_630' title='bbox 1576 5193 1682 5266; x_wconf 89' lang='lat' dir='ltr'><strong>idest,</strong></span> <span class='ocrx_word' id='word_1_631' title='bbox 1717 5187 1902 5267; x_wconf 80' lang='lat' dir='ltr'><strong>conceptam</strong></span> 
     </span>
     <span class='ocr_line' id='line_1_51' title="bbox 259 5291 1904 5375; baseline -0.003 -21"><span class='ocrx_word' id='word_1_632' title='bbox 259 5291 436 5370; x_wconf 84' lang='lat' dir='ltr'><strong>Apostolus</strong></span> <span class='ocrx_word' id='word_1_633' title='bbox 453 5293 586 5369; x_wconf 70' lang='lat' dir='ltr'><strong>:Sarae</strong></span> <span class='ocrx_word' id='word_1_634' title='bbox 608 5295 667 5367; x_wconf 79' lang='lat' dir='ltr'><strong>qai</strong></span> <span class='ocrx_word' id='word_1_635' title='bbox 690 5295 833 5367; x_wconf 80' lang='lat' dir='ltr'><strong>dorruts,</strong></span> <span class='ocrx_word' id='word_1_636' title='bbox 850 5295 883 5356; x_wconf 86' lang='lat' dir='ltr'><strong>et</strong></span> <span class='ocrx_word' id='word_1_637' title='bbox 905 5309 1058 5372; x_wconf 70' lang='lat' dir='ltr'><strong>casurus</strong></span> <span class='ocrx_word' id='word_1_638' title='bbox 1111 5291 1904 5375; x_wconf 73' lang='lat' dir='ltr'><strong>iniquiutcnlinguananifestavitnacumape</strong></span> 
     </span>
     <span class='ocr_line' id='line_1_52' title="bbox 259 5385 1902 5466; baseline -0.004 -13"><span class='ocrx_word' id='word_1_639' title='bbox 259 5408 282 5453; x_wconf 88' lang='lat' dir='ltr'><strong>a</strong></span> <span class='ocrx_word' id='word_1_640' title='bbox 320 5392 492 5464; x_wconf 80' lang='lat' dir='ltr'><strong>otortais,</strong></span> <span class='ocrx_word' id='word_1_641' title='bbox 530 5391 564 5452; x_wconf 87' lang='lat' dir='ltr'><strong>et</strong></span> <span class='ocrx_word' id='word_1_642' title='bbox 593 5391 797 5453; x_wconf 74' lang='lat' dir='ltr'><strong>illuminabit</strong></span> <span class='ocrx_word' id='word_1_643' title='bbox 833 5393 866 5454; x_wconf 83' lang='lat' dir='ltr'><strong>tc</strong></span> <span class='ocrx_word' id='word_1_644' title='bbox 900 5393 1059 5455; x_wconf 76' lang='lat' dir='ltr'><strong>Christus</strong></span> <span class='ocrx_word' id='word_1_645' title='bbox 1112 5395 1181 5456; x_wconf 86' lang='lat' dir='ltr'><strong>ruit</strong></span> <span class='ocrx_word' id='word_1_646' title='bbox 1209 5395 1243 5456; x_wconf 90' lang='lat' dir='ltr'><strong>et</strong></span> <span class='ocrx_word' id='word_1_647' title='bbox 1275 5391 1390 5455; x_wconf 81' lang='lat' dir='ltr'><strong>effodit</strong></span> <span class='ocrx_word' id='word_1_648' title='bbox 1426 5392 1537 5464; x_wconf 92' lang='lat' dir='ltr'><strong>illum,</strong></span> <span class='ocrx_word' id='word_1_649' title='bbox 1568 5390 1672 5462; x_wconf 89' lang='lat' dir='ltr'><strong>idest,</strong></span> <span class='ocrx_word' id='word_1_650' title='bbox 1703 5385 1902 5466; x_wconf 78' lang='lat' dir='ltr'><strong>iniquitatem</strong></span> 
     </span>
     <span class='ocr_line' id='line_1_53' title="bbox 259 5485 1902 5572; baseline -0.004 -22"><span class='ocrx_word' id='word_1_651' title='bbox 259 5488 356 5569; x_wconf 81' lang='lat' dir='ltr'><strong>(Epir.</strong></span> <span class='ocrx_word' id='word_1_652' title='bbox 382 5503 416 5557; x_wconf 90' lang='lat' dir='ltr'><strong>v,</strong></span> <span class='ocrx_word' id='word_1_653' title='bbox 438 5485 502 5568; x_wconf 87' lang='grc'>14).</span> <span class='ocrx_word' id='word_1_654' title='bbox 530 5487 632 5562; x_wconf 89' lang='lat' dir='ltr'><strong>Quasi</strong></span> <span class='ocrx_word' id='word_1_655' title='bbox 658 5488 784 5552; x_wconf 91' lang='lat' dir='ltr'><strong>diceret</strong></span> <span class='ocrx_word' id='word_1_656' title='bbox 807 5504 851 5551; x_wconf 91' lang='lat'><strong>:0</strong></span> <span class='ocrx_word' id='word_1_657' title='bbox 878 5489 977 5552; x_wconf 89' lang='lat' dir='ltr'><strong>homo</strong></span> <span class='ocrx_word' id='word_1_658' title='bbox 1001 5491 1058 5569; x_wconf 91' lang='lat' dir='ltr'><strong>qui</strong></span> <span class='ocrx_word' id='word_1_659' title='bbox 1113 5508 1212 5572; x_wconf 89' lang='lat' dir='ltr'><strong>quam</strong></span> <span class='ocrx_word' id='word_1_660' title='bbox 1247 5492 1358 5553; x_wconf 89' lang='lat' dir='ltr'><strong>mente</strong></span> <span class='ocrx_word' id='word_1_661' title='bbox 1384 5487 1603 5568; x_wconf 88' lang='lat' dir='ltr'><strong>conceperat,</strong></span> <span class='ocrx_word' id='word_1_662' title='bbox 1628 5489 1662 5552; x_wconf 88' lang='lat' dir='ltr'><strong>et</strong></span> <span class='ocrx_word' id='word_1_663' title='bbox 1686 5485 1800 5564; x_wconf 85' lang='lat' dir='ltr'><strong>lingua</strong></span> <span class='ocrx_word' id='word_1_664' title='bbox 1829 5494 1902 5562; x_wconf 76' lang='lat' dir='ltr'><strong>pro-</strong></span> 
     </span>
     <span class='ocr_line' id='line_1_54' title="bbox 261 5579 1903 5667; baseline -0.003 -19"><span class='ocrx_word' id='word_1_665' title='bbox 261 5587 386 5649; x_wconf 86' lang='lat' dir='ltr'><strong>dormis</strong></span> <span class='ocrx_word' id='word_1_666' title='bbox 402 5586 436 5647; x_wconf 91' lang='lat' dir='ltr'><strong>in</strong></span> <span class='ocrx_word' id='word_1_667' title='bbox 451 5585 566 5648; x_wconf 90' lang='lat' dir='ltr'><strong>multis</strong></span> <span class='ocrx_word' id='word_1_668' title='bbox 585 5586 676 5650; x_wconf 83' lang='lat' dir='ltr'><strong>vitiis</strong></span> <span class='ocrx_word' id='word_1_669' title='bbox 696 5588 729 5651; x_wconf 92' lang='lat' dir='ltr'><strong>et</strong></span> <span class='ocrx_word' id='word_1_670' title='bbox 750 5586 919 5650; x_wconf 86' lang='lat' dir='ltr'><strong>erroribus</strong></span> <span class='ocrx_word' id='word_1_671' title='bbox 933 5590 966 5651; x_wconf 90' lang='lat' dir='ltr'><strong>et</strong></span> <span class='ocrx_word' id='word_1_672' title='bbox 979 5579 1070 5667; x_wconf 53' lang='lat' dir='ltr'><strong>pec?</strong></span> <span class='ocrx_word' id='word_1_673' title='bbox 1113 5589 1266 5662; x_wconf 81' lang='lat' dir='ltr'><strong>duxerat,</strong></span> <span class='ocrx_word' id='word_1_674' title='bbox 1291 5587 1402 5667; x_wconf 91' lang='lat' dir='ltr'><strong>operis</strong></span> <span class='ocrx_word' id='word_1_675' title='bbox 1427 5585 1668 5650; x_wconf 90' lang='lat' dir='ltr'><strong>consuetudine</strong></span> <span class='ocrx_word' id='word_1_676' title='bbox 1701 5591 1903 5646; x_wconf 77' lang='lat' dir='ltr'><strong>consumme·</strong></span> 
     </span>
     <span class='ocr_line' id='line_1_55' title="bbox 254 5669 1903 5764; baseline -0.003 -16"><span class='ocrx_word' id='word_1_677' title='bbox 254 5684 361 5762; x_wconf 86' lang='lat' dir='ltr'><strong>catis,</strong></span> <span class='ocrx_word' id='word_1_678' title='bbox 390 5698 533 5764; x_wconf 84' lang='lat' dir='ltr'><strong>exsurge</strong></span> <span class='ocrx_word' id='word_1_679' title='bbox 560 5701 579 5748; x_wconf 91' lang='lat' dir='ltr'><strong>a</strong></span> <span class='ocrx_word' id='word_1_680' title='bbox 605 5686 767 5761; x_wconf 87' lang='lat' dir='ltr'><strong>mortuis,</strong></span> <span class='ocrx_word' id='word_1_681' title='bbox 793 5685 900 5762; x_wconf 81' lang='lat' dir='ltr'><strong>idest,</strong></span> <span class='ocrx_word' id='word_1_682' title='bbox 932 5687 1058 5752; x_wconf 91' lang='lat' dir='ltr'><strong>dimitte</strong></span> <span class='ocrx_word' id='word_1_683' title='bbox 1145 5689 1168 5752; x_wconf 90' lang='lat' dir='ltr'><strong>t.</strong></span> <span class='ocrx_word' id='word_1_684' title='bbox 1201 5691 1287 5764; x_wconf 80' lang='lat' dir='ltr'><strong>Urgo</strong></span> <span class='ocrx_word' id='word_1_685' title='bbox 1316 5687 1549 5750; x_wconf 84' lang='lat' dir='ltr'><strong>convertamur</strong></span> <span class='ocrx_word' id='word_1_686' title='bbox 1578 5685 1619 5747; x_wconf 89' lang='lat' dir='ltr'><strong>ad</strong></span> <span class='ocrx_word' id='word_1_687' title='bbox 1653 5680 1846 5754; x_wconf 85' lang='lat' dir='ltr'><strong>bominum,</strong></span> <span class='ocrx_word' id='word_1_688' title='bbox 1871 5669 1903 5734; x_wconf 70' lang='lat' dir='ltr'><strong>tt</strong></span> 
     </span>
    </p>
   </div>
   <div class='ocr_carea' id='block_1_15' title="bbox 0 0 2012 6324">
    <p class='ocr_par' dir='ltr' id='par_1_16' title="bbox 0 0 2012 6324">
     <span class='ocr_line' id='line_1_56' title="bbox 0 0 2012 6324; baseline 0 0"><span class='ocrx_word' id='word_1_689' title='bbox 0 0 2012 6324; x_wconf 95' lang='lat' dir='ltr'><strong> </strong></span> 
     </span>
    </p>
   </div>
  </div>
 </body>
</html>
