3982 6302
115 331 165 392 eal
660 327 837 390 HONORII
864 328 990 390 PAPAE
1013 328 1058 389 111
1079 325 1188 390 vira.
1689 329 1751 394 422

8 563 10 594 Ι
149 487 277 554 Accedit
289 488 353 562 bls,
370 486 455 568 quod
469 503 543 550 cum
558 486 598 551 de
615 488 740 566 nuptiis
758 505 798 552 ac
812 487 898 565 legi·
953 503 1033 550 uero
1057 487 1234 564 antequam
1254 486 1415 554 natalium
1444 503 1546 550 causa
1569 487 1750 554 terminata

8 595 11 624 ⁵
113 589 185 651 timo
210 586 420 650 matrimonio
444 586 583 666 quaestio
605 587 790 650 verteretur
811 585 898 648 inter
953 585 1052 666 esset.
1065 585 1301 662 dependentem
1312 600 1354 648 ex
1367 584 1425 648 illa
1437 586 1659 658 successionis
1674 603 1752 650 cau·

114 684 272 763 Tyresiam
283 677 421 748 loannis
441 684 594 744 Ridaurae
610 685 724 756 liliam,
741 700 780 746 ac
794 687 897 746 Jaoo-
953 700 1024 750 sam
1039 683 1197 760 incipere,
1216 682 1300 742 nihil
1315 683 1406 746 aliud
1419 684 1515 756 esset,
1530 699 1628 760 quarn
1643 685 1752 746 diver·

113 782 182 843 bum
201 785 389 858 aragonum
408 795 530 857 regem,
547 781 684 857 Tyresia
701 783 838 842 Romam
856 781 896 840 ad
953 780 1000 846 sis
1012 779 1222 858 processibus
1236 779 1395 850 intricare
1418 781 1598 856 negotium,
1616 782 1649 843 et
1664 797 1749 842 con-

8 867 10 940 ῗ
115 879 286 940 Honorium
313 895 348 940 se
377 878 526 946 contulit,
559 877 615 940 sed
648 877 898 955 probationibus
953 875 1749 956 lusionequadamjudlciiordinemperturbare:

8 1023 10 1080 ἰ
114 975 259 1052 legitimis
280 975 435 1037 destituta
453 974 488 1035 in
510 989 610 1036 causa
631 974 825 1049 succubuit3
846 976 899 1039 at·
954 975 989 1035 Si
1006 974 1090 1039 sorte
1104 973 1146 1036 ab
1161 973 1233 1051 ipsa
1245 973 1363 1048 regina
1382 973 1485 1036 fueris
1500 991 1600 1056 super
1612 975 1675 1036 hoc
1689 992 1749 1038 re-

8 1085 10 1106 *
114 1073 249 1152 queideo
262 1073 405 1134 lacobus
418 1089 492 1133 oum
507 1071 548 1132 ad
561 1072 645 1134 alias
659 1073 899 1150 nuptiastran-
953 1070 1105 1150 quisitus,
1131 1071 1235 1132 donec
1256 1073 1327 1148 jam
1349 1070 1438 1145 dicta
1461 1086 1563 1140 causa
1587 1073 1750 1139 natalium

9 1205 10 1248 q
115 1171 224 1242 siisset,
246 1171 343 1231 ducta
364 1171 514 1232 Leonora
534 1169 684 1233 Castellae
704 1169 793 1246 regis
815 1169 895 1242 nlla,
952 1169 1142 1246 Apostolico
1163 1167 1291 1246 judicio
1316 1167 1415 1245 tinem
1436 1169 1603 1246 acceperit
1625 1171 1751 1249 patien-

113 1268 169 1328 sibi
193 1268 451 1344 consanguinea,
483 1283 526 1328 ex
556 1283 621 1345 qua
649 1266 898 1344 adelphonsum
952 1267 1004 1327 ter
1018 1267 1204 1344 expectes»
1227 1263 1286 1346 (3).

114 1365 335 1442 progenuerat,
350 1365 543 1444 improbatae
554 1381 684 1443 quoque
693 1365 761 1426 illae
774 1364 897 1443 nuptiae
995 1363 1180 1426 Ludovicus
1213 1363 1301 1426 idem
1333 1378 1422 1436 rex,
1456 1380 1530 1426 oum
1555 1364 1751 1442 albigenses

114 1479 131 1524 a
146 1464 299 1540 Gregorio
312 1465 358 1526 IX
373 1463 485 1540 iuere;
500 1480 574 1526 cum
585 1467 656 1541 jam
675 1461 821 1524 Honorio
835 1461 898 1524 de·
954 1460 1061 1522 denuo
1074 1462 1291 1538 emergerent,
1304 1461 1503 1538 apostolica
1528 1462 1624 1526 Sedis
1642 1462 1751 1538 legato

115 1559 226 1633 iuncto,
249 1561 306 1622 ille
326 1561 367 1622 de
386 1577 426 1622 ea
444 1577 479 1624 re
499 1559 616 1623 luisset
633 1560 821 1621 admonitus
838 1557 896 1640 (1).
954 1557 1119 1632 hortante,
1132 1558 1172 1619 de
1185 1574 1283 1620 cruce
1298 1559 1333 1620 in
1348 1574 1405 1636 eos
1417 1559 1577 1632 sumenda
1591 1559 1752 1638 delibera·

114 1659 248 1719 loannes
268 1659 369 1731 enim,
390 1658 564 1736 episcopus
584 1657 776 1732 cardinalis,
797 1656 837 1718 de
860 1671 899 1718 ea
953 1655 1012 1727 vit,
1026 1671 1067 1718 ac
1083 1671 1156 1716 cnm
1168 1671 1206 1721 eo
1222 1656 1359 1719 comites
1374 1657 1407 1718 et
1419 1671 1575 1734 proceres
1590 1657 1647 1720 sed
1659 1659 1753 1720 etar-

115 1769 146 1813 re
163 1755 345 1830 Jusdicans
367 1755 619 1832 diremptionem
642 1755 843 1832 nuptiarum,
861 1769 900 1815 ac
955 1751 1158 1832 ohiopiscopi
1172 1755 1204 1816 et
1216 1753 1362 1832 episcopi
1375 1754 1487 1831 plures
1500 1754 1588 1832 apud
1601 1755 1751 1819 Parisios

115 1851 193 1912 thori
208 1854 454 1930 separationem
475 1853 632 1926 decrevit,
652 1852 899 1930 apostolicaque
955 1851 1201 1924 convenientes,
1226 1867 1246 1912 a
1268 1852 1377 1930 legato
1401 1851 1465 1914 sibi
1487 1853 1596 1914 crucis
1621 1853 1752 1928 signum

114 1950 310 2022 auctoritate,
338 1951 584 2027 adelphonsum
608 1949 649 2012 ad
673 1950 822 2027 legitima
838 1966 901 2010 na·
954 1949 1080 2026 imponi
1096 1965 1200 2026 prono
1214 1952 1324 2012 animo
1341 1949 1596 2024 eonsentientes,
1609 1951 1753 2011 Arenio·
1863 1979 1864 1984 κ

114 2046 194 2120 talia,
210 2048 336 2124 praevia
351 2047 597 2126 dispensatione
611 2047 767 2119 restitnit,
787 2046 901 2124 legiti-
955 2060 1029 2108 nem
1043 2045 1307 2124 proficiscuntur.
1322 2046 1403 2106 Erat
1417 2044 1568 2122 equidem
1584 2045 1750 2124 inexpug-

114 2161 258 2224 mumque
299 2145 455 2225 deinceps
490 2163 563 2208 eum
597 2162 672 2208 esse
697 2145 902 2226 pronuncia·
956 2141 1078 2203 nabilis
1094 2142 1184 2214 urbs,
1198 2144 1268 2220 jam
1290 2142 1462 2220 septennio
1483 2143 1754 2216 excommunica-

114 2241 220 2321 rit(2).
954 2239 1750 2321 tionisubjectaobhaereticaepravitatiscrimen.

147 2341 307 2416 Egicanus
321 2341 665 2420 praetereaepiscopns
679 2357 753 2403 cum
769 2341 809 2402 de
822 2340 901 2402 dioe-
955 2339 997 2400 At
1010 2337 1085 2413 post
1099 2338 1220 2408 multas
1233 2336 1351 2409 caedes,
1369 2353 1443 2401 oum
1458 2353 1494 2400 se
1508 2336 1642 2400 tandem
1659 2339 1748 2400 cives

114 2437 189 2496 cesis
205 2437 367 2500 limitibus
387 2455 462 2500 oum
484 2439 702 2500 Goimbriensi
717 2437 900 2500 contende·
956 2433 1134 2506 dedissent,
1151 2436 1359 2496 sacramento
1375 2450 1410 2496 se
1433 2434 1676 2510 obstringentes
1691 2451 1754 2514 pa·

115 2535 166 2606 ret,
177 2534 300 2597 nullius
312 2535 703 2616 metropolitaejudicium
713 2533 900 2599 adeundum
955 2529 1080 2592 rituros
1094 2533 1253 2594 Romanae
1270 2531 1426 2593 Ecclesiae
1448 2533 1633 2610 praeceptis,
1653 2531 1753 2594 abso-

114 2631 240 2705 putavit,
259 2649 358 2710 quam
379 2636 536 2696 Romanae
557 2633 664 2695 Sedis.
681 2631 900 2708 Quamobrem
955 2627 1092 2689 lutionis
1106 2627 1305 2690 beneficium
1318 2643 1505 2705 suscepere.
1520 2631 1644 2692 Verum
1659 2629 1754 2704 diru-

116 2729 272 2792 Honorius
287 2731 324 2793 ut
345 2731 436 2792 omni
455 2731 643 2808 suspicione
659 2730 827 2795 carentem
844 2731 903 2806 jn·
955 2724 999 2787 tis
1034 2724 1292 2810 circumquaque
1326 2726 1510 2799 moenibus,
1549 2727 1752 2806 repletisque

114 2823 207 2886 dicem
220 2827 272 2904 rei
288 2827 474 2904 quaerendae
490 2829 522 2889 et
535 2827 732 2889 definiendae
746 2826 902 2903 designa·
956 2824 1057 2884 burno
1072 2824 1207 2904 aggesto
1232 2822 1342 2892 fossis,
1362 2823 1561 2908 apostolicae
1582 2825 1677 2885 Sedis
1701 2825 1751 2887 le-

116 2923 168 2991 ret,
184 2925 314 2986 Gallum
335 2940 409 2986 esse
428 2925 538 3002 Jussit,
556 2926 654 3004 atque
677 2925 725 2988 ita
746 2923 902 2988 Aurelia·
956 2921 1053 2998 gatus
1070 2937 1200 2983 omnem
1216 2921 1352 2983 navavit
1366 2937 1511 2998 operam,
1529 2920 1565 2983 ut
1580 2921 1669 2983 cives
1682 2939 1755 2984 om-

115 3033 237 3080 nensem
247 3021 533 3098 archiepiscopum
544 3021 676 3098 delegit,
687 3020 900 3098 utperpensis
956 3035 1015 3080 nes
1044 3017 1078 3081 in
1104 3018 1268 3081 catholica
1288 3017 1351 3079 fide
1374 3017 1459 3079 bene
1483 3017 1751 3095 instituerentur;

116 3116 435 3196 utriusqueJuribus,
456 3134 498 3180 ex
512 3119 712 3196 pervetustis
732 3118 900 3182 codicibus
956 3118 1132 3194 propterea
1158 3116 1226 3179 illis
1257 3115 1468 3178 consecrauit
1499 3116 1534 3176 in
1562 3116 1754 3194 episcopum

115 3211 162 3273 ubi
176 3213 297 3276 limites
315 3215 564 3288 adnotarentur‚
582 3216 639 3279 aut
653 3215 729 3277 aliis
744 3216 901 3294 legitimis
956 3214 1131 3275 Nicolaum
1141 3213 1182 3274 de
1192 3212 1349 3286 corbeia,
1365 3213 1593 3276 cluniacensis
1608 3213 1753 3276 instituti

115 3309 355 3384 probationibus
379 3313 470 3375 litem
493 3313 675 3390 apostolica
701 3313 900 3375 anctoritate
956 3311 1155 3386 monachum
1167 3309 1276 3391 (Vino.
1293 3311 1384 3372 Htst.
1402 3309 1460 3372 lib.
1477 3313 1579 3385 XXX,
1592 3326 1664 3388 cap.
1676 3313 1750 3387 128;

115 3405 275 3470 dirimeret
290 3408 441 3488 (Gregor.
458 3413 513 3482 IX,
530 3410 586 3472 lib.
604 3413 646 3483 ll,
662 3411 712 3473 tit.
730 3407 794 3490 19).
956 3411 1063 3486 Guag.
1080 3407 1137 3470 lib.
1154 3408 1240 3494 Vll).

148 3506 313 3569 Gallorum
323 3510 435 3570 autern
444 3523 539 3585 reges
552 3508 586 3571 et
595 3508 741 3586 episcopi
752 3507 899 3570 Honorio
995 3509 1033 3568 ln
1044 3523 1085 3568 ea
1099 3507 1310 3586 expeditione
1330 3506 1518 3586 praecipuus
1535 3505 1598 3568 suit
1609 3506 1751 3568 Tolosa-

115 3599 222 3680 ubique
238 3605 417 3680 primatum
437 3605 595 3667 detulere.
619 3607 704 3668 Nam
720 3607 841 3686 praetor
860 3620 900 3666 ea
955 3620 1017 3665 nus
1029 3620 1139 3666 comes
1148 3607 1247 3666 antea
1257 3620 1372 3678 eorum
1384 3605 1623 3683 propugnator;
1638 3605 1753 3682 postea

115 3703 258 3778 quaejam
279 3701 435 3775 diximus
459 3702 644 3766 ludovicus
665 3719 727 3764 rex
742 3703 799 3781 qui
814 3702 899 3764 Phi·
956 3701 1061 3764 factus
1073 3702 1277 3780 persecutor,
1290 3701 1332 3776 ad
1343 3701 1499 3763 Ecclesiae
1507 3703 1669 3778 gremium
1680 3717 1753 3764 res-

115 3793 192 3872 lippo
227 3799 317 3876 patri
351 3801 577 3873 successerat,
614 3801 655 3862 de
689 3801 900 3876 successione
954 3797 1584 3877 titutus;jurejurandoseseobstrinxit
1593 3801 1751 3860 Romanae

114 3897 256 3967 agentem
280 3897 432 3973 reginam
458 3898 556 3976 Cypri
577 3897 704 3974 jndicio
731 3897 897 3958 audiebat.
956 3895 1112 3956 Ecclesiae
1134 3893 1473 3973 pariturum(Anton.
1497 3894 1554 3956 lib.
1570 3897 1657 3967 XIX,
1675 3910 1702 3955 c.
1719 3897 1750 3970 3,

115 3989 230 4054 iteum
249 3994 303 4058 illi
318 3995 479 4056 natalium
497 3997 726 4074 exceptionem
742 3993 902 4073 objiceret
955 3990 1032 4072 56).
1055 3994 1120 4054 Neo
1135 3992 1207 4070 ipse
1227 3992 1368 4064 tantum,
1383 4008 1501 4054 verum
1525 3993 1626 4054 etiam
1650 3992 1754 4070 pleri-

116 4086 328 4163 adrersarius,
346 4107 446 4153 causa
466 4092 501 4154 in
519 4109 679 4170 suspenso
696 4094 779 4164 erat,
795 4092 900 4153 donec
955 4106 1018 4168 que
1034 4091 1193 4168 cumipse
1206 4106 1361 4167 proceres
1377 4089 1412 4150 in
1427 4090 1569 4152 concilio
1585 4106 1605 4152 a
1622 4089 1755 4152 Narbo-

115 4182 148 4244 de
164 4186 321 4264 legitimis
345 4188 511 4254 natalibus
532 4191 659 4266 reginae
680 4188 898 4268 probaretur;
955 4187 1052 4248 nansi
1063 4187 1325 4265 archiepiscopo,
1339 4188 1539 4264 apostoncae
1551 4186 1754 4265 SedisJussu

114 4283 177 4356 ejus
194 4285 299 4362 igitur
319 4286 511 4362 quaestionis
527 4288 685 4363 cognitio,
701 4303 775 4365 quaa
787 4287 828 4348 ad
844 4302 901 4348 eo-
955 4287 1080 4358 coacte,
1104 4285 1229 4363 recepti
1251 4288 1337 4349 sunt.
1365 4287 1415 4348 lta
1435 4286 1505 4346 tum
1520 4287 1630 4348 actum
1653 4285 1754 4348 estut

115 4376 328 4444 clesiasticum
341 4382 448 4444 lorum
458 4384 625 4462 pertinere
635 4383 779 4458 uidetur,
791 4383 900 4446 delata
954 4383 1137 4444 Tolosanus
1149 4382 1273 4445 ditione
1282 4399 1342 4444 sua
1351 4381 1751 4462 confirmaretnrmntcn.

115 4476 158 4536 est
168 4479 207 4538 ad
221 4480 406 4548 Honorium
419 4481 617 4558 pontificem,
639 4497 738 4559 aquo
754 4481 900 4562 exoratae
954 4478 1054 4555 ibid.;
1073 4483 1143 4542 litt.
1159 4483 1283 4542 Obrou.
1302 4480 1446 4559 AEmil.).
1631 4467 1635 4478 ’

114 4569 220 4638 litterae
242 4577 331 4648 sunt,
354 4577 472 4654 quibus
488 4578 654 4642 Ludouico
674 4579 747 4656 regi
773 4577 901 4640 inhibi-
995 4577 1179 4638 Parisiensi
1194 4579 1349 4658 episcopo
1367 4594 1427 4640 suo
1447 4577 1678 4642 obluctabatur
1698 4593 1755 4639 ec-

114 4666 172 4730 tum
195 4673 255 4745 est,
280 4689 325 4736 ne
350 4673 390 4734 de
414 4675 635 4736 successionis
659 4691 761 4737 causa
782 4675 900 4736 audire
955 4675 1754 4754 clesiaecapitulum3nequeueteresconsuetudi·

116 4771 264 4842 pergeret,
282 4771 388 4832 donec
408 4772 635 4834 ecclesiastico
653 4773 781 4851 judicio
804 4775 901 4834 nata·
955 4788 1014 4832 nes
1030 4774 1178 4844 servans,
1194 4788 1304 4850 neque
1317 4772 1413 4834 novis
1427 4771 1610 4834 inferendis
1625 4771 1752 4849 proprii

116 4860 185 4926 lium
207 4883 311 4930 causa
333 4867 536 4932 definiretur.
558 4871 637 4931 Haec
660 4871 740 4931 sunt
760 4871 899 4932 Honorii
955 4869 1101 4946 episcopi
1116 4868 1272 4930 utebatur
1286 4869 1494 4932 auctoritate.
1507 4868 1625 4932 Aditus
1641 4869 1682 4932 ob
1695 4885 1752 4932 eas

115 4962 225 5024 uerba:
257 4965 425 5026 Honorius
458 4965 625 5027 Ludovico
655 4967 727 5042 regi
753 4969 901 5028 Franco·
954 4983 1008 5028 res
1023 4966 1359 5044 Honoriusepiscopi
1369 4967 1753 5030 auctoritatemoommu·

12 5121 13 5152 ἢ
116 5069 179 5118 rum
193 5083 201 5119 ι
216 5079 234 5120 e
249 5065 354 5122 Tuam
368 5078 434 5123 non
449 5062 614 5123 oredimus
630 5063 734 5125 latere
749 5064 899 5139 pruden-
956 5064 1028 5135 niit,
1046 5065 1276 5142 praeceptaque
1290 5064 1357 5124 illis
1376 5065 1466 5127 dedit
1486 5065 1521 5126 in
1534 5065 1606 5127 haec
1625 5066 1727 5128 uerba
1743 5088 1750 5126 :

116 5151 196 5228 tiam,
222 5174 359 5221 causam
384 5160 546 5221 natalium
573 5161 699 5236 reginae
729 5162 827 5238 Cypri
858 5161 899 5222 ad
955 5163 1066 5222 «Cum
1082 5162 1332 5224 consuetudinis
1353 5179 1500 5240 ususque
1526 5163 1671 5240 longaevi
1686 5181 1753 5226 non

12 5267 13 5302 l
118 5262 244 5314 examen
268 5255 429 5326 nostrum,
447 5255 558 5332 utpote
574 5272 646 5332 quae
662 5255 703 5316 ad
718 5256 825 5318 forum
839 5261 902 5318 Ee
955 5259 1089 5323 sitieris
1098 5261 1334 5334 anctoritas‚et
1344 5262 1538 5338 plerumque
1549 5261 1751 5324 discordiam

79 5429 80 5432 Ἴ
118 5342 330 5412 clesiastieum
358 5353 511 5428 pertinet,
538 5368 611 5414 esse
638 5353 792 5416 delatam.
817 5353 900 5426 Quia
955 5357 1086 5432 pariant
1098 5357 1274 5430 novitates,
1287 5360 1484 5438 auctoritate
1494 5357 1588 5419 vobis
1601 5375 1754 5435 preasen-

148 5502 184 5574 (l)
201 5509 267 5564 buc.
280 5509 432 5591 blarinaeus
447 5510 527 5592 Htrp.
541 5509 589 5568 lib.
608 5511 643 5569 X.
993 5513 1032 5586 (3)
1048 5513 1088 5574 Cl.
1100 5531 1179 5588 supr.
1196 5516 1294 5583 Quint.
1310 5516 1441 5587 compti„
1457 5515 1506 5574 lib.
1523 5518 1560 5588 ll,
1579 5518 1621 5576 tit.
1639 5517 1667 5590 5,
1683 5533 1709 5577 c.
1728 5519 1754 5590 l,

12 5626 17 5690 ἓ
120 5577 190 5717 issep),
199 5579 301 5708 {³1ng
309 5581 369 5641 Tol.
380 5582 460 5651 llcsp.
473 5581 519 5638 lib.
536 5584 583 5651 Vl,
593 5597 657 5656 cup.
669 5583 700 5654 53
714 5585 782 5641 buc.
797 5584 899 5642 llario.
955 5587 1009 5643 col.
1024 5586 1096 5656 ²083
1112 5585 1200 5660 Greg.
1215 5585 1264 5656 lli,
1281 5585 1328 5643 lib.
1343 5588 1379 5648 ll.
1393 5586 1433 5644 tit.
1450 5587 1492 5645 lc.
