4058 6308
913 402 1088 465 HONORII
1112 405 1156 468 111
1179 403 1327 466 orbiti.
1862 401 1911 463 268

615 561 787 654 CCXVII

379 818 432 875 Ad
445 819 741 892 orclrteptscopum
764 821 961 882 Toletooonc
982 821 1016 883 et

526 917 766 992 sttffi'apattcos
779 921 865 990 ejus.

582 1081 615 1137 13
635 1079 703 1138 febr.
731 1081 810 1141 1217.

300 1193 372 1255 [eod.
393 1195 439 1246 lat.
461 1193 726 1261 393t‚p.10³.t1ss.
748 1196 923 1262 bibliotheque
944 1193 1095 1260 nationale]

299 1431 417 1492 blandot
440 1441 470 1490 ut
497 1435 610 1493 solvant
636 1436 808 1509 vigesimam
837 1436 1096 1496 ecclesiasticorum

336 1529 523 1595 proventuum
542 1540 592 1598 pro
605 1527 689 1582 terre
708 1526 810 1585 Sancta
828 1525 907 1600 juxta
927 1527 1035 1584 litteras
1054 1523 1097 1580 cis

336 1610 417 1670 datas
433 1611 468 1669 ab
484 1615 650 1676 Innocentio
661 1617 701 1676 lll
721 1613 933 1692 praedecessore
947 1629 1010 1672 suo.

340 1837 421 1898 Cum
456 1837 563 1902 felicis
601 1841 841 1906 recordationis
885 1845 1097 1908 Innocentius

300 1936 631 2010 papa,preedecessor
643 1941 766 2012 noster,
776 1941 871 2002 nobis
886 1942 1008 2002 dudum
1028 1941 1096 2002 suis

301 2029 430 2094 dederit
444 2033 563 2096 litteris
578 2036 614 2096 in
626 2038 848 2115 praeceptione
863 2055 923 2115 pro
937 2039 1097 2100 vicesima

301 2128 604 2194 ecelesiasticorum
639 2137 879 2211 proventuum,
908 2153 1012 2214 usque
1055 2137 1097 2198 ad

301 2226 482 2290 triennium
505 2231 634 2307 integre
657 2233 693 2293 in
707 2237 819 2295 Terrae
838 2235 967 2297 Sanctae
989 2235 1100 2296 subsi-

301 2324 392 2386 dium
403 2327 615 2402 conlerenda,
628 2331 748 2393 vestris
763 2331 796 2394 et
811 2332 1015 2395 subditorum
1029 2349 1100 2396 ves·

300 2423 427 2484 trorum
454 2425 637 2488 redditibus
663 2428 854 2506 diligentius
884 2430 1096 2510 computatis,

302 2523 410 2600 parati
438 2523 556 2586 essetis
591 2541 695 2602 usque
725 2527 767 2587 ad
796 2527 916 2590 testum
950 2529 1099 2589 omnium

304 2621 499 2680 Sanctorum
512 2623 663 2698 proxime
674 2626 745 2700 jam
759 2625 963 2686 transactum
973 2625 1013 2685 de
1023 2641 1100 2686 ves-

301 2716 363 2776 tris
376 2717 477 2778 centis
491 2718 675 2780 redditibus
690 2723 815 2782 certam
828 2739 989 2783 summam
1006 2723 1100 2797 vige-

303 2813 396 2874 simse
420 2816 630 2891 proventurae
657 2816 697 2878 de
727 2818 810 2895 ipsis
837 2819 962 2880 nuntiis
996 2819 1101 2882 dilec-

303 2911 411 2971 torum
423 2911 568 2973 tiliorum
579 2914 732 2990 magistri
742 2915 951 2977 dominorum
966 2917 1097 2978 Militiae

303 3009 429 3085 Templi
445 3011 477 3071 et
497 3010 618 3087 prioris
639 3011 813 3090 hospitalis
830 3014 1099 3091 ierosolymitani

303 3105 339 3165 in
365 3106 524 3168 Toletano
552 3110 724 3185 provincia
758 3112 1032 3184 constitutorum,
1061 3129 1100 3174 ao

304 3205 451 3265 cantoris
475 3208 508 3267 et
531 3208 759 3269 archidiaconi
792 3211 952 3270 zamoren
979 3211 1099 3287 quibus

304 3299 367 3361 lroo
390 3300 478 3361 idem
504 3304 730 3378 praedecessor
748 3306 960 3367 commiserat
983 3307 1099 3368 decla-

304 3412 391 3470 rare,
415 3413 455 3458 ao
472 3399 553 3474 ipsis
574 3401 738 3478 usquead
759 3401 826 3462 kal.
848 3403 928 3462 Maii
951 3404 1101 3480 proxime

304 3497 478 3572 sequentes
494 3495 567 3558 sinc
582 3498 776 3561 difficultate
791 3516 831 3561 ae
846 3499 1005 3561 dilatione
1019 3516 1102 3578 qua-

303 3591 395 3665 libet,
411 3595 479 3655 tam
494 3594 534 3655 de
552 3595 635 3674 ipsis
652 3597 752 3659 certis
772 3597 987 3674 proventibus
1003 3615 1101 3676 quam

304 3691 405 3752 etiam
434 3692 473 3753 de
499 3695 636 3756 incertis
668 3695 861 3758 vicesimam
893 3697 1102 3773 integraliter

304 3789 475 3860 exhibere,
502 3795 674 3854 monentes
703 3793 880 3870 diligenter
904 3795 1101 3858 auctoritate

303 3889 494 3963 Apostoliea
506 3889 539 3950 et
553 3890 733 3953 efficaciter
747 3892 941 3954 inducentes
952 3893 1098 3964 abbates,

304 3985 449 4060 capitula
472 3985 504 4046 ct
527 3985 682 4058 decanea,
699 4003 828 4049 necnon
853 3991 938 4051 etin
961 3991 1101 4067 singulis

304 4081 424 4141 vestris
452 4081 586 4158 synodis
619 4084 828 4145 sacerdotum
851 4087 884 4146 et
910 4086 995 4147 alios
1021 4089 1099 4149 uni-

304 4193 420 4237 vorsos
435 4177 471 4237 in
486 4179 606 4239 vestris
629 4169 829 4241 dioecesibus
845 4183 1050 4256 constitutos
1067 4184 1102 4245 ut

305 4273 339 4334 in
355 4271 471 4334 diebus
495 4291 594 4350 super
612 4275 675 4336 hoc
700 4276 893 4338 ordinandis
910 4295 930 4339 a
951 4279 1100 4350 vobis,in

305 4370 447 4446 singulis
462 4371 653 4433 civitatibus
666 4374 777 4435 essent
792 4376 900 4450 parati
911 4377 1101 4452 praedictam

306 4469 1099 4548 summamvieesimae,pertrienniumannuatim,

303 4568 430 4629 nuntiis
455 4566 631 4630 antedictis
652 4568 802 4646 plenarie
829 4569 958 4632 solvere
982 4588 1103 4632 seeun-

304 4665 381 4726 dum
396 4666 557 4728 terminos
570 4667 777 4739 constitutos
793 4667 941 4728 dolentes
952 4683 1017 4728 non
1031 4685 1103 4745 pos·

304 4779 418 4823 sumus
434 4779 501 4824 non
521 4764 652 4837 mirari,
667 4765 755 4842 quod
771 4763 877 4827 hostis
892 4764 1028 4825 humani
1044 4781 1104 4841 ge-

305 4861 406 4930 neris,
425 4861 480 4935 qui
499 4858 597 4921 bonis
617 4861 770 4924 insidiari
791 4863 945 4942 operibus
963 4879 1029 4924 non
1044 4862 1104 4923 de-

305 4955 403 5026 sistit,
419 4958 618 5032 promotioni
633 4959 732 5038 hujus
744 4961 900 5027 salutaris
915 4961 1039 5038 negotii
1055 4960 1102 5020 sio

306 5068 376 5113 suae
390 5053 608 5128 malignitatis
622 5056 827 5118 obstaculum
845 5058 952 5134 potuit
972 5073 1103 5138 praepa-

304 5166 392 5218 rare,
409 5149 495 5226 ‹puod
514 5152 730 5229 quorumdam
751 5157 896 5215 vestrum
912 5156 988 5216 vota
1004 5171 1103 5232 super

307 5249 503 5311 executione
519 5245 626 5329 ipsius
647 5251 771 5323 negotii
789 5251 895 5312 divisa
913 5253 990 5312 sunt
1006 5253 1103 5328 prout

306 5347 499 5423 accepimus
519 5343 554 5404 in
565 5342 707 5416 diversa,
725 5346 843 5422 quibus
863 5364 965 5424 super
983 5349 1056 5420 hoc,
1074 5349 1102 5408 si

305 5447 418 5507 datum
443 5445 532 5504 esset
555 5443 664 5510 abeo,
680 5457 737 5501 cor
751 5458 854 5502 unum
870 5445 1025 5506 stenima
1040 5445 1102 5506 de-

307 5542 399 5606 beret
420 5557 494 5601 esse
514 5554 591 5599 una.
616 5539 701 5600 Nam
724 5539 809 5599 sieut
823 5539 930 5602 dictus
946 5542 1104 5618 magister

281 5671 283 5678 ν
308 5643 400 5722 prior
414 5640 447 5701 et
463 5639 579 5699 cantor
591 5637 624 5699 et
638 5636 893 5697 archidiaconus
917 5638 1012 5698 nobis
1033 5639 1102 5698 suis

308 5739 427 5810 litteris
440 5737 647 5809 intimarunt,
659 5735 738 5796 licet
748 5733 901 5794 diceretis
917 5749 1031 5796 omnes
1043 5751 1102 5797 vos

1149 566 1183 626 in
1198 565 1260 627 lroc
1273 565 1313 626 ad
1330 561 1549 626 obediendum
1561 561 1691 639 paratos
1702 560 1843 632 existere,
1858 563 1914 639 qui-

1150 663 1225 725 dam
1246 665 1357 726 tamen
1374 661 1521 723 vostrum
1541 675 1576 722 se
1596 675 1655 738 per
1673 658 1848 737 hujusmodi
1869 660 1915 722 lit-

1148 765 1238 824 teras
1255 777 1320 822 non
1338 759 1458 820 debere
1475 759 1559 834 cogi,
1585 774 1645 818 nec
1657 773 1751 834 posse
1765 757 1802 816 ad
1815 757 1915 818 vicesi-

1150 875 1236 923 mam
1249 858 1397 936 pecunie
1406 857 1596 918 memoratae
1608 855 1792 916 solvendam
1800 854 1916 916 tirmiter

1150 955 1353 1018 asserebant.
1377 955 1444 1017 olii
1472 954 1636 1022 dicebant,
1657 952 1739 1032 quod
1761 969 1827 1012 eam
1847 969 1917 1028 pra-

1151 1055 1237 1116 dicto
1253 1054 1348 1115 modo
1364 1053 1505 1114 libenter
1520 1052 1700 1124 solverent,
1723 1050 1777 1113 sed
1799 1049 1915 1112 clericos

1150 1153 1185 1212 in
1199 1152 1267 1212 suis
1281 1149 1479 1213 dioeoesibus
1487 1148 1683 1214 constitutos
1698 1162 1736 1209 eo
1757 1147 1845 1208 modo
1862 1162 1915 1208 non

1151 1249 1387 1327 compellerent
1408 1248 1448 1310 ad
1481 1247 1684 1318 solvendam,
1707 1245 1782 1323 quia
1804 1259 1868 1306 oum
1888 1243 1916 1304 in

1151 1349 1320 1426 rescriptis
1356 1362 1421 1408 non
1457 1345 1645 1408 continetur
1674 1342 1823 1420 expedire
1848 1341 1917 1418 quod

1151 1445 1186 1505 in
1204 1446 1344 1522 pecnnia
1364 1443 1530 1506 solverent
1548 1443 1731 1514 numerata,
1743 1457 1797 1502 eos
1813 1439 1849 1500 ad
1868 1439 1918 1500 boo

1151 1559 1270 1620 cogere
1282 1559 1349 1605 non
1365 1541 1518 1619 poterant
1533 1557 1593 1602 nec
1604 1537 1842 1613 debebant3sed
1852 1536 1921 1597 dice

1151 1641 1230 1704 bant
1254 1641 1340 1718 quod
1362 1639 1556 1701 collectores
1572 1636 1795 1700 discurrerent
1816 1650 1867 1713 per
1880 1633 1922 1694 al-

1152 1739 1243 1812 deas,
1258 1740 1291 1801 ct
1306 1739 1429 1800 ibidem
1441 1739 1509 1799 tarn
1525 1737 1564 1797 de
1580 1737 1649 1797 suis
1667 1751 1764 1813 quarn
1776 1733 1813 1794 de
1827 1731 1922 1792 subdi-

1151 1838 1260 1898 torum
1275 1835 1511 1908 redditibus,in
1522 1834 1644 1907 tritico,
1664 1833 1803 1910 siligine,
1818 1829 1921 1891 hordeo

1154 1936 1187 1997 et
1201 1937 1278 1997 vino
1292 1936 1325 1997 et
1336 1935 1412 1996 aliis
1428 1933 1589 1996 fructibus
1605 1934 1637 1993 et
1651 1930 1787 1993 decimis
1805 1929 1835 1990 et
1847 1925 1924 1989 obla-

1152 2033 1299 2098 tionibus
1312 2031 1524 2110 quotidianiS,
1540 2029 1733 2092 vicesimam
1748 2029 1794 2089 eis
1806 2025 1924 2088 manda·

1152 2135 1227 2194 rent
1252 2131 1393 2192 fideliter
1419 2128 1580 2192 exbiberi.
1597 2129 1688 2190 Talis
1717 2126 1840 2205 quidem
1869 2120 1926 2183 col-

1152 2229 1250 2291 lectio
1268 2228 1430 2306 dispersio
1448 2228 1556 2305 potius
1564 2225 1750 2297 videbatur,
1771 2239 1840 2285 eum
1859 2219 1925 2296 ipsis

1153 2327 1385 2390 collectoribus
1407 2325 1448 2387 ad
1473 2341 1637 2402 expensas
1662 2321 1861 2384 necessarias
1878 2315 1925 2377 vix

1153 2425 1343 2486 sustinerent
1367 2423 1562 2498 colligenda.
1585 2422 1666 2482 Cum
1684 2421 1771 2482 enim
1786 2415 1923 2479 Toletana

1154 2523 1324 2600 provincia
1343 2537 1403 2598 per
1426 2521 1489 2581 duo
1514 2521 1557 2582 sit
1576 2533 1680 2595 regna
1700 2518 1795 2593 louge
1813 2515 1923 2588 lateque

1154 2621 1286 2692 diiiusa,
1302 2635 1343 2681 ne
1362 2619 1427 2680 duo
1451 2617 1565 2680 clerici
1583 2617 1616 2678 et
1636 2617 1703 2678 duo
1725 2615 1927 2683 iratres,vero

1154 2716 1512 2794 etiamquinquaginto‚
1529 2716 1587 2776 vix
1602 2713 1642 2774 ad
1659 2711 1871 2789 colligendam
1883 2705 1927 2767 vi·

1154 2815 1311 2876 desimam
1328 2815 1434 2890 ipsam
1457 2813 1647 2874 sustinerent
1669 2828 1729 2888 per
1750 2809 1856 2870 aldeas
1871 2804 1928 2864 sin-

1154 2910 1250 2996 gulas
1268 2909 1498 2982 discurrend03
1516 2924 1590 2968 cum
1605 2907 1709 2981 igitur
1722 2908 1846 2981 tempus
1866 2901 1928 2960 ins-

1153 3009 1201 3070 tet
1213 3007 1321 3084 quoad
1336 3022 1372 3067 sc
1387 3005 1570 3083 periculum
1583 3005 1686 3067 trahit
1700 2999 1872 3078 mora,pati
1885 3010 1930 3074 no

1154 3106 1260 3169 lentes
1287 3121 1346 3184 per
1372 3105 1601 3166 executionem
1630 3103 1756 3179 negotii
1784 3097 1929 3177 aliquibus

1155 3204 1405 3283 exceptionibus
1427 3204 1568 3265 ulterius
1592 3202 1769 3275 retardari,
1791 3199 1930 3274 adquam

1155 3305 1232 3367 totis
1247 3301 1421 3364 affectibus
1436 3300 1625 3362 medulliter
1645 3298 1805 3377 aspirant,
1828 3293 1932 3356 irater-

1155 3402 1250 3464 nitati
1264 3401 1383 3463 vestrae
1402 3400 1437 3460 in
1452 3401 1573 3461 virtute
1588 3397 1785 3460 obedientie
1802 3387 1931 3454 districte

1156 3497 1602 3577 praecipiendo-mandamus,
1619 3498 1782 3572 quatenus
1800 3483 1932 3572 praedicti

1156 3597 1414 3676 praedecessoris
1439 3595 1567 3657 litteras
1588 3593 1841 3670 interpretantes
1865 3597 1932 3646 sano

1156 3697 1189 3758 et
1200 3695 1344 3772 simplici
1354 3693 1535 3765 intellectu,
1545 3694 1641 3770 juxta
1655 3690 1933 3768 ipsamlitlerarum

1155 3797 1316 3866 tenorem,
1331 3793 1451 3854 vestris
1480 3793 1512 3853 et
1540 3790 1747 3852 subditorum
1771 3782 1933 3849 redditibus

1155 3891 1349 3967 diligentius
1375 3888 1585 3966 computatis,
1615 3886 1650 3947 in
1678 3886 1818 3947 termino
1851 3890 1933 3958 quem
1993 3897 1994 3966 ᾗ

1155 3990 1235 4052 dicti
1254 3989 1412 4064 magister
1426 3987 1519 4064 prior
1543 3986 1576 4046 et
1596 3984 1714 4046 cantor
1732 3985 1764 4044 et
1784 3975 1935 4043 arciridia-

1156 4103 1259 4149 conus
1283 4085 1377 4147 nobis
1398 4084 1554 4145 duxerint
1569 4082 1790 4153 statuendum,
1804 4080 1934 4156 ipsorum

1156 4183 1281 4245 nuntiis
1293 4184 1327 4243 in
1336 4179 1442 4244 tribus
1457 4181 1539 4242 locis
1555 4179 1739 4244 statuendis
1753 4178 1792 4239 ab
1803 4177 1934 4254 ipsorum
1993 4203 1994 4252 t

1156 4280 1330 4342 occasione
1356 4296 1395 4341 ac
1424 4279 1583 4340 dilatione
1609 4276 1833 4344 cessantibus,
1857 4270 1936 4330 vice·
1993 4285 1994 4354 p

1157 4378 1274 4440 simam
1289 4377 1464 4441 exvestris
1483 4378 1516 4437 et
1535 4373 1744 4436 subditorum
1766 4371 1934 4435 vestrorum
1993 4393 1994 4396 =

1156 4476 1338 4539 redditibus
1353 4474 1505 4536 omnibus
1518 4489 1623 4550 usque
1635 4471 1676 4532 ad
1686 4467 1864 4533 triennium
1875 4476 1936 4541 pro·
1993 4481 1994 4488 ¹

1156 4575 1329 4635 venturam
1341 4573 1375 4633 in
1397 4571 1538 4649 pecunia
1552 4570 1724 4630 numerata
1744 4561 1935 4641 integraliter
1993 4631 1994 4642 ἵ

1157 4671 1387 4746 assignetiset
1402 4669 1534 4734 faciatis
1549 4667 1590 4728 ab
1603 4667 1727 4728 eisdem
1743 4661 1878 4727 subditis
1889 4670 1935 4760 ³⁸¹.

1158 4767 1295 4842 signari,
1317 4767 1362 4826 ita
1386 4767 1542 4826 videlieet
1563 4765 1598 4825 nt
1621 4764 1728 4825 omnis
1748 4751 1935 4857 malignandi

1158 4863 1289 4925 occasio
1304 4862 1508 4938 amputetur3
1526 4862 1611 4940 quod
1625 4877 1684 4923 vos
1700 4861 1733 4922 et
1750 4859 1813 4936 ipsi
1828 4850 1935 4916 subditi

1156 4959 1349 5020 vicesimam
1363 4959 1471 5035 ipsam
1485 4959 1608 5034 colligi,
1624 4960 1657 5020 et
1668 4959 1705 5019 in
1717 4954 1869 5034 expensis
1881 4949 1935 5010 sin·
1993 5007 1994 5014 ,

1157 5057 1309 5131 gidarum
1332 5055 1549 5118 eeclesiarum
1570 5055 1701 5125 faciatis
1715 5054 1755 5116 ad
1771 5055 1841 5114 loca
1856 5059 1934 5126 prae-

1157 5153 1245 5214 dicta
1260 5151 1392 5214 deterri.
1418 5154 1468 5213 Ne
1492 5155 1602 5214 autem
1627 5153 1690 5215 lroc
1710 5167 1830 5229 urgens
1847 5156 1936 5218 nego-

1156 5249 1238 5310 tium
1261 5249 1301 5309 de
1325 5249 1434 5311 cetero
1453 5251 1567 5312 valeat
1588 5249 1831 5328 quomodolibet
1844 5245 1937 5317 impe·

1158 5345 1398 5414 diri‚noveritis
1409 5363 1468 5408 nos
1484 5347 1650 5425 praedietis
1664 5347 1832 5425 magistro,
1845 5332 1936 5441 priori

1158 5445 1190 5504 et
1204 5443 1331 5506 cantori
1346 5445 1378 5507 et
1395 5445 1631 5507 archidiacono
1647 5443 1854 5522 praecepisse,
1873 5437 1902 5497 ut
1912 5448 1936 5491 sl

1157 5537 1256 5617 (quod
1273 5557 1338 5601 non
1362 5542 1542 5622 credimus)
1574 5545 1764 5621 supradicta
1788 5538 1935 5616 neglexo-
1993 5599 1994 5606 ἵ

1157 5636 1437 5716 ritis'adimplere
1456 5641 1520 5716 ipsi
1536 5657 1593 5702 vos
1606 5641 1639 5702 et
1660 5641 1806 5703 subditos
1821 5635 1936 5697 vestros

1157 5735 1198 5796 ad
1221 5753 1260 5798 ea
1284 5737 1412 5798 sublato
1433 5738 1609 5814 cujuslibet
1628 5733 1893 5802 contradictionis
1908 5724 1936 5786 et
