3982 6302
73 391 123 453 tot
187 389 321 450 XXXII.
336 387 435 450 -ΙΝ
457 385 800 448 sterilitatibus
822 357 1002 448 PASCHAE
1024 381 1161 456 USQUE
1181 385 1237 445 Ab
1258 375 1567 447 PENTECOSTEN.
1642 386 1727 448 3711

71 548 288 626 ignoscentium
299 547 409 610 statim
417 545 851 618 subinferturzDeucmeus,
907 543 940 606 et
954 542 1023 605 fere
1041 543 1076 604 ln
1096 558 1211 604 omnes
1226 542 1309 604 lines
1323 543 1423 605 terrae
1439 543 1704 606 Christianlsunt

72 650 209 709 clamabo
218 662 287 720 per
298 649 426 707 diem..
441 645 511 724 (Ρε.
526 647 576 718 21,
590 643 635 724 3).
906 641 1059 719 palmites
1070 639 1207 715 Gbrisii3
1220 640 1307 702 unde
1322 640 1469 702 Ecclesia
1480 641 1560 704 dicit
1570 662 1578 702 ε
1590 645 1617 704 Α
1628 644 1705 715 tini·

107 747 180 806 Item
195 765 203 802 1
219 747 293 820 Epo
316 759 394 805 ciem
415 744 496 805 citis
516 758 611 805 nera.
631 743 780 804 Christus
803 743 854 804 θεῖ
908 743 967 800 bus
991 739 1098 800 terme
1114 741 1158 798 ad
1173 738 1206 800 ie
1223 742 1369 800 clamavi
1392 737 1461 817 (Ρε.
1477 742 1527 812 60,
1543 737 1589 818 3),
1604 739 1702 813 idest,

74 843 138 904 ritis
160 857 251 913 vera,
274 843 353 918 quia
379 841 545 913 frondosa,
571 841 749 912 fructuosa,
776 856 854 916 spa·
907 851 927 896 a
948 835 1069 896 finibus
1086 836 1184 899 terrae
1204 835 1264 895 lilii
1289 836 1365 907 mel,
1382 837 1535 913 palmites
1555 837 1603 898 tui
1628 837 1703 898 cla-

70 941 160 1012 tiosa,
186 939 348 1016 speciosa.
372 939 541 1001 Frondosa
565 940 599 1000 in
621 936 829 1000 sermonibus
843 959 860 1012 3.
907 934 999 995 mant
1014 933 1055 994 ad
1070 936 1114 994 te.
1136 933 1175 994 nt
1190 933 1224 994 in
1238 934 1364 1010 psalmo
1382 955 1389 993 :
1408 935 1607 996 detendisii
1628 941 1704 1009 pat-
1763 985 1768 993 .

72 1055 136 1098 nam
150 1037 253 1099 multa
268 1036 348 1098 folia
367 1037 467 1114 liujus
479 1037 557 1098 ritis
570 1037 646 1097 sunt
659 1036 850 1112 Evangelia,
906 1033 1009 1092 mites
1023 1033 1108 1103 ejus,
1119 1045 1226 1105 usque
1241 1033 1286 1091 ad
1298 1045 1409 1103 mare,
1421 1031 1623 1105 cicumeat
1634 1032 1703 1104 itic-

73 1134 241 1213 inquibus
269 1134 364 1196 nobis
397 1135 522 1212 praebet
554 1133 781 1195 umbraculum
797 1132 852 1194 'ab
906 1143 986 1189 rnen
1009 1132 1219 1204 propapmcs
1241 1131 1317 1201 ejus
1339 1127 1409 1207 (Ρε.
1438 1127 1581 1208 79,12).
1611 1129 1704 1190 Mare

74 1235 143 1295 aestu
162 1233 331 1305 vitiorum,
347 1233 435 1310 quia,
460 1233 545 1294 sicut
567 1232 699 1294 frondes
727 1231 854 1294 faciunt
907 1225 1029 1287 dicitnr
1047 1225 1088 1286 ab
1104 1225 1336 1287 amaritudine.
1350 1225 1508 1288 Palmites
1532 1225 1610 1286 eunt
1632 1240 1705 1286 om-

73 1329 216 1402 umbram,
233 1330 267 1391 et
287 1329 430 1391 liberant
450 1330 757 1392 bominesacalore
772 1329 853 1390 solis
906 1337 966 1384 nes
987 1322 1101 1384 fideles
1124 1323 1300 1386 christiani
1323 1323 1529 1385 cobaerentes
1553 1324 1621 1384 Deo
1645 1337 1705 1400 per

72 1428 101 1488 in
114 1428 231 1500 estate,
247 1427 296 1488 ita
309 1427 489 1504 Evangelia
503 1427 651 1504 praebent
666 1425 852 1488 nobis'um-
907 1419 1127 1483 dilectionem.
1156 1420 1315 1483 Palmites
1341 1420 1491 1482 extendit
1521 1435 1626 1498 usque
1661 1419 1703 1481 ad
1834 1449 1836 1454 ·

72 1521 226 1583 braculum
241 1520 283 1583 ab
299 1525 383 1584 aestu
397 1523 563 1586 vitiorum.
582 1523 675 1586 Unde
688 1524 723 1584 in
738 1525 851 1584 1111111-
906 1533 1009 1591 mare,
1026 1519 1154 1596 quoties
1172 1517 1287 1579 fideles
1302 1517 1478 1580 christiani
1492 1517 1527 1578 in
1543 1518 1608 1595 plis
1621 1533 1704 1594 ope-

72 1620 146 1695 gello
162 1643 169 1679 ε
186 1621 300 1683 Nolite
320 1621 454 1695 timere,
476 1625 618 1697 pusiilus
637 1635 739 1697 pree.
762 1624 852 1682 Ven-
906 1615 998 1676 ribus
1020 1615 1182 1678 laborant.
1204 1616 1408 1693 Propagines
1430 1615 1578 1677 extendit
1600 1629 1705 1691 usque

71 1718 131 1778 dite
151 1733 224 1790 quie
240 1719 425 1791 possidetis
445 1720 478 1780 et
502 1720 581 1780 dote
604 1724 853 1792 eleemosynam
906 1712 947 1773 ed
963 1713 1096 1785 flumen,
1114 1712 1242 1789 quoties
1257 1711 1491 1790 praedicatores
1511 1711 1704 1773 illuminant

72 1813 153 1891 (Luc.
175 1829 236 1886 111,
257 1817 309 1887 32,
331 1813 398 1895 33).
425 1817 465 1877 Et
487 1815 593 1876 illud:
613 1817 787 1878 Attendite
809 1831 853 1877 ne
906 1809 1075 1871 auditores
1112 1809 1365 1872 auctoritatibus
1398 1809 1521 1872 veteris
1537 1877 1542 1884 ,
1556 1810 1589 1871 et
1624 1809 1703 1871 novi

66 1912 228 1984 jmiitiam
244 1913 401 1975 cestram
417 1915 555 1987 faciatis
573 1928 692 1974 coram
705 1916 855 1976 bomini-
906 1907 1127 1981 Testamenti,
1155 1907 1340 1969 rationibus
1365 1908 1398 1968 et
1421 1906 1583 1984 exemplis
1607 1922 1707 1968 sanc·

71 2009 121 2068 bus
136 2007 262 2086 (Mattb.
275 2026 322 2082 vr,
339 2007 384 2089 1).
400 2011 580 2088 Evangelia
595 2012 672 2072 sunt
694 2009 801 2072 forma
821 2012 854 2073 et
905 2008 1026 2066 torum.

71 2104 205 2168 doctrina
218 2107 296 2168 vitae
310 2109 454 2170 aeternae.
472 2112 536 2170 Per
549 2109 622 2186 ipsa
639 2108 853 2170 liberamura
947 2103 1098 2165 Christus
1117 2104 1168 2166 θεῖ
1179 2105 1259 2166 vitis
1280 2104 1441 2182 speciosa,
1460 2103 1495 2165 in
1510 2102 1703 2180 splendori-

71 2202 217 2278 potestate
236 2203 363 2265 diaboli
381 2205 414 2266 et
434 2221 454 2266 a
472 2204 710 2269 tentationibus
725 2204 853 2266 daemo-
907 2200 980 2273 bue,
997 2201 1093 2274 idest,
1108 2202 1142 2264 in
1163 2202 1346 2278 gratiarum
1364 2200 1609 2273 donationibus,
1622 2201 1701 2277 quia

72 2300 200 2360 ntorum.
215 2301 368 2363 Christus
379 2303 428 2364 est
440 2303 517 2364 vitis
529 2301 696 2364 fructuosa
711 2301 747 2364 in
759 2303 854 2365 retri-
907 2299 1015 2360 omnis
1040 2299 1210 2377 plenitudo
1229 2299 1346 2375 gratiae
1369 2298 1432 2360 fuit
1453 2299 1487 2358 in
1508 2298 1649 2369 Christo,
1671 2297 1704 2358 et

70 2393 260 2470 butionibus,
274 2399 353 2475 quia
367 2399 439 2476 ipse
450 2400 505 2477 qul
523 2400 619 2461 modo
635 2416 695 2477 per
709 2400 789 2462 folia
804 2404 854 2462 est
907 2396 947 2456 de
966 2397 1172 2474 plenitudine
1197 2400 1269 2474 ejus
1289 2411 1349 2457 nos
1366 2411 1481 2457 omnes
1500 2395 1701 2470 accepimus,

71 2492 174 2555 doctor
183 2495 335 2572 iustitiae,
350 2497 445 2569 idest,
462 2513 521 2574 per
533 2497 723 2574 Evangelia,
741 2497 775 2558 in
795 2497 852 2558 fu·
907 2493 994 2556 sicut
1021 2494 1245 2571 scriptumest
1266 2493 1301 2553 in
1318 2491 1509 2568 Evangelio.
1525 2491 1618 2553 Unde
1633 2494 1704 2552 Da-

70 2592 135 2651 turo
148 2608 204 2669 per
217 2591 347 2655 fructus
356 2595 420 2655 erit
433 2593 612 2656 retributor
619 2595 696 2657 vitae
707 2595 851 2667 aeternae,
907 2590 981 2652 vid:
996 2595 1118 2652 Tecum
1127 2593 1340 2666 principium
1358 2593 1395 2651 in
1409 2593 1464 2650 die
1478 2589 1621 2650 virtutis
1635 2588 1705 2649 ime

70 2687 138 2765 quia
159 2690 231 2766 ipse
246 2690 363 2752 reddet
382 2691 511 2767 singula
527 2692 678 2768 singulis,
695 2693 773 2770 quia
796 2691 854 2753 ubi
908 2685 977 2767 (Ρε.
995 2685 1216 2766 109‚3).v0x
1234 2687 1343 2749 Patris
1367 2687 1408 2748 ad
1428 2686 1549 2748 Filium
1564 2685 1678 2746 dicens
1696 2701 1703 2745 :

70 2785 274 2861 tsinvenero,
291 2787 855 2867 11111θ)11111111110.111111θ1111110011-
907 2785 1028 2858 011111,
1054 2784 1254 2862 principium
1275 2787 1325 2846 est
1348 2783 1431 2846 mibi
1453 2783 1563 2845 tecum
1588 2783 1624 2844 in
1651 2781 1705 2842 die

70 2881 169 2958 lypsi:
194 2889 284 2947 Ecce
312 2887 413 2947 vento
437 2887 530 2947 cito:
560 2889 594 2949 et
615 2903 749 2950 coerces
775 2902 853 2950 mee
907 2882 1040 2943 virtutis
1058 2885 1136 2954 tuae,
1149 2882 1245 2954 idest,
1264 2883 1299 2943 in
1324 2881 1476 2942 claritate
1499 2880 1703 2954 divinitatis3

69 2995 188 3042 mecum
209 2983 273 3055 est,
298 2986 444 3046 reddere
467 2987 649 3059 unicuique
666 2989 854 3046 semmdum
907 2979 1003 3052 idest,
1019 2982 1087 3056 Ego
1100 2980 1132 3041 et
1144 2982 1193 3040 Tu
1203 2995 1317 3040 sumus
1332 2979 1531 3056 principium
1546 2979 1706 3055 quantum

72 3089 165 3148 opera
190 3095 256 3140 cua
282 3079 397 3158 (Apoc.
413 3097 497 3152 xxn,
522 3079 585 3160 12).
607 3081 723 3143 Videte
752 3097 851 3154 nunc,
907 3076 948 3136 ad
964 3076 1183 3149 divinitatem,
1195 3079 1354 3154 quantum
1367 3091 1445 3137 vero
1458 3076 1499 3136 ad
1512 3075 1706 3136 humanita-

71 3189 158 3248 quam
180 3177 320 3253 pretiosi
343 3177 409 3239 sint
431 3177 557 3240 fructus
578 3181 661 3256 ejus.
678 3179 853 3255 Apostolus
906 3174 973 3235 tem
996 3177 1103 3236 tecum
1127 3176 1178 3236 est
1200 3175 1400 3250 principium
1422 3173 1456 3234 in
1472 3172 1703 3249 splendoribus

21 3291 25 3302 ·
69 3269 161 3333 licit:
182 3275 402 3336 salvotorem
423 3277 645 3350 expectamus
667 3279 854 3338 Domimcm
908 3265 1109 3344 sanctorum,
1131 3271 1228 3344 idest,
1241 3271 1276 3333 in
1298 3271 1393 3332 donis
1414 3271 1557 3347 Spiritus
1578 3269 1703 3341 Sancti,

68 3369 174 3430 Jemm
200 3373 391 3444 Christum,
420 3375 478 3447 qui
504 3373 708 3446 resomnabii
729 3389 854 3449 corpus
908 3385 981 3447 quae
997 3368 1227 3446 splendificant
1242 3369 1474 3446 sanctos,quia
1496 3367 1705 3430 omniadona

67 3465 260 3530 humilitatis
288 3469 420 3530 nostroe
442 3471 695 3546 confipereium
715 3475 855 3545 corpori
908 3466 943 3527 in
963 3467 997 3528 te
1018 3467 1143 3544 pariter
1157 3467 1363 3540 effulserunt,
1382 3483 1456 3536 curn
1474 3467 1550 3528 aliis
1577 3465 1703 3527 sanctis

67 3565 226 3628 claritatis
247 3581 323 3627 sicce
345 3563 480 3645 (Philip.
502 3583 551 3639 111,
568 3567 633 3648 21),
650 3568 746 3641 idest,
769 3583 854 3630 oon·
907 3580 974 3625 non
994 3566 1161 3636 universa,
1179 3565 1235 3626 sed
1254 3565 1386 3641 singula
1408 3565 1462 3626 vel
1486 3579 1591 3641 pauca
1614 3580 1704 3641 prcc-

66 3657 209 3735 tigurabit
234 3679 359 3740 corpus
387 3664 536 3725 nostrum
573 3665 698 3727 humile
723 3668 854 3744 corpori
907 3660 1059 3732 beantur,
1076 3663 1257 3724 secundum
1273 3662 1354 3722 illud
1376 3661 1525 3737 Apostoli
1538 3684 1545 3722 :
1559 3665 1627 3723 Alii
1638 3675 1705 3735 per

66 3773 118 3819 suo
132 3761 294 3836 praeclaro
311 3761 345 3824 et
364 3761 500 3838 fulgido.
515 3764 600 3824 Ecce
615 3779 713 3841 quam
729 3766 856 3842 pretio-
907 3759 1576 3834 3113111111ααθινεθνθιοθθρῑθηετιθθιτι·
1587 3759 1705 3819 cutem

66 3870 113 3914 sus
125 3857 263 3920 fructus.
279 3858 410 3929 videte,
428 3859 460 3920 et
475 3860 559 3920 alios
574 3877 640 3921 non
653 3862 763 3922 minus
778 3877 855 3939 pre-
907 3871 1023 3918 temno
1036 3856 1201 3928 scientim,
1217 3859 1405 3916 secundem
1423 3857 1581 3916 eumdem
1597 3857 1705 3928 spiri-

65 3950 165 4026 liosos,
179 3955 268 4018 sicut
283 3955 461 4016 Psalmista
470 3956 549 4017 dicit
563 3957 603 4018 de
613 3957 854 4032 glorificatione
909 3954 983 4014 tum
998 3951 1106 4031 (Rom.
1123 3951 1242 4030 1111,8).
1258 3954 1301 4014 Ut
1319 3951 1421 4028 igitur
1435 3951 1547 4012 omnia
1559 3951 1705 4012 breviter

65 4053 242 4113 sanctorum
262 4075 270 4113 :
288 4056 434 4114 Domine
455 4058 492 4114 m
516 4059 644 4116 iumine
665 4057 780 4118 victites
804 4058 854 4118 tui
908 4048 1115 4124 colligamus
1139 4049 1288 4110 Christus
1313 4047 1644 4110 611111111101111011
1668 4048 1703 4108 in

63 4150 287 4220 eventilabunt,
305 4151 340 4211 et
358 4151 394 4210 in
413 4153 552 4212 nomine
576 4153 855 4214 incomitatum
908 4146 1132 4218 sermonibus,
1155 4145 1323 4208 fructuosa
1351 4146 1386 4207 in
1414 4144 1702 4217 retributionibus,

64 4245 122 4305 icto
147 4249 212 4320 cite,
240 4247 275 4309 et
300 4249 338 4307 iic
357 4247 498 4320 justitia
522 4248 582 4309 tuo
608 4251 855 4311 emetiabimtur
907 4243 1054 4320 spatiosa
1069 4244 1104 4304 in
1118 4242 1321 4321 palmitibus,
1339 4243 1488 4320 speciosa
1502 4243 1536 4303 in
1551 4241 1706 4321 splendo-

65 4336 123 4415 (Ρε.
138 4345 189 4415 88,
205 4341 273 4424 16).
907 4339 1010 4401 ribus.

93 4439 230 4518 Magnus
253 4439 383 4502 fructus
404 4443 595 4526 sanctorum
615 4443 666 4505 θεῖ
683 4443 853 4504 ambulare
946 4439 992 4504 m
1009 4439 1113 4514 pote-r
1135 4454 1234 4501 meus
1262 4442 1414 4516 anticolo
1444 4440 1506 4500 esi.
1534 4437 1702 4510 Quomodo

61 4531 89 4593 in
109 4536 233 4600 lumine
257 4537 393 4599 Domini
413 4538 445 4598 in
466 4538 665 4612 ooelestibus,
681 4541 714 4602 et
736 4541 771 4600 in
793 4557 856 4602 no-
907 4536 1017 4596 autem
1043 4535 1086 4597 sit
1108 4536 1267 4612 agricola,
1288 4536 1324 4596 in
1351 4525 1563 4613 sequentibus
1590 4534 1702 4595 mani-

62 4631 138 4695 nine
153 4639 227 4713 ejus
245 4635 395 4696 exultari
409 4634 478 4696 tota
494 4636 559 4708 die,
577 4635 674 4709 idest,
689 4637 760 4698 sine
776 4637 852 4711 line,
908 4631 1015 4700 restat,
1027 4648 1101 4694 oum
1121 4633 1200 4694 dicit
1217 4655 1224 4692 :
1241 4635 1383 4694 Omnem
1398 4633 1576 4706 palmitem
1592 4635 1628 4692 in
1646 4646 1702 4693 me

61 4731 127 4802 qula
146 4733 349 4808 glorificatis
372 4732 406 4792 in
421 4747 524 4808 regno
540 4749 605 4794 non
630 4733 680 4795 θεῖ
704 4735 768 4794 nisi
783 4734 854 4795 dies
906 4745 977 4791 noo
985 4731 1155 4804 terentem
1164 4731 1327 4802 mucclam,
1335 4729 1423 4790 tollet
1431 4743 1509 4789 eum
1520 4725 1700 4806 (icamxv,

63 4840 127 4888 una.
144 4832 220 4892 Nox
236 4831 330 4892 enim
346 4845 413 4890 non
423 4831 488 4891 erit
500 4830 582 4902 illic,
595 4833 628 4892 et
642 4831 718 4892 ideo
733 4831 855 4893 dicitur
907 4825 952 4905 2).
970 4825 1126 4888 Palmites
1141 4825 1241 4902 hujus
1255 4825 1332 4886 vitis
1348 4825 1424 4885 sunt
1436 4824 1627 4895 Christiani,
1641 4824 1701 4886 alii

62 4921 88 4982 in
113 4929 254 5002 psalmo,
282 4929 375 5002 quod
399 4928 597 4992 meliorest
622 4931 696 4989 dies
718 4945 790 4990 unc
817 4931 854 4989 io
908 4923 1038 5005 quidem
1051 4921 1211 4994 boni,alii
1222 4921 1354 4998 quidem
1369 4921 1459 4982 mali.
1474 4923 1557 4982 Boni
1570 4923 1701 5000 quidem

60 5023 149 5085 cents
161 5027 308 5088 Domini
320 5027 540 5099 supermitte
553 5023 622 5104 (Ps.
634 5027 684 5095 83,
694 5023 757 5104 11).
770 5025 853 5098 Quia
907 5020 1080 5092 fructiferi,
1094 5020 1174 5080 mali
1191 5019 1324 5096 quidem
1346 5019 1554 5082 infructuosi.
1567 5021 1702 5082 Fructi-

61 5131 161 5182 cnmes
174 5122 248 5184 dies
260 5123 365 5199 nujus
378 5121 491 5182 mundi
500 5120 787 5191 habebuntnnem,
795 5122 852 5183 sed
907 5118 969 5180 feri
984 5133 1063 5179 vero
1085 5117 1279 5194 purgantur,
1295 5118 1328 5178 et
1346 5117 1457 5193 gladio
1474 5118 1610 5195 spiritus
1629 5135 1703 5180 am-

61 5210 107 5276 illa
119 5217 190 5281 dies
207 5237 276 5281 una
301 5233 370 5280 non
391 5217 536 5280 finietur.
552 5218 647 5280 Multi
662 5218 746 5281 tales
761 5218 853 5281 fruc·
906 5215 1075 5292 putantur.
1092 5213 1228 5274 Gladius
1244 5213 1391 5289 spiritus,
1404 5213 1492 5291 quod
1506 5214 1702 5276 estverbum

59 5313 103 5373 tus
117 5319 256 5392 possunt
269 5315 429 5391 cognosci
440 5315 475 5376 in
491 5315 682 5392 scripturis.
907 5313 977 5374 Dei.
1004 5310 1182 5389 Sequiturz
1202 5311 1242 5372 111
1257 5311 1412 5383 trecium
1433 5315 1513 5384 plus
1535 5313 1698 5386 afferant.

92 5412 241 5476 Christus
257 5414 311 5475 θεῖ
326 5412 405 5473 vitis
421 5411 567 5489 spatiosa
590 5413 625 5474 in
649 5411 851 5488 palmitibus
907 5408 1108 5474 infructuosi
1128 5407 1290 5469 tolluntur
1311 5407 1344 5470 θῖ
1359 5405 1593 5480 incenduntur,
1616 5410 1703 5473 siout

2 5587 3 5590 Ἴ
60 5510 124 5582 quia
137 5527 246 5588 usque
262 5510 305 5572 ad
322 5509 406 5571 lines
422 5511 521 5572 terrae
537 5509 685 5572 extendit
700 5509 853 5586 palmites
905 5505 958 5566 est
988 5503 1070 5564 illud
1103 5503 1274 5580 Evangelii
1304 5525 1312 5565 :
1343 5503 1496 5564 limitent
1521 5511 1637 5582 enecti
1669 5510 1702 5570 ct

2 5593 3 5638 1
61 5608 252 5682 suos,idest,
274 5605 666 5684 fidelesverhtgratia,
692 5606 852 5688 usquein
905 5601 1115 5676 separabunt
1154 5604 1262 5662 nactos
1296 5603 1337 5661 de
1375 5600 1487 5660 medio
1519 5603 1704 5672 justorum

60 5702 850 5784 taleamitritanniam,scithiamlttniopiam,
906 5696 1036 5777 (Mattb.
1050 5713 1124 5769 1111,
1135 5696 1200 5777 19),
1217 5696 1294 5774 quia
1307 5695 1430 5770 eligent
1440 5692 1549 5757 bonos
1559 5698 1595 5759 in
1608 5714 1704 5773 vasa,
