4080 6316
130 423 189 481 teti
755 432 983 494 EPISTOLAE.
1008 437 1085 498 LIB.
1110 439 1150 499 ΙΙ.
1718 451 1778 510 790

129 579 317 644 devotionis
337 583 449 648 tamen
465 587 587 650 nostrae
602 587 743 666 requirit
758 589 925 665 affectum,
982 596 1052 668 Ilei,
1069 597 1102 660 et
1113 596 1285 662 beatorum
1298 602 1388 664 Petri
1400 606 1434 666 et
1446 605 1774 682 Pauliapostolorum

129 678 171 738 ad
187 679 335 742 eamdem
351 697 411 743 uos
427 699 612 761 provocans
623 684 785 760 doctrina,
801 687 928 752 beneti-
982 695 1055 771 ejus
1065 710 1102 758 se
1113 697 1244 759 noverit
1258 699 1481 762 incursurum.

129 776 191 836 ciis
205 778 237 838 et
249 779 422 857 exemplis,
439 781 468 841 si
483 797 549 860 quo
562 782 670 856 modo,
681 784 759 860 quid
772 799 928 848 remane·
1021 792 1139 856 Datum
1167 797 1293 868 Romae,
1324 799 1411 875 apud
1441 801 1597 862 sanctum
1627 805 1773 876 Petrum,

127 875 181 934 ret
193 874 226 934 in
236 891 308 948 nos,
319 877 430 938 valeat
444 880 603 956 reperire,
612 882 836 958 praeveniente
848 899 928 961 gra-
981 890 1116 952 ivnon.
1136 893 1236 970 junii,
1255 895 1465 975 pontificatus
1486 899 1591 962 nostri
1614 915 1701 962 anno
1721 917 1777 964 se—

127 971 175 1034 tia
210 972 306 1034 nobis
337 974 506 1049 tribuens,
541 977 627 1055 quod
663 981 809 1042 coronet.
843 983 926 1044 Ecce
981 987 1089 1050 cundo
1101 987 1160 1069 (3).

127 1070 290 1147 siquidem
307 1071 504 1148 frigescente
528 1075 668 1138 caritate
683 1077 873 1152 multorum,
891 1081 926 1142 ut

127 1166 220 1229 illam
235 1171 480 1244 reaccenderet,
499 1172 531 1234 et
547 1174 587 1236 ad
608 1173 817 1237 devotionem
830 1193 924 1238 suam
1251 1116 1506 1206 CCLXXXIV
1525 1257 1531 1270 ⁸
1687 1259 1693 1272 .

127 1268 285 1346 populum
300 1271 506 1346 provocaret,
523 1272 639 1334 diebus
659 1273 843 1336 clementiae
855 1291 924 1338 suae
999 1249 1052 1308 ¹4⁶²
1064 1249 1319 1361 Μαθωῗανῑθη·
1336 1251 1369 1312 et
1388 1254 1618 1364 ffuminum
1637 1271 1753 1330 elim-s

125 1365 304 1428 thesauros
332 1369 473 1445 aperuit,
499 1368 671 1432 beatorum
700 1371 863 1435 Bonisacii
892 1376 925 1435 et
1088 1346 1121 1408 ⁶³
1143 1361 1302 1420 primm
1323 1349 1441 1410 sunm
1462 1351 1660 1414 mimmii·

124 1465 238 1526 Alexii
262 1481 413 1543 corpora,
444 1483 517 1544 quae
544 1457 601 1530 diu
626 1469 803 1542 latuerant,
827 1486 925 1533 rere-
1280 1460 1383 1536 ejunii
1397 1464 1477 1522 ltili.

124 1561 237 1635 lando,
261 1579 302 1624 ne
314 1563 505 1642 hujusmodi
519 1566 656 1628 lucerna
670 1568 794 1631 diutius
805 1568 925 1632 lateret
1050 1563 1157 1630 [outlur.
1168 1565 1253 1626 nom..
1267 1566 1330 1618 edii.
1342 1567 1441 1630 runa,
1452 1573 1472 1620 t.
1483 1569 1527 1629 tlt,
1538 1569 1596 1632 ³⁴4»
1606 1585 1633 1622 1¹·
1646 1572 1713 1636 1111]

124 1659 323 1734 submodio,
341 1663 398 1724 sed
411 1679 513 1740 super
531 1664 767 1727 caudelabrum
782 1682 925 1745 ponere·
978 1670 1096 1731 Mandat
1109 1679 1140 1731 ut
1153 1671 1308 1732 informent
1317 1674 1354 1733 de
1371 1677 1429 1736 vita
1448 1682 1477 1734 et
1491 1677 1637 1737 miraculis
1656 1681 1776 1738 loannis

124 1759 191 1828 tur,
208 1759 244 1820 ut
260 1758 394 1822 domuin
419 1761 683 1837 ingredientibus
703 1765 815 1826 lumen
835 1781 924 1843 prae·
1306 1765 1444 1823 eremitae.

17 1901 19 1904 .
124 1855 202 1916 beat
228 1856 523 1920 intercessionibus
538 1862 748 1939 etexemplo.
777 1863 923 1924 inventis
1018 1859 1185 1923 Honorius
1199 1862 1374 1941 episcopus
1392 1879 1508 1926 servus
1521 1869 1772 1941 servorumDei,

125 1954 230 2030 igitur
257 1955 292 2016 iii
320 1957 523 2019 monasterio
550 1961 660 2022 vestro
690 1959 922 2038 praedictorum
978 1957 1226 2022 venerabilibus
1240 1959 1398 2024 fratribus
1413 1965 1775 2040 aragonanenetnu-

124 2052 315 2114 sanctorum
343 2054 558 2131 pignoribus,
583 2073 643 2119 nos
677 2073 696 2118 a
726 2058 922 2121 vobiscum
977 2055 1100 2118 therin.
1110 2055 1274 2136 episcopis
1285 2074 1325 2120 ao
1335 2058 1456 2123 dilecto
1469 2059 1537 2122 lilio
1546 2062 1650 2139 priori
1660 2064 1773 2125 Sancti

124 2150 229 2212 multa
244 2150 404 2214 instantia
429 2154 681 2231 supplicationis
711 2156 853 2229 invitati,
880 2157 921 2221 an
978 2155 1149 2215 Fortunati
1161 2157 1384 2218 Beneventan.
1401 2157 1567 2231 dioecesis,
1586 2158 1727 2222 salutent
1742 2162 1775 2222 et

123 2250 363 2311 monasterium
385 2251 495 2327 ipsum
518 2254 735 2328 accessimus;
756 2255 789 2316 et
807 2255 921 2316 eadem
978 2252 1194 2330 apostolicam
1208 2252 1484 2319 benedictionem.

124 2361 265 2422 corpora
278 2363 353 2408 cum
375 2349 562 2410 honorabili
587 2354 674 2413 coetii
692 2353 921 2430 episcoporum
1018 2349 1201 2412 ineffabilis
1224 2352 1390 2428 sapientia
1416 2353 1477 2416 Dei
1498 2369 1597 2420 nosse
1610 2356 1771 2432 tempora,

123 2445 157 2504 et
171 2445 402 2514 cardinalium,
420 2448 595 2510 assistente
607 2449 754 2512 fidelium
770 2451 922 2514 multitu·
976 2446 1028 2508 vel
1044 2451 1210 2510 momenta
1223 2448 1257 2510 in
1268 2465 1330 2512 sua
1342 2450 1490 2513 retinens
1500 2453 1673 2530 potestate,
1687 2453 1774 2516 tein-

122 2541 202 2603 dine
216 2544 362 2620 copiosa,
379 2545 528 2622 ejusdem
553 2548 745 2610 monasterii
766 2549 922 2611 recondi·
976 2544 1141 2622 perallum
1156 2547 1256 2608 otiam
1271 2547 1371 2610 habet
1391 2549 1463 2610 sola
1485 2549 1665 2626 perlectam
1684 2551 1774 2612 noti-

123 2639 515 2720 mirsinaltarimaqor13
541 2659 580 2705 ac
600 2646 775 2707 ecclesiam
795 2647 922 2724 ipsum·
975 2643 1056 2704 hain
1077 2643 1256 2716 actionum,
1283 2661 1356 2722 quae
1377 2662 1442 2724 quo
1464 2646 1546 2708 liant
1574 2648 1685 2712 aiu'mo
1707 2663 1773 2710 non

123 2753 187 2816 que
203 2739 310 2799 altare
324 2741 424 2801 tertia
443 2740 527 2802 seria
552 2743 686 2819 majoris
707 2743 920 2806 hebdomadae
976 2740 1146 2816 ignoraus,
1173 2757 1285 2819 opera,
1312 2745 1614 2822 quantumcumque
1634 2745 1774 2808 videan-

123 2837 269 2914 propriis
282 2838 434 2900 manibus
450 2841 729 2914 consecravimus,
743 2843 779 2903 iii
794 2857 921 2904 eorum·
976 2841 1030 2899 tur
1044 2838 1235 2900 hominibus
1250 2842 1357 2916 grata,
1372 2841 1530 2918 reprobat
1542 2843 1608 2904 nisi
1627 2859 1667 2906 ea
1681 2843 1771 2906 vivi·

123 2933 197 2994 dein
214 2937 404 2997 sanctorum
424 2939 617 3000 memoriam
633 2941 665 3002 et
685 2939 846 3001 honorem
860 2939 918 3020 (1).
976 2935 1052 2997 licet
1071 2936 1134 3013 piae
1154 2937 1358 3013 operationis
1377 2937 1528 3000 affectus.
1556 2938 1649 3002 sicut
1672 2940 1772 3003 etiam

166 3032 208 3094 Ut
223 3033 327 3110 igitur
341 3034 446 3113 ipsius
466 3035 615 3098 ecclesiae
635 3051 674 3098 ac
693 3037 811 3099 altaris
835 3053 918 3100 oon·
975 3032 1114 3108 augelus
1128 3035 1260 3094 Satanae
1275 3036 1519 3112 sequendoque
1531 3037 1566 3097 in
1579 3036 1663 3100 lucis
1674 3053 1775 3113 ange·

124 3132 270 3193 secretio
285 3133 477 3195 veneranda
492 3133 632 3210 singulis
650 3135 747 3196 annis
770 3135 919 3198 devotius
975 3129 1043 3190 lum
1070 3129 1295 3207 transfigurat,
1321 3131 1370 3192 sic
1398 3133 1548 3212 plerique
1569 3133 1771 3210 impietatem

123 3229 322 3304 celebretur,
346 3231 524 3305 universis,
551 3233 607 3309 qui
629 3231 670 3293 ad
695 3232 919 3297 celebritatem
975 3242 1069 3288 suain
1084 3227 1233 3289 velantes
1249 3227 1449 3290 subvellere
1466 3230 1598 3307 pietatis
1614 3233 1772 3308 tanquam
1840 3303 1847 3320 ,

120 3326 159 3386 in
172 3325 225 3387 die
237 3328 496 3390 consecrationis
508 3329 612 3408 ipsius
627 3330 744 3393 devote
754 3347 921 3396 convene·
976 3325 1121 3401 parisios
1135 3325 1278 3388 dealbati
1294 3341 1353 3403 poi·
1374 3327 1493 3388 falsam
1509 3328 1681 3404 religionis
1696 3345 1773 3406 spe-

119 3425 200 3496 rint,
218 3424 258 3485 ae
272 3426 430 3502 injunctis
450 3427 514 3488 sini
536 3428 738 3505 poenitentiis
763 3445 822 3507 pro
837 3445 919 3508 pec·
975 3421 1072 3496 ciem,
1095 3439 1194 3502 quam
1222 3424 1442 3501 praetendunt,
1469 3425 1689 3501 ignominiose
1710 3443 1773 3488 no-

120 3521 220 3594 catis,
260 3521 501 3598 indulgentiam
534 3525 756 3604 quadraginta
788 3526 919 3593 dierum
975 3536 1050 3582 men
1072 3520 1138 3582 sihi
1162 3521 1348 3584 sanctitatis
1368 3526 1539 3599 ustlrpatlt‚
1566 3524 1598 3587 et
1619 3523 1772 3586 salientes

120 3619 344 3694 concedimus,
371 3621 411 3682 de
440 3623 675 3700 omnipotentis
699 3625 757 3686 Dei
786 3625 921 3686 miseri·
974 3617 1770 3698 οΡ1111016811011111111111,1181111501,Ῑ)θῑ1111,(1111

120 3717 245 3790 cordia,
262 3720 295 3781 et
307 3717 479 3782 beatorum
493 3721 582 3782 Petri
594 3723 626 3782 et
641 3722 737 3782 Pauli
750 3724 920 3800 apostolo-
974 3731 1041 3777 non
1065 3716 1236 3788 irridetur,
1262 3732 1328 3777 non
1350 3716 1484 3789 fallunt,
1506 3718 1562 3778 sed
1585 3719 1677 3795 justo
1698 3720 1771 3795 ejus

119 3827 194 3874 rum
208 3819 280 3892 ejus
294 3817 491 3878 anctoritate
507 3819 622 3879 conlisi
637 3817 696 3900 (2).
970 3813 1097 3892 jndicio
1109 3813 1354 3892 relinquuntur.
1372 3815 1465 3877 Licet
1479 3815 1581 3892 igitur
1593 3815 1624 3876 is
1639 3815 1695 3894 qui
1710 3830 1769 3877 so-

160 3915 199 3974 Et
214 3915 452 3976 monasterium
467 3915 575 3992 ipsum
591 3917 829 3979 cumomnibus
845 3933 918 3996 quio
973 3912 1025 3972 lus
1055 3912 1148 3973 novit
1173 3911 1367 3974 abscondita
1391 3912 1615 3986 tenebrarum,
1647 3913 1769 3990 hujus-

117 4009 420 4086 lmpraesentiarum
453 4007 698 4076 rationabiliter
731 4013 916 4092 possideat,
974 4009 1062 4072 modi
1077 4025 1309 4087 perversorum
1324 4011 1486 4072 malitiam
1501 4010 1542 4072 ab
1558 4025 1672 4072 eorum
1687 4009 1772 4072 truo-

117 4109 176 4169 aiit
198 4107 234 4168 in
250 4107 395 4169 lutiiriim
414 4111 514 4188 justis
533 4111 637 4172 modis
653 4113 834 4190 praestante
851 4113 920 4174 Do·
973 4108 1062 4169 tibiis
1075 4123 1149 4170 esse
1164 4108 1314 4170 docuerit
1324 4109 1599 4186 cognoscendam,
1609 4111 1646 4172 ut
1658 4110 1771 4171 tamen

117 4206 209 4267 mino
233 4207 354 4284 poterit
381 4207 533 4285 adipisci,
560 4209 596 4271 ut
625 4225 665 4271 ea
690 4225 821 4288 semper
846 4210 919 4272 sine
974 4205 1372 4284 interleprametlepram
1384 4205 1769 4284 meliusdistinguamus‚
1801 4250 1815 4304 .'

120 4303 569 4382 contradictionepossideat,
582 4305 787 4384 subspeciali
799 4310 919 4370 curaet
973 4304 1089 4383 atquae
1105 4305 1227 4366 munda
1239 4303 1364 4368 luerint
1375 4305 1429 4368 tel
1443 4304 1614 4368 immunda
1625 4305 1770 4367 sciamus
1784 4323 1789 4331 ·

118 4399 298 4476 principali
312 4401 416 4462 tutela
430 4402 629 4479 Apostolicae
653 4403 748 4465 Sedis
763 4405 918 4482 suscepi·
973 4403 1164 4464 discernere
1179 4403 1363 4479 separando
1377 4403 1555 4480 pretiosum
1569 4419 1590 4465 a
1604 4402 1674 4476 vili,
1687 4403 1771 4465 solet

117 4513 203 4568 mus,
221 4497 254 4559 et
277 4498 452 4576 praesentis
476 4501 591 4578 scripti
613 4501 799 4578 patrocinio
822 4518 916 4564 com-
973 4502 1132 4564 Dominus
1156 4501 1259 4564 vitam
1274 4501 1424 4564 sanctam
1439 4516 1566 4572 eorum,
1584 4501 1640 4578 qui
1663 4500 1769 4560 semi-

118 4594 298 4656 munimus.
316 4595 409 4658 Nulli
422 4611 501 4673 ergo
522 4599 656 4661 omnino
682 4598 853 4660 hominum
869 4599 915 4660 li·
972 4599 1138 4660 naverunt
1161 4599 1196 4660 in
1216 4598 1386 4675 lacrymis,
1413 4597 1445 4658 id
1466 4598 1551 4674 quod
1581 4599 1707 4659 metunt
1733 4597 1768 4658 in

118 4695 194 4755 caat
217 4692 304 4755 hanc
328 4695 484 4770 paginam
504 4695 626 4758 nostrae
642 4697 867 4759 concessionis
885 4699 918 4760 et
971 4695 1257 4757 benedictionibus
1278 4694 1486 4756 abundanter
1495 4695 1689 4774 plerumque
1702 4695 1769 4755 mi·
1873 4726 1878 4734 -

116 4791 333 4870 protectionis
344 4791 539 4870 intringere,
555 4795 608 4856 vel
626 4795 659 4856 ei
674 4811 758 4856 ausu
771 4797 918 4857 temera·
971 4793 1095 4854 raculis
1120 4793 1329 4863 confirmare,
1356 4791 1527 4870 signisque
1554 4791 1768 4870 sequentibus

114 4889 167 4950 rio
183 4890 359 4951 contraire.
378 4890 413 4952 si
436 4891 509 4972 quis
533 4894 644 4954 autem
664 4893 728 4955 hoc
751 4894 916 4956 attentare
971 4890 1131 4962 indicare,
1149 4890 1235 4968 qiiod
1250 4891 1299 4951 eis
1323 4889 1533 4967 splendorem
1557 4907 1618 4968 pro
1641 4891 1769 4951 meritis

115 4987 376 5065 praesumpserit,
398 4987 660 5065 indignationem
680 4991 915 5069 omnipotentis
971 4987 1100 5049 dederit
1125 4987 1372 5065 sempiternum.
1401 4989 1472 5049 Hac
1497 4987 1600 5064 igitur
1625 4988 1767 5062 ratione,

153 5146 194 5217 (l)
218 5147 287 5203 llaec
310 5147 453 5206 Honorias
479 5146 515 5206 de
543 5150 762 5208 consecratione
790 5149 916 5208 basilicae
971 5148 1049 5204 nium
1074 5146 1261 5228 apostolieum
1284 5145 1432 5219 indulget;
1456 5153 1485 5204 et
1511 5147 1540 5229 si·
1561 5147 1610 5220 qui
1637 5145 1769 5204 coenobio

115 5227 233 5285 nostrae,
250 5231 335 5300 quain
349 5217 414 5276 insu
453 5235 465 5275 r
482 5219 609 5304 pluribus
626 5221 812 5278 alilsornavit
824 5219 913 5278 bene·
970 5217 1542 5300 quidquamuiioouorintdisapraepotenti
1553 5221 1613 5275 Deo
1626 5217 1699 5274 male
1709 5233 1769 5290 pre-

115 5287 199 5344 llciis.
218 5287 400 5346 Primoenim
434 5303 468 5346 oc
483 5290 650 5362 ipsosaniiit
665 5291 830 5365 diplomate,
844 5301 875 5350 ut
887 5299 916 5348 et
970 5287 1225 5374 catur.(·lbid.)m
1351 5361 1357 5372 .
1572 5359 1588 5372 ..

115 5358 237 5430 hujusce
256 5360 481 5418 consecrationis
503 5362 691 5420 anniversarii
709 5363 772 5420 dies
794 5363 914 5420 solemni
972 5431 977 5443 ⁸
1005 5361 1048 5434 (3)
1064 5361 1110 5418 Sic
1124 5361 1239 5433 explicit
1253 5359 1452 5444 celebrislhoec
1472 5361 1589 5442 lioiiorii
1613 5357 1765 5442 buliaco·

114 5429 171 5486 ritu
198 5439 367 5501 agerentur,
392 5440 421 5489 et
448 5431 580 5490 fidelibus
605 5433 672 5491 illuc
700 5434 914 5502 accedentibus,
968 5448 1015 5506 qus
1036 5431 1265 5504 autographum,
1291 5431 1415 5488 indubiae
1444 5429 1561 5512 quidem
1583 5427 1764 5515 fideioarao-

114 5501 291 5572 apostolica,
309 5517 393 5574 quain
404 5511 519 5572 vocant,
534 5503 722 5578 indulgentia,
732 5513 914 5577 peccatorum
970 5511 1046 5560 teres
1058 5517 1160 5559 omnes
1172 5519 1229 5576 pris
1247 5517 1277 5559 se
1293 5501 1404 5584 terens,
1413 5509 1570 5584 etiamnum
1584 5499 1723 5558 Alexione
1738 5515 1766 5557 in

116 5585 211 5644 poenae
225 5573 432 5632 relaxarentur.
448 5575 620 5646 (Nerinius.)
969 5574 1144 5631 tabularios
1170 5573 1252 5630 nobis
1278 5575 1496 5654 religiosissime
1518 5579 1691 5629 asservatur.
1712 5571 1767 5654 Sed

152 5643 192 5714 (2)
209 5644 401 5702 Piaetereaad
416 5644 912 5721 basilicoeeultumetdeouieugon·
969 5653 1089 5715 caera,
1116 5644 1152 5702 ud
1176 5644 1308 5704 altarium
1334 5651 1582 5702 consecrationem
1607 5651 1765 5718 spectantia

114 5711 195 5780 diirn,
210 5712 350 5772 bonorum
362 5716 489 5774 omnium
502 5717 724 5789 possessionem,
736 5727 830 5776 amota
843 5733 911 5792 qua·
970 5731 1185 5791 persequamur.
1205 5713 1302 5788 (ibid.)

115 5784 183 5842 libet
206 5787 413 5856 controversia,
437 5786 586 5846 monachis
610 5787 768 5862 ndjiidicat3
792 5791 912 5862 patroci-
