3960 6304
257 398 317 458 139

256 557 472 620 ecclesiarum
501 557 647 634 praelatis
681 575 739 636 per
774 557 987 636 Campaniam
1019 560 1053 620 et

256 656 468 727 Maritimam,
492 658 525 716 et
550 657 674 716 terram
690 656 828 717 Laboris
851 656 1049 728 constitutis,

257 754 397 814 salntem
411 755 443 814 et
455 754 672 830 apostolicam
685 754 959 816 benedictionem.

295 853 369 912 Non
385 851 508 928 absque
524 851 638 912 dolore
651 851 760 912 cordis
776 853 808 913 et
824 853 967 929 plurima
981 853 1054 913 tur-

255 948 389 1012 batione
415 950 606 1021 didicimus,
638 950 725 1026 quod
753 951 799 1010 ita
825 951 860 1010 in
885 949 1052 1027 plerisque

228 1046 402 1124 ‘partibus
424 1047 650 1108 ecclesiastiea
677 1063 818 1108 censura
845 1046 1050 1119 dissolvitur,

254 1144 288 1205 et
307 1145 476 1206 canonicae
494 1145 666 1205 sententiae
682 1145 842 1206 severitas
862 1145 1050 1217 enervatur,

256 1243 293 1303 ut
309 1242 372 1302 viri
387 1241 547 1316 religiosi,
561 1243 593 1302 et
605 1241 641 1301 ni
652 1242 806 1314 manime,
819 1240 875 1318 qui
891 1241 1052 1318 perSedis

255 1338 454 1415 Apostolicae
479 1339 656 1414 privilegia
683 1340 802 1415 majori
838 1339 951 1399 doriati
978 1339 1054 1399 sunt

258 1435 421 1507 libertate,
439 1437 562 1512 passim
581 1452 600 1496 a
617 1437 885 1498 malefactoribus
910 1437 978 1497 suis
1000 1437 1055 1497 in-

254 1534 363 1609 jurias
378 1535 564 1595 sustineant
577 1534 609 1596 et
624 1535 772 1610 rapinas,
789 1534 867 1594 dum
878 1535 937 1594 vix
959 1534 1055 1594 inve-

258 1630 349 1692 nitur
371 1632 427 1708 qui
458 1647 604 1707 congrua
627 1631 695 1692 illis
715 1632 918 1708 protectione
939 1631 1055 1692 subve-

258 1729 339 1800 niat,
364 1729 396 1790 et
418 1745 478 1804 pro
501 1728 641 1791 fovenda
663 1744 844 1805 pauperum
864 1729 1054 1790 innocentia

259 1843 295 1886 se
314 1841 445 1886 murum
461 1827 662 1887 defensionis
680 1827 833 1903 opponat.
860 1825 1055 1902 Specialiter

259 1925 369 1984 autem
394 1923 506 1985 dilecti
530 1923 590 1984 filii
615 1922 716 1985 abbas
740 1925 773 1985 et
795 1923 915 1984 fratres
940 1925 1053 1986 Casae-

259 2022 358 2082 marii
371 2021 601 2083 cisterciensis
616 2021 743 2083 ordinis
757 2021 825 2083 tam
841 2021 880 2082 de
899 2020 1056 2098 frequen-

262 2119 347 2182 tibus
362 2119 508 2197 injuriis,
526 2136 624 2198 quam
640 2119 680 2180 de
701 2121 773 2196 ipso
789 2119 982 2197 quotidiano
997 2117 1058 2180 de-

215 2287 222 2296 ,
260 2217 348 2278 fectu
368 2218 507 2295 justitiae
530 2219 780 2294 conquerentes,
804 2217 1055 2278 universitatem

260 2315 405 2376 vestram
424 2315 543 2377 litteris
563 2315 729 2392 petierunt
743 2315 935 2392 apostolicis
958 2315 1054 2376 exci-

263 2414 337 2485 tari,
356 2413 393 2474 ut
413 2413 460 2474 ita
480 2413 529 2474 eis
553 2413 709 2474 videlicet
727 2413 762 2473 in
786 2411 1055 2474 tribulationibus

261 2511 332 2572 suis
357 2512 473 2571 contra
503 2509 732 2571 malefactores
757 2525 872 2572 eorum
905 2509 1056 2587 prompta

262 2607 411 2670 debeatis
434 2607 707 2684 magnanimitate
733 2623 945 2683 consurgere,
969 2607 1055 2684 quod

262 2705 304 2766 ab
330 2706 505 2782 angustiis,
530 2721 611 2781 quas
640 2706 806 2767 sustinent
829 2705 862 2765 et
889 2705 1055 2781 pressuris

261 2803 372 2866 vestro
394 2802 520 2879 possint
539 2802 694 2878 praesidio
714 2803 891 2878 respirare.
914 2802 1056 2878 Ideoque

262 2900 472 2962 universitati
496 2901 613 2962 vestrae
627 2890 695 2976 'per
719 2900 909 2976 apostolica
933 2900 1056 2977 scripta

261 2998 455 3060 mandamus
472 2999 570 3074 atque
586 2998 812 3075 praecipimus,
831 2998 993 3075 quatenus
1013 2997 1057 3057 il-

264 3097 329 3169 los,
349 3096 405 3174 qui
429 3097 666 3173 possessionen,
692 3097 745 3157 vel
768 3111 833 3168 res,
858 3111 917 3156 seu
941 3094 1055 3156 domos

262 3193 494 3270 praedictorum
518 3193 646 3255 abbatis
662 3195 694 3254 et
713 3193 905 3266 conventus,
920 3193 973 3254 vel
995 3193 1058 3254 bo-

263 3291 390 3352 minum
423 3307 558 3354 suorum
594 3291 819 3351 irreverenter
851 3290 1054 3362 invaserint,

264 3389 322 3450 aut
344 3405 383 3449 ea
410 3388 532 3466 injuste
556 3388 768 3460 detinuerint,
795 3404 867 3464 quae
891 3387 1057 3464 praedictis

262 3484 422 3548 fratribus
438 3501 480 3546 ex
496 3485 689 3546 testamento
705 3485 932 3546 decedentium
949 3485 1056 3545 relin-

262 3583 418 3660 quuntur,
444 3599 503 3644 seu
518 3583 553 3644 in
574 3583 664 3659 ipsos
686 3581 817 3654 fratres
840 3583 894 3643 vel
909 3583 1057 3660 ipsorum

263 3681 406 3758 aliquem
433 3679 547 3742 contra
577 3680 671 3742 Sedis
700 3680 899 3756 apostolicae
928 3679 1056 3741 indulta

262 3779 460 3840 sententiam
495 3778 847 3840 excommunicationis
871 3779 929 3839 aut
952 3779 1057 3840 inter-

262 3877 342 3938 dicti
355 3876 626 3953 praesumpserint
647 3875 868 3952 promulgare,
890 3876 943 3936 vel
960 3876 1056 3938 deci-

262 3991 332 4035 mas
356 3973 506 4034 laborum
524 3973 564 4033 de
583 3973 682 4034 terris
704 3972 826 4034 habitis
845 3975 922 4034 ante
938 3973 1058 4034 Conci-

262 4071 345 4130 lium
388 4071 572 4145 generale,
600 4070 676 4130 ante
718 4069 803 4146 quod
841 4071 1058 4146 susceperunt

264 4167 411 4244 eJusdem
427 4166 553 4227 ordinis
569 4167 702 4236 statuta,
719 4181 801 4242 quas
825 4168 968 4244 propriis
991 4183 1057 4228 ma-

266 4264 364 4325 nibus
386 4263 443 4324 ant
464 4263 647 4339 sumptibus
674 4263 839 4331 excolunt,
861 4279 919 4324 seu
936 4264 975 4325 de
990 4281 1056 4326 nu-

262 4362 425 4423 trimentis
458 4361 670 4432 animalium,
707 4361 826 4436 spretis
858 4362 1056 4437 Apostolicee

263 4459 358 4522 Sedis
390 4459 592 4537 privilegiis
629 4459 846 4537 extorquere,
876 4459 1056 4538 monitione

260 4559 444 4636 praemissa,
468 4557 497 4618 si
512 4556 589 4617 laici
604 4555 737 4628 fuerint,
760 4554 891 4632 publice
909 4557 1056 4617 candelis

260 4655 410 4718 accensis
431 4655 553 4729 singuli
575 4654 721 4716 vestrum
745 4653 780 4714 in
803 4653 1000 4714 dioecesibus
1024 4656 1057 4716 et

262 4753 411 4817 ecclesiis
439 4748 559 4814 vestris
595 4751 948 4814 excommunicationis
979 4766 1057 4812 sen-

260 4851 364 4914 tentia
376 4850 584 4929 percellatis:
602 4851 630 4911 si
645 4865 723 4911 vero
737 4849 862 4921 clerici,
882 4851 941 4910 aut
955 4865 1057 4910 cano-

262 4947 330 5009 nici
358 4947 529 5022 regulares
559 4963 618 5006 seu
648 4947 802 5007 monacbi
831 4947 970 5018 fuerint,
999 4963 1055 5009 eos

261 5045 484 5122 appellatione
498 5044 624 5104 remota
639 5043 680 5104 ab
702 5043 823 5115 officio,
840 5045 873 5106 et
895 5044 1055 5107 beneficio

268 5140 497 5218 suspendatis;
534 5141 685 5202 neutram
715 5141 898 5203 relaxaturi
923 5145 1057 5204 senten-

260 5241 353 5312 tiam,
376 5239 480 5299 donec
508 5236 674 5314 praedietis
694 5238 804 5299 abbati
832 5239 864 5300 et
883 5240 1055 5301 monacbis

261 5338 411 5416 plenarie
441 5334 659 5404 satisfaciant,
687 5335 813 5396 ettam
841 5336 919 5397 laici
957 5355 1055 5416 quam

260 5435 373 5497 clerici
389 5435 579 5504 saeculares
592 5432 648 5509 qui
663 5448 723 5509 pro
738 5432 883 5495 violenta
898 5449 1055 5496 manuum

258 5532 436 5609 injectione
457 5532 491 5592 in
513 5531 633 5592 fratres
660 5529 804 5603 eosdem,
831 5531 883 5592 vel
906 5533 1055 5608 ipsorum

256 5629 400 5708 aliquem
420 5628 643 5690 anathematis
659 5626 793 5689 vinculo
811 5627 934 5690 fuerint
957 5629 1056 5691 inno-

257 5727 338 5799 dati,
370 5745 444 5788 cunr
471 5726 652 5788 dioecesani
678 5726 825 5803 episcopi
858 5727 980 5788 litteris
1013 5729 1054 5788 ad

874 399 1050 460 nononn
1072 399 1117 460 111
1139 398 1288 461 oanan.
1749 365 1751 368 ’
1817 401 1860 464 no

1108 557 1225 620 Sedent
1253 554 1477 635 apostolicam
1507 555 1684 628 venientes,
1709 555 1746 617 ab
1772 559 1863 622 eodem

1106 655 1240 718 vinculo
1252 653 1587 718 mereanturabsolvi.
1600 655 1713 716 Datum
1727 657 1862 730 Laterani,

1107 755 1166 815 vn
1191 753 1351 814 kalendas
1373 751 1544 823 februarii,
1568 752 1766 828 pontificatus
1782 756 1865 815 nostri

1108 866 1196 912 anno
1219 851 1336 928 primo.

1477 1018 1542 1106 CX

1147 1217 1199 1276 Au
1217 1218 1410 1288 priorissas
1434 1216 1469 1276 et
1492 1229 1632 1276 sorores
1660 1215 1841 1277 manaverit

1167 1315 1201 1374 S.
1213 1313 1823 1375 Jacoctcenontenaurocaterona.

1391 1423 1423 1484 n
1445 1423 1507 1484 dec.
1529 1425 1608 1484 1116.

1148 1550 1269 1614 [Regcst.,
1279 1549 1323 1600 lib.
1331 1549 1350 1609 l,
1360 1549 1433 1614 epist.
1448 1549 1501 1600 116.
1513 1550 1569 1600 lies.
1584 1551 1621 1600 ba
1632 1550 1706 1600 Porta
1720 1548 1752 1599 du
1764 1547 1843 1613 111311]Ι

1150 1691 1285 1750 Concedit
1295 1698 1326 1748 ut
1338 1690 1373 1748 ad
1384 1691 1533 1748 ecclesiam
1549 1692 1577 1748 S.
1594 1692 1670 1748 Petri
1681 1690 1715 1748 de
1729 1693 1840 1750 Mesena

1393 1794 1425 1836 se
1440 1778 1621 1837 transferant.

1149 1925 1328 1997 Honorius,
1346 1927 1421 1998 etc„
1437 1925 1565 1986 dilectis
1579 1926 1615 1986 in
1628 1925 1756 1986 Christo
1768 1923 1876 1984 filiabus

1109 2024 1147 2084 A.
1165 2023 1396 2104 priorissae,‚et
1410 2023 1579 2084 sororibus
1594 2022 1782 2084 monasterii
1792 2023 1877 2081 sancti

1109 2119 1224 2182 Jacobi
1239 2121 1279 2180 de
1293 2123 1403 2182 Monte
1427 2123 1542 2182 Mauro
1558 2121 1750 2182 cistercien.
1763 2119 1878 2188 ordinis,

1111 2218 1251 2278 salutem
1265 2219 1298 2280 et
1312 2219 1528 2295 apostolicam
1542 2204 1809 2279 benedictionem.

1149 2317 1288 2376 Matrem
1311 2316 1528 2377 ecclesiarum
1553 2316 1701 2376 omnium
1722 2318 1879 2376 Romanam

1110 2413 1291 2474 Ecclesiam
1306 2429 1384 2489 erga
1407 2413 1544 2475 devotas
1565 2413 1653 2474 filias
1673 2427 1802 2474 avaram
1823 2425 1880 2471 asse
1909 2495 1913 2503 ι

1110 2526 1177 2571 non
1192 2511 1356 2582 convenit,
1374 2511 1451 2588 quia
1466 2513 1538 2572 tuto
1558 2513 1666 2586 potest
1686 2512 1721 2572 in
1737 2509 1880 2571 3333113-

1109 2608 1180 2669 tere
1195 2608 1353 2680 liberalis,
1371 2609 1637 2685 quandoquidem
1650 2609 1749 2670 etiam
1766 2607 1878 2667 illorum

1111 2719 1184 2782 quae
1196 2705 1336 2782 largitur
1348 2705 1483 2778 eisdem,
1496 2705 1680 2767 dominium
1696 2721 1761 2768 non
1771 2703 1880 2765 amittit.

1112 2803 1198 2864 Sane
1214 2805 1280 2864 tarn
1293 2819 1312 2864 a
1327 2803 1422 2864 vobis
1437 2819 1535 2879 qnam
1545 2819 1565 2863 a
1576 2803 1728 2880 pluribus
1740 2799 1882 2876 religiosis

1110 2902 1144 2963 et
1156 2901 1370 2961 saecularibus
1382 2901 1463 2962 viris
1477 2901 1594 2960 bumili
1605 2901 1669 2962 fuit
1679 2899 1883 2962 nobisinstan·

1110 2999 1156 3060 tia
1172 2999 1446 3075 supplicatum,ut
1458 3015 1558 3074 quum
1573 2999 1609 3058 in
1624 2998 1764 3074 praefato
1772 3011 1884 3058 monas-

1111 3097 1196 3156 tario
1226 3096 1329 3156 sancti
1359 3094 1474 3158 Jacobi
1500 3097 1635 3172 propter
1662 3096 1883 3172 corruptionem

1111 3193 1200 3254 aeris
1214 3196 1246 3255 et
1256 3193 1480 3254 infirmitatem
1496 3193 1560 3253 luci
1570 3193 1726 3254 babitare
1739 3189 1885 3254 commode

1111 3305 1178 3351 non
1193 3290 1336 3366 possitis,
1351 3290 1526 3350 ecclesiam
1549 3291 1658 3352 sancti
1675 3292 1765 3352 Petri
1781 3289 1887 3350 13113-

1112 3403 1202 3448 sema
1223 3386 1260 3465 (l)
1277 3387 1318 3448 31
1335 3387 1450 3448 Sedem
1474 3388 1700 3464 apostolicam
1721 3383 1886 3448 immediata

1112 3487 1324 3562 spectantem,
1342 3484 1375 3545 et
1395 3484 1563 3545 licentiam
1587 3484 1809 3547 transferendi
1827 3497 1887 3542 mc-

1112 3582 1292 3643 nasterium
1313 3583 1421 3658 ipsum
1443 3580 1483 3642 ad
1499 3581 1592 3642 illam
1606 3581 1705 3643 vobis
1719 3581 1888 3644 misericor-

1112 3679 1197 3740 diter
1209 3679 1622 3755 concederedignaremur.
1638 3681 1711 3742 Nos
1726 3675 1889 3756 igiturqui-

1111 3776 1250 3838 bnsdam
1274 3775 1393 3839 litteris
1417 3775 1524 3837 felicis
1539 3779 1711 3839 memoriae
1729 3771 1888 3839 Alexandri

1112 3891 1205 3952 papae
1225 3875 1478 3950 praedecessoris
1505 3875 1610 3936 nostri
1638 3873 1887 3952 diligenterins-

1112 3973 1227 4049 pectis,
1252 3971 1429 4049 inquibus
1459 3971 1546 4033 idern
1575 3973 1699 4034 asserit
1725 3970 1888 4034 innotuisse

1112 4069 1175 4130 sibi
1186 4085 1244 4146 per
1256 4068 1420 4146 publicum
1429 4069 1701 4142 instrumentum,
1715 4070 1798 4147 quod
1810 4068 1888 4127 bonae

1112 4167 1279 4228 memoriae
1296 4167 1388 4228 Sirus
1397 4167 1669 4243 archiepiscopus
1683 4171 1717 4229 et
1729 4165 1888 4244 capitulum

1111 4269 1252 4327 tanuen.
1267 4281 1287 4325 a
1302 4264 1462 4340 potestate
1475 4281 1534 4324 sua
1543 4263 1718 4340 praefatam
1734 4263 1888 4326 ecclesian

1113 4361 1225 4421 Sancti
1252 4360 1361 4431 Petri,
1388 4376 1461 4420 eam
1489 4359 1530 4420 ab
1551 4361 1641 4420 omni
1661 4364 1742 4438 jure
1766 4363 1888 4423 Jannen.

1112 4458 1261 4518 ecclesia>
1290 4457 1473 4518 absolutam
1502 4458 1535 4518 et
1564 4457 1705 4519 liberam
1735 4457 1887 4518 facientes

1112 4571 1213 4632 quare
1239 4553 1353 4615 volens
1378 4554 1602 4632 inposterum
1631 4557 1737 4632 quieti
1762 4553 1890 4632 ejusdem

1111 4652 1261 4713 ecclesiae
1274 4652 1459 4728 providere,
1478 4653 1707 4728 praescriptam
1722 4652 1890 4713 libertatem

1112 4749 1174 4825 ipsi
1184 4749 1333 4810 ecclesiae
1346 4749 1563 4822 confirmavit,
1581 4750 1733 4811 statuens
1745 4747 1889 4809 utendam

1110 4847 1194 4906 nulli
1207 4847 1359 4907 teneatur
1372 4847 1538 4923 episcopo,
1552 4847 1603 4908 vel
1619 4848 1770 4922 praelato,
1788 4845 1890 4923 prater

1111 4945 1295 5006 Romanum
1321 4944 1525 5016 Pontificem,
1552 4945 1766 5021 respondere,
1787 4959 1823 5004 ac
1843 4951 1891 5016 pet

1111 5041 1173 5102 hoc
1195 5041 1309 5103 habita
1335 5041 1477 5118 pleniori
1500 5043 1628 5109 notitia,
1655 5043 1742 5119 quod
1765 5036 1894 5101 ecclesia·

1110 5139 1225 5200 eadem
1253 5140 1294 5200 ad
1324 5142 1506 5200 Romanam
1533 5140 1717 5199 Ecclesiam
1744 5133 1891 5216 pertineat

1111 5236 1241 5297 nemine
1257 5237 1432 5308 mediante,
1445 5236 1537 5296 illam
1551 5253 1624 5296 cum
1636 5236 1770 5313 juribus
1784 5237 1814 5295 et
1826 5245 1891 5310 per·
1955 5295 1956 5327 r

1110 5335 1259 5396 tinentiis
1274 5335 1343 5395 suis
1358 5334 1466 5406 vobis,
1479 5337 1557 5411 jure
1568 5335 1780 5411 proprietatis
1801 5329 1890 5408 ipsius
1955 5335 1956 5414 t

1112 5433 1188 5492 Sedi
1209 5431 1407 5508 apostolicae
1422 5433 1604 5503 reservate,
1633 5431 1850 5497 concedimus,
1864 5425 1891 5483 et
1955 5419 1956 5466 ³

1109 5529 1330 5591 transferendi
1345 5531 1489 5590 vestrum
1506 5530 1743 5590 monasterium
1758 5527 1796 5589 ad
1813 5539 1891 5586 eam·

1110 5627 1182 5688 dem
1197 5627 1364 5688 licentiam
1389 5627 1610 5702 indulgemus,
1633 5624 1800 5686 universis
1819 5635 1887 5699 pos·

1111 5724 1310 5786 sessionibus
1333 5740 1372 5786 ac
1389 5724 1573 5786 rationibus
1587 5723 1713 5801 praefati
1731 5720 1886 5782 monaste·
