3994 6326
80 339 125 404 129
497 335 553 398 xl.
575 363 616 382 ···
636 330 681 394 IN
699 330 924 394 CATHEDRA
945 331 1094 396 SANCTI
1119 335 1253 400 PETRI.
1640 345 1701 406 130

110 493 849 574 11111111111111111111101111,111111-
903 504 977 559 esse
1004 499 1134 560 Filium
1160 501 1346 564 hominis...
1379 499 1454 564 Non
1480 499 1700 582 interrogavit

80 599 145 678 tiqui
157 597 286 660 funibus
305 597 527 660 metiebantur
545 597 653 658 terras
678 595 713 656 in
738 593 848 671 parti·
902 595 1061 663 Dominus
1074 595 1264 674 discipulos,
1276 598 1313 660 ut
1326 598 1368 660 ab
1381 599 1431 661 ais
1446 600 1571 680 aliquid
1586 602 1701 665 addis-

81 700 159 760 tione.
183 697 344 758 Dominus
372 711 451 772 ergo
477 694 618 772 partitus
645 692 697 755 est
723 695 846 765 terras,
903 695 1002 766 ceret,
1017 693 1075 756 sed
1090 695 1127 757 ut
1140 695 1381 759 contessionem
1392 698 1525 762 illorum
1536 699 1635 778 digne
1649 717 1700 764 re·

82 797 156 866 idest,
170 794 298 856 animas
313 810 387 856 cum
403 793 545 864 diabolo,
560 791 762 854 utvidelicat
777 807 850 853 om·
903 794 1103 856 muneraret.
1119 793 1212 856 Unde
1224 795 1500 859 considerandum
1513 797 1563 860 est
1574 800 1700 876 quanta

81 910 126 956 nes
137 893 249 954 animae
264 892 380 954 fideles
395 893 506 955 esseut
515 890 693 954 hereditas
704 888 846 962 Domini,
902 891 1171 953 remuneratione
1199 891 1318 969 dignus
1351 895 1420 967 est,
1458 895 1511 957 vel
1539 898 1699 973 quantum

81 991 205 1054 infideles
220 991 399 1053 hareditas
422 990 557 1062 diaboli,
574 989 717 1051 humiles
738 991 849 1052 essent
902 988 1142 1066 glorificabitur
1164 991 1221 1068 qui
1242 989 1381 1054 Domino
1396 991 1529 1054 assidue
1543 994 1579 1055 in
1603 995 1697 1070 psal-

81 1089 231 1152 haereditas
257 1089 329 1161 Dei,
354 1089 487 1166 superbi
512 1088 690 1150 haereditas
711 1087 846 1150 diaboli.
903 1086 965 1147 mis
994 1087 1026 1148 et
1059 1086 1265 1149 orationibus
1293 1089 1478 1161 confltetur,
1516 1091 1545 1151 si
1578 1093 1697 1154 Petrus

80 1190 166 1248 Funes
200 1185 395 1250 ceciderunt
423 1187 563 1249 Domino
592 1185 629 1247 in'
656 1186 846 1265 praeclaris,
902 1183 1029 1247 tantum
1044 1183 1199 1246 laudatus
1214 1185 1264 1248 est
1285 1185 1326 1246 de
1341 1201 1407 1248 uua
1420 1186 1637 1250 consessione.
1663 1189 1698 1251 Si

77 1285 144 1347 idest
156 1299 318 1347 mensurae
338 1285 439 1348 sortis
453 1289 526 1362 ejus
540 1285 723 1347 evenerunt
736 1284 771 1346 in
784 1284 849 1345 hu·
902 1282 990 1342 enim
1005 1285 1235 1344 remuneratus
1250 1284 1301 1346 est
1314 1284 1372 1346 ille
1383 1299 1443 1361 pro
1459 1299 1524 1346 una
1538 1285 1609 1348 sola
1623 1301 1701 1348 con·

78 1382 187 1444 milibus
198 1381 386 1444 animabus.
403 1382 553 1444 Humiles
568 1383 677 1446 autam
694 1381 848 1445 dicuntur
902 1378 1057 1452 fassione,
1072 1380 1120 1442 ita
1135 1382 1172 1442 ut
1185 1380 1295 1443 claves
1307 1382 1402 1458 regni
1418 1380 1576 1444 coelorum
1590 1399 1700 1446 mere-

76 1479 234 1556 praeclarae,
259 1478 363 1552 idest,
400 1478 496 1540 valde
522 1479 637 1547 clarae,
666 1479 744 1556 quia
771 1479 848 1542 anta
902 1481 996 1541 retur
1010 1478 1172 1556 accipere,
1188 1479 1292 1541 multo
1306 1480 1413 1556 magis
1428 1480 1525 1544 debet
1542 1497 1699 1544 remune-

76 1576 168 1638 oonlos
182 1577 254 1650 Dei,
272 1577 357 1639 nibil
380 1577 431 1639 ast
447 1577 571 1640 clarius
591 1578 651 1638 aut
670 1576 847 1654 pretiosius
901 1576 972 1638 rari
993 1591 1053 1653 pro
1081 1576 1194 1639 multis
1222 1576 1486 1640 confessionibus
1514 1579 1612 1642 homo
1642 1581 1699 1658 qut

75 1673 251 1746 humihtat0,
269 1675 357 1737 sicut
370 1674 455 1737 nihil
467 1674 598 1753 turpius
611 1674 734 1736 estant
747 1675 848 1736 vilius
902 1675 970 1736 Deo
983 1674 1158 1737 confltetur
1172 1673 1317 1736 assidue.

75 1773 248 1835 elevatione.
265 1773 451 1836 Haereditas
470 1773 602 1836 Domini
621 1773 783 1850 praeclara
798 1774 850 1835 est
942 1774 1049 1840 Quem
1063 1773 1345 1837 dicuntbomines
1357 1787 1431 1838 esse
1447 1778 1576 1848 Filium
1588 1779 1700 1839 bocct-

74 1871 187 1948 ei,quia
212 1871 357 1934 humiles
381 1872 512 1944 anima,
540 1872 691 1949 quamvis
718 1871 786 1933 sint
812 1871 848 1933 in
902 1874 980 1933 nist
1004 1871 1194 1934 Notandum
1212 1874 1274 1944 est,
1291 1873 1377 1950 quod
1402 1873 1544 1949 quatuor
1558 1873 1701 1936 diversi-

75 1967 123 2030 hoc
139 1970 256 2032 mundo
274 1971 449 2048 despecta,
475 1971 585 2032 nmen
606 1985 718 2032 coram
742 1968 848 2032 oculis
902 1969 987 2030 tates
997 1969 1190 2046 opinionum
1202 1969 1345 2032 habebat
1354 1970 1494 2047 populus
1505 1971 1545 2032 de
1555 1971 1697 2034 Christo.

73 2065 184 2128 bonini
195 2068 276 2130 sunt
289 2069 454 2145 pretiosae.
902 2067 968 2129 Alii
983 2067 1137 2130 dicebant
1150 2083 1226 2129 eum
1240 2083 1315 2130 esse
1326 2071 1488 2130 Joaunem
1502 2069 1697 2147 baptistam,

103 2165 242 2228 celestis
269 2167 378 2244 patria
412 2165 535 2230 dicitur
560 2169 728 2241 Gaesarea,
762 2165 849 2229 idest
902 2165 962 2227 alii
985 2167 1129 2229 Eliam...
1155 2165 1247 2239 Quod
1271 2167 1355 2228 siin
1377 2167 1488 2230 verbis
1514 2169 1697 2245 Evangelii,

73 2265 217 2338 possessio
255 2262 433 2342 principis,
463 2265 541 2342 quia
577 2264 671 2327 illam
701 2263 849 2342 possidet
903 2264 970 2326 iota
985 2280 1088 2326 unum
1107 2266 1165 2327 aut
1179 2281 1266 2342 apex
1284 2281 1371 2328 unus
1390 2281 1457 2327 non
1471 2267 1606 2343 ponitur
1625 2267 1700 2329 sino

73 2359 220 2434 Christus,
263 2362 343 2440 qui,
382 2363 468 2425 sicut
502 2362 584 2426 dicit
615 2365 763 2426 ioannes
811 2360 848 2422 in
903 2377 1015 2435 causa,
1032 2362 1188 2424 debemus
1203 2363 1265 2426 ista
1278 2364 1417 2441 mystica
1425 2364 1700 2441 interpretatione

71 2460 251 2538 Apocalypsi
274 2481 282 2520 ε
303 2462 367 2524 Est
395 2464 568 2536 Princeps
589 2475 712 2538 regum
741 2459 849 2523 terrm
903 2459 1078 2534 discutere,
1104 2461 1138 2523 et
1157 2476 1201 2523 ex
1223 2460 1292 2521 illis
1307 2475 1381 2539 quae
1397 2462 1477 2523 tunc
1498 2461 1585 2524 iacta
1608 2463 1697 2536 suut,

74 2553 167 2633 (apoc.
182 2574 204 2631 r,
228 2556 277 2638 5).
298 2562 345 2620 be
368 2575 434 2636 qua
455 2559 650 2622 haereditate
674 2559 744 2622 sive
766 2573 848 2636 pos·
903 2558 981 2636 quid
1004 2557 1040 2620 in
1055 2558 1177 2619 nostris
1191 2557 1395 2636 temporibus
1414 2557 1482 2631 fiat,
1503 2574 1697 2635 agnoscere.

73 2657 198 2718 sessione
221 2656 349 2722 dicitur
368 2657 404 2720 iu
432 2657 583 2736 psalmo:
607 2661 694 2721 cum
715 2659 850 2720 dedant
903 2658 1050 2729 Quatuor
1077 2656 1189 2734 itaque
1216 2655 1257 2718 de
1285 2655 1396 2719 causis
1425 2656 1522 2718 erant
1547 2657 1700 2719 homines

74 2755 183 2816 dilectis
201 2759 280 2819 suis
304 2769 480 2829 mum,
500 2760 572 2820 boec
590 2757 644 2819 est
663 2758 849 2820 haereditas
903 2755 1004 2833 hujus
1017 2755 1187 2833 temporis,
1214 2753 1319 2817 atilli
1342 2769 1473 2816 errores
1498 2755 1576 2817 sunt
1598 2769 1700 2817 causa

74 2853 191 2915 bomini
203 2853 277 2933 (Ps.
295 2855 365 2928 126,
379 2852 427 2934 3).
443 2857 533 2916 Mors
548 2855 671 2919 dicitur
683 2871 847 2927 somnum,
902 2853 1004 2916 totius
1018 2853 1216 2932 iniquitatis.
1227 2852 1294 2914 Alii
1312 2852 1401 2913 enim
1416 2852 1568 2914 homines
1582 2852 1698 2916 dicunt

74 2949 137 3024 unia
158 2952 223 3014 tam
241 2951 343 3015 facile
358 2953 640 3042 suscitabuntura
658 2956 738 3026 Deo,
750 2969 848 3032 quam
903 2951 1078 3014 Dominum
1096 2953 1211 3016 Jesum
1232 2950 1351 3012 durum
1366 2951 1615 3028 praeceptorem,
1640 2950 1700 3012 alii

72 3043 152 3108 lacile
174 3049 276 3112 homo
302 3049 522 3116 suscitatura
548 3066 676 3124 somno,
696 3051 750 3114 vel
774 3050 849 3114 ideo
903 3065 1058 3128 asperum
1081 3049 1239 3128 judicem,
1267 3047 1327 3110 alii
1350 3064 1472 3125 agnum
1495 3048 1619 3121 mitem,
1641 3048 1701 3110 alii

73 3143 133 3218 oua
152 3145 236 3210 sicut
257 3162 379 3225 corpus
396 3149 576 3226 requiescit
598 3149 634 3211 in
649 3165 776 3222 somno,
800 3149 848 3212 ita
903 3164 958 3210 res
981 3148 1144 3210 humanas
1167 3163 1234 3208 non
1257 3147 1440 3209 curantem.
1466 3148 1591 3208 Durum
1618 3163 1702 3225 prae-

71 3240 171 3305 anime
184 3245 384 3308 Sanctorum
397 3247 624 3324 postmortem
636 3247 850 3326 requiescunt
904 3246 1070 3324 captorem
1083 3244 1332 3317 dicuntlesum,
1342 3243 1399 3322 qui
1409 3243 1484 3306 ideo
1495 3243 1612 3306 nolunt
1626 3247 1700 3322 ejus

72 3334 98 3396 in
107 3340 176 3404 lieo.
192 3344 278 3404 cnm
291 3343 395 3421 igitur
405 3344 535 3408 dederit
549 3361 702 3408 somnum
717 3346 849 3409 dilectis
903 3346 1068 3423 praecepta
1095 3358 1241 3416 servare,
1269 3342 1347 3421 quia
1371 3342 1489 3419 putant
1508 3341 1625 3418 gravia
1647 3341 1702 3404 vel

71 3436 136 3510 suis,
155 3439 250 3517 idest,
272 3458 347 3504 cum
367 3441 495 3506 dederit
519 3443 669 3522 requiem
695 3444 849 3507 fidelibus
903 3442 1128 3520 importabilia
1149 3457 1233 3504 asse.
1264 3440 1357 3503 Unde
1371 3440 1487 3503 dicunt
1510 3437 1591 3500 illud
1614 3438 1701 3518 quod

71 3534 136 3608 suis,
148 3539 337 3618 suscipiens
351 3541 501 3618 ipsorum
518 3543 648 3605 animas
664 3546 738 3621 post
758 3559 850 3605 mor-
904 3540 1037 3620 quidam
1052 3539 1207 3618 discipuli
1218 3538 1385 3612 dixerunt,
1397 3535 1529 3615 quando
1539 3553 1559 3598 a
1570 3535 1702 3600 Christo

70 3630 470 3705 tcmhaecesthaereditas
491 3642 635 3714 Domini,
658 3641 756 3712 idest,
774 3657 849 3704 ma·
903 3637 1142 3702 recesserunt:
1164 3641 1284 3700 Damas
1309 3637 1361 3698 cst
1383 3638 1438 3698 lttc
1461 3649 1588 3697 scroto.
1620 3636 1703 3700 (lats

71 3728 169 3796 niimta
183 3739 216 3798 et
228 3753 398 3814 presens,
414 3740 448 3802 et
462 3738 584 3802 donata
596 3739 849 3802 erithaereditas
901 3737 1014 3814 potest
1035 3751 1117 3798 eum
1133 3736 1278 3797 audiret
1305 3734 1439 3806 Quoties
1461 3730 1564 3794 uerba
1587 3731 1647 3793 Dei
1666 3731 1701 3793 in

71 3825 180 3894 homini
206 3836 354 3898 Sanctis.
382 3838 543 3898 Dominus
573 3839 671 3901 iesus
697 3838 849 3900 venitin
904 3835 1053 3898 Ecclesia
1075 3831 1295 3912 praedicamus
1310 3833 1343 3894 et
1357 3830 1540 3892 luxuriosis
1555 3830 1703 3892 homini-

70 3928 161 3998 lflrles
187 3934 354 3997 Caesarea
384 3935 546 4013 Philippi,
569 3936 666 4010 idest,
693 3935 850 3999 Ecclesiae
904 3933 964 3996 bus
991 3935 1107 3996 tenere
1141 3931 1318 3994 suademus
1348 3929 1551 4001 castitatem,
1587 3927 1703 3991 dicunt

71 4029 261 4096 perverbum
282 4033 540 4110 praedicationis,
555 4035 646 4112 quia,
670 4034 757 4098 sicut
770 4034 852 4098 dicit
904 4032 1001 4095 nobis
1024 4053 1032 4094 ε
1055 4034 1134 4095 Non
1150 4044 1335 4106 possumus
1355 4029 1422 4090 tato
1444 4030 1571 4103 facere.
1599 4026 1701 4099 Quasi

70 4121 237 4203 Apostolus,
254 4131 330 4208 ipse
344 4131 395 4194 est
411 4131 467 4210 qni
488 4131 635 4211 loquitur
647 4133 683 4194 in
695 4133 803 4206 nobis,
818 4133 851 4196 ct
905 4133 1055 4194 dicerent
1070 4151 1078 4191 1
1094 4131 1204 4192 Durus
1220 4129 1271 4190 est
1288 4128 1343 4189 hic
1358 4142 1478 4198 sermo,
1499 4125 1574 4203 quis
1597 4125 1704 4202 potest

72 4223 181 4292 qundo
191 4227 333 4290 verbum
344 4231 416 4307 ejus
426 4230 626 4306 praedicatu·
640 4231 676 4292 in
687 4231 849 4304 Ecclesia,
905 4245 980 4292 eum
996 4228 1132 4292 audiret
1159 4227 1319 4288 Similiter
1332 4225 1448 4286 dicunt
1461 4225 1494 4284 et
1507 4223 1565 4284 alii
1583 4222 1702 4284 crimi-

70 4311 126 4390 ipse
138 4323 227 4387 venit
247 4326 288 4386 in
310 4325 422 4403 partes
440 4329 612 4390 Caesareae.
630 4330 725 4391 Hanc
739 4331 852 4391 Casa·
905 4329 992 4401 nosi,
1010 4327 1066 4406 qui
1078 4325 1154 4388 ideo
1168 4325 1282 4388 dicunt
1293 4340 1329 4385 se
1343 4339 1410 4386 non
1425 4337 1522 4400 posse
1536 4321 1703 4399 praecepta

71 4426 145 4478 liam
168 4421 267 4487 debet
296 4425 463 4488 aedidcare
483 4426 672 4505 Philippus,
689 4429 776 4505 qurod
791 4429 850 4489 in·
906 4428 965 4489 Dei
979 4441 1126 4498 servare,
1143 4423 1220 4502 quia
1240 4439 1306 4484 non
1325 4421 1393 4482 illis
1413 4419 1489 4483 data
1505 4420 1555 4481 ost
1569 4419 1700 4496 gratia:

72 4511 254 4590 terpretatur
277 4537 315 4584 os
339 4523 513 4601 lampadis,
535 4524 621 4588 idest
634 4524 849 4598 luminosum,
906 4523 964 4586 sed
988 4521 1217 4600 proculdubio
1239 4519 1324 4581 nihil
1343 4518 1434 4580 aliud
1454 4518 1515 4590 est,
1540 4517 1605 4578 nisi
1624 4515 1703 4594 quia

73 4607 140 4674 idest
156 4617 285 4682 lumine
306 4636 484 4684 accensum
503 4637 562 4699 per
575 4622 713 4684 uerbum
726 4624 852 4688 doctm-
906 4622 1023 4684 nolunt
1036 4619 1185 4697 recipere
1199 4617 1352 4695 gratiam,
1373 4631 1473 4694 quam
1488 4613 1623 4693 possent
1641 4614 1706 4674 ha-

72 4714 289 4780 hasalutaris.
906 4720 984 4783 bere
1005 4719 1209 4797 perpetuam.
1232 4716 1290 4778 Isti
1309 4715 1429 4777 vocant
1450 4713 1625 4774 Dominum
1646 4713 1705 4774 Jo-

102 4809 172 4874 ltem
193 4817 468 4882 bomiuusJesus
482 4821 575 4884 venit
594 4821 630 4882 in
653 4823 764 4899 partes
779 4822 854 4884 Cae·-
907 4836 979 4882 sum
998 4820 1162 4881 Joannem
1184 4814 1379 4898 baptistam,
1398 4811 1494 4883 idest,
1511 4809 1603 4871 durae
1623 4825 1706 4871 con-

74 4917 158 4970 strata
182 4914 351 4993 Philippi,
381 4918 514 4995 quando
540 4935 599 4996 per
623 4920 754 4982 radium
783 4935 852 4982 suae
907 4914 1106 4979 versationis
1128 4913 1161 4976 et
1184 4909 1427 4990 preceptionis.
1450 4909 1536 4972 Nam
1558 4909 1706 4970 ioannes

74 4997 310 5074 illuminationis
331 5014 501 5080 illuminat
525 5019 668 5081 mentem
694 5017 851 5090 hominis,
908 5014 1055 5094 Baptista
1082 5027 1144 5074 nec
1166 5011 1239 5073 cibo
1267 5007 1437 5070 hominmn
1464 5023 1526 5068 nec
1557 5004 1706 5068 vestibus

74 5103 152 5179 atque
175 5113 381 5189 compungit
408 5114 503 5177 Unde
524 5115 561 5178 in
584 5116 793 5193 Evangelio:
816 5119 854 5179 si
908 5113 1072 5185 utebatur,
1097 5109 1155 5172 sad
1178 5109 1306 5171 tantum
1330 5106 1486 5177 locustas,
1503 5105 1537 5166 et
1557 5104 1621 5166 mel
1646 5103 1708 5164 sil-

75 5203 251 5286 mouson
265 5226 334 5284 mc,
348 5227 548 5276 sermonem
558 5229 676 5277 mcum
688 5215 851 5288 servabit,
908 5211 1018 5274 vestre
1038 5207 1158 5272 edebat
1179 5207 1237 5270 zet
1255 5205 1332 5285 pilis
1358 5203 1561 5266 camelorum
1584 5199 1709 5263 vestie-

76 5291 853 5392 θῑΡαίθνηθεαθαὶιῐοθιθαηι...(1011111123).
908 5310 1017 5383 batur,
1045 5307 1078 5370 et
1104 5307 1180 5369 ideo
1206 5304 1297 5368 recte
1329 5319 1389 5381 per
1416 5317 1491 5364 eum
1520 5300 1603 5361 dura
1627 5313 1710 5360 con-

77 5391 139 5458 lum
148 5402 414 5470 uommusJesus
423 5410 561 5472 venitin
570 5411 682 5488 partes
693 5411 855 5474 caesareae
909 5407 1072 5478 versatio,
1103 5405 1254 5485 duraque
1290 5399 1467 5479 praeceptio
1501 5397 1706 5474 designatur.

78 5491 210 5578 Philippi,
237 5505 373 5582 ornando
396 5507 586 5570 videntibus
613 5509 781 5586 Apostolis
806 5511 858 5572 est
910 5511 1072 5584 Asperum
1089 5503 1236 5581 judicem
1258 5498 1373 5561 dicunt
1392 5499 1523 5568 lesum,
1550 5496 1606 5574 qul
1633 5493 1709 5556 ideo

78 5587 205 5661 elevatus
228 5602 265 5664 iu
289 5604 421 5666 coelum.
449 5607 488 5667 Et
507 5607 727 5685 interrogavit
750 5607 856 5670 disci·
911 5604 1089 5680 desperant
1102 5601 1143 5663 de
1160 5601 1371 5679 peccatorum
1384 5611 1519 5658 suorum
1542 5594 1711 5670 maguitu-

81 5690 154 5760 lulos
175 5713 253 5761 suos
277 5701 393 5764 dicens
413 5725 421 5764 :
438 5705 546 5772 Quaem
563 5707 682 5770 dicunt
701 5710 858 5771 homines
912 5699 1000 5775 dine,
1012 5702 1068 5780 qui
1082 5701 1198 5778 putant
1209 5701 1311 5759 heum
1321 5697 1449 5757 tantum
1460 5691 1708 5753 misericordem

197 5836 317 5882 almon.
331 5839 404 5884 rous
417 5827 453 5885 ll.
1485 5813 1537 5870 ὅθ·
