3982 6302
142 353 190 414 ibt
316 353 489 412 XXX1.-·
503 353 549 414 IN
570 351 699 416 FESTO
721 350 1028 416 CONFESSORUM
1051 351 1295 414 SUMMORUM
1317 349 1587 412 PONTIFICUM.
1715 351 1776 412 362

142 511 194 584 est,
210 509 266 574 cul
280 509 391 574 clares
403 509 559 576 neolosiae
572 512 830 584 committuntur,
848 512 925 589 quia
979 511 1131 573 vitasine
1146 511 1261 584 morte,
1279 509 1350 572 dies
1376 510 1449 572 sine
1462 509 1570 583 nocte,
1583 509 1677 572 certe
1701 509 1774 570 elne

141 612 199 672 tam
213 625 274 687 pro
288 625 325 670 se
340 625 439 687 quam
460 627 521 688 pro
535 611 655 688 populo
670 611 811 686 vigilare
828 611 925 672 teue-
980 609 1080 682 sorte,
1098 607 1154 670 ubi
1169 608 1233 669 erit
1243 607 1405 670 securitas
1417 608 1489 669 sine
1504 608 1633 678 timore,
1651 610 1778 684 jucun-

141 710 185 770 tur
200 708 275 768 :cui
295 707 447 770 dicitura
462 709 601 770 Domino
623 724 681 786 per
702 708 923 787 prophetam:
980 705 1068 766 ditas
1080 706 1152 766 sine
1165 705 1290 778 dolore,
1310 705 1534 783 tranquillitas
1554 707 1626 766 sine
1649 704 1774 766 labore.

139 809 171 868 Si
190 821 259 868 tion
281 807 547 869 annuntiaveris
576 811 691 882 iniquo
708 807 927 882 iiiipnttctem
982 802 1044 865 Ubi
1058 803 1123 864 erit
1134 801 1345 880 pulchritudo
1361 803 1434 865 sine
1458 802 1676 875 deformitate,
1703 802 1776 864 for-

137 908 457 980 ammonentem
469 908 545 976 ejus
557 908 599 966 de
613 919 720 966 mann
733 906 793 968 tua
803 907 925 980 repui—
944 945 945 950 κ
980 901 1086 963 titudo
1097 901 1170 962 siue
1185 900 1366 973 debilitate,
1381 901 1543 964 rectitudo
1558 901 1631 962 sine
1641 916 1778 978 perver-

139 1016 208 1062 rom
218 999 351 1080 (Erech.
367 1017 418 1074 ru,
435 1000 499 1081 18).
980 999 1089 1072 ritate,
1106 997 1161 1059 uhi
1176 999 1240 1060 erit
1253 998 1385 1060 bonitas
1410 999 1482 1061 sine
1497 999 1636 1071 malitia,
1654 999 1777 1062 veritas

172 1099 338 1162 Pastores
347 1103 441 1160 enim
453 1099 688 1162 nntodiebant
702 1102 839 1177 ninutas
851 1113 927 1161 noc·
980 1096 1053 1158 siue
1088 1095 1238 1169 fallacia,
1268 1095 1412 1159 felicitas
1438 1097 1511 1158 sine
1536 1097 1684 1158 miseria.
1715 1096 1778 1158 Ubi

139 1197 297 1272 insuper
315 1211 460 1273 propone
476 1213 580 1259 snum
597 1195 745 1277 (Lucu,
765 1193 812 1276 8).
832 1196 927 1274 Vigi-
980 1193 1044 1255 erit
1067 1193 1224 1270 gaudium
1252 1194 1338 1271 quod
1365 1209 1428 1256 uec
1456 1194 1571 1256 oculus
1596 1193 1689 1265 vidit,
1717 1209 1778 1254 nec

137 1293 195 1355 lats
206 1309 297 1369 ergo,
308 1294 385 1371 quia
400 1294 489 1356 beati
502 1295 579 1357 sunt
590 1295 841 1374 serviilli,quos
851 1311 926 1357 oum
980 1291 1073 1352 auris
1087 1291 1224 1364 audivit,
1242 1307 1303 1355 uec
1326 1291 1362 1352 in
1385 1307 1445 1354 cor
1456 1290 1601 1354 hominis
1615 1291 1775 1353 ascendit.

137 1391 260 1454 venerit
282 1391 442 1454 Dominus
468 1392 634 1455 invenerit
658 1393 845 1469 vigilantes.
858 1394 926 1454 Has
1019 1389 1153 1451 Debetis
1166 1389 1267 1452 etiam
1291 1405 1350 1467 per
1373 1390 1558 1453 custodiam
1570 1389 1673 1451 vestri
1686 1389 1777 1465 vigi-
1853 1403 1856 1418 ·

137 1493 273 1566 quatuor
286 1489 420 1566 vigilias
431 1490 599 1553 custodire
611 1489 731 1553 debent
744 1490 872 1568 praelati
884 1505 926 1551 ne
980 1486 1061 1548 lare.
1088 1489 1191 1560 Quam
1215 1488 1397 1550 custodiam
1424 1487 1601 1557 habebitis,
1618 1487 1647 1549 si
1675 1487 1779 1548 sobrii

137 1587 167 1648 iu
179 1601 280 1664 grege
301 1587 477 1650 commisso
490 1587 564 1661 sibi,
583 1604 626 1650 no
644 1589 751 1666 pueri,
771 1591 923 1666 juvenes,
980 1583 1121 1648 fueritis.
1139 1585 1232 1648 Unde
1240 1585 1358 1648 Petrus
1373 1587 1503 1649 :sobrii
1517 1586 1625 1648 estote
1638 1586 1674 1647 et
1689 1589 1780 1663 vipi-

136 1700 240 1756 senes,
256 1684 416 1761 decrepiti
430 1687 533 1746 Deum
551 1685 729 1748 offendant.
749 1688 827 1758 Quae
843 1702 928 1763 qua·
980 1683 1048 1744 tate
1060 1687 1097 1744 in
1109 1685 1357 1746 orationibus...
1376 1682 1405 1763 (1
1416 1684 1486 1746 Pet.
1500 1701 1531 1756 v,
1546 1681 1579 1763 8)
1595 1707 1603 1760 ;
1622 1698 1681 1760 per
1695 1684 1775 1746 rin-

134 1783 203 1844 tuor
225 1782 300 1844 ideo
326 1782 586 1860 distinguuntur,
604 1786 641 1845 ut
661 1784 690 1844 si
703 1784 777 1862 quis
795 1784 924 1846 dormi-
980 1778 1103 1842 dictam
1117 1781 1311 1858 castigando
1326 1797 1446 1859 corpus
1465 1783 1624 1851 vestrum,
1637 1780 1724 1844 unde
1739 1781 1776 1842 in

133 1879 252 1941 taverit
267 1879 303 1942 iu
326 1880 444 1957 prima
465 1880 581 1956 vigilet
599 1881 634 1942 in
654 1881 821 1956 secunda;
839 1881 868 1942 si
890 1882 925 1943 in
982 1878 1235 1941 Ecclesiastico:
1258 1883 1378 1956 ripun
1392 1880 1581 1944 honestetis
1596 1881 1777 1954 tabefaciet

134 1977 286 2050 secunda,
302 1969 418 2054 vigilet
432 1978 467 2040 in
481 1979 592 2051 tertia,
606 1979 640 2041 et
651 1978 741 2040 dicat
752 2001 760 2038 ι
772 1979 925 2040 ‹Delicta
979 1991 1114 2049 carnes,
1131 1977 1164 2038 ei
1180 1978 1348 2054 copitotns
1363 1981 1453 2040 titius
1468 1978 1603 2052 animet
1617 1993 1779 2040 somnum

129 2076 326 2150 juventutis,
349 2076 403 2138 vel
432 2077 627 2149 senectutis,
657 2076 691 2138 et
717 2077 925 2153 ignorantias
981 2070 1266 2152 (limitarunt).
1292 2059 1386 2134 Nihil
1409 2073 1582 2136 honestius
1602 2075 1653 2135 est
1678 2089 1777 2152 quam

132 2188 216 2234 meas
233 2187 276 2233 ne
289 2173 490 2246 memineris
505 2175 655 2236 Domine.
672 2191 692 2235 ι
708 2174 744 2236 Si
757 2174 793 2235 in
807 2176 926 2253 quarta
980 2184 1114 2233 carnem
1125 2172 1301 2247 castigare.
1318 2175 1384 2233 Per
1404 2173 1516 2233 carnis
1526 2171 1778 2246 castigationem

130 2269 214 2331 dicat
220 2285 260 2332 se
271 2270 539 2348 quatriduanum,
547 2273 656 2350 etjam
665 2272 792 2335 foetere.
800 2271 926 2334 Debent
980 2270 1150 2331 evanescit
1161 2270 1292 2332 vanitas
1305 2269 1430 2331 mundi.
1442 2271 1482 2332 nt
1495 2271 1544 2331 sic
1557 2272 1646 2330 Deus
1660 2268 1778 2344 vigilat

130 2369 225 2429 etiam
260 2368 389 2444 praelati
414 2369 557 2446 vigilare
585 2385 645 2447 per
669 2369 861 2442 vindictam,
891 2371 926 2432 ut
979 2365 1086 2427 tribus
1103 2367 1222 2438 modis,
1239 2368 1272 2428 et
1286 2366 1384 2428 homo
1397 2367 1502 2428 tribus
1517 2366 1635 2428 modis.
1649 2366 1776 2442 Vigilat

128 2465 298 2527 vindicent
311 2482 371 2543 per
382 2466 545 2544 justitiam
559 2467 679 2530 delicta
694 2467 729 2528 in
744 2483 779 2530 se
795 2468 828 2530 et
841 2467 924 2528 sub-
979 2463 1118 2540 angelus
1138 2463 1265 2526 duobus
1295 2463 1402 2525 modis
1428 2463 1651 2525 ministerium
1677 2479 1775 2524 suum

130 2561 202 2624 ditis
215 2585 224 2638 ς
250 2563 329 2640 quia
343 2565 380 2625 ut
393 2564 442 2626 ait
455 2565 632 2628 Psalmista
649 2587 656 2626 :
678 2566 799 2627 insius
812 2568 926 2627 Domi·
979 2559 1309 2637 exsequendo,etnos
1317 2559 1551 2624 contrahostes
1557 2559 1774 2623 defendendo.

129 2675 203 2733 ntis,
216 2661 402 2733 justitiam
415 2663 574 2724 dilecti...
589 2662 658 2742 (Ps.
675 2664 725 2735 ιο,
741 2661 788 2742 8.)
804 2662 924 2724 Melius
978 2657 1104 2734 Vigilat
1125 2659 1236 2720 autem
1270 2659 1411 2735 angelus
1439 2659 1472 2719 et
1503 2673 1599 2720 suum
1626 2657 1775 2720 officium

128 2756 212 2818 euim
240 2757 299 2819 hic
326 2759 445 2836 punire
471 2775 569 2836 quam
595 2759 742 2821 futurum
761 2759 924 2837 judicium
979 2756 1184 2833 exsequitur,
1194 2756 1231 2817 ut
1240 2756 1281 2817 ad
1292 2771 1352 2818 uos
1363 2755 1541 2818 descendat
1551 2756 1583 2817 et
1591 2755 1778 2833 dispositio-

128 2855 666 2933 expectar03quia,utpau1usait
680 2861 925 2920 :Hennensium
979 2869 1055 2914 nem
1068 2853 1215 2916 divinam
1230 2853 1326 2915 nobis
1345 2855 1512 2930 suggerat.
1539 2853 1633 2916 Unde
1659 2853 1777 2915 Daniel

126 2951 189 3031 esf,
211 2956 370 3015 tundere
390 2957 428 3015 in
445 2969 571 3016 matius
602 2958 742 3017 Domini
773 2955 925 3017 viventis
979 2951 1082 3012 aitde
1097 2951 1335 3028 engelmann
1349 2952 1680 3028 ennetsanctusee
1694 2956 1777 3014 coeio

126 3047 237 3126 (Hebr.
260 3067 295 3124 x,
322 3050 387 3132 31).
404 3053 472 3114 Vos
498 3053 597 3114 etiam
622 3052 756 3121 subditi,
781 3052 924 3130 vigilare
978 3049 1778 3130 mscendtitbanav,10).Vigilatetiamauge-

13 3217 15 3236 Ι
125 3146 254 3210 debetis
270 3163 330 3225 per
344 3149 608 3212 misericordiam
617 3149 779 3228 proximis
793 3151 924 3228 impen-
979 3147 1043 3219 lue,
1067 3149 1100 3209 et
1127 3163 1188 3209 nos
1213 3148 1328 3209 contra
1354 3146 1468 3210 hostes
1494 3147 1652 3209 defendit.
1683 3147 1776 3209 Unde

124 3243 280 3319 dandam,
298 3246 388 3323 quia,
404 3247 440 3308 ut
452 3247 573 3309 dicitur
586 3248 622 3308 in
646 3247 791 3324 Epistola
817 3263 924 3310 cano·
977 3241 1057 3322 quia
1069 3260 1130 3306 nos
1140 3243 1296 3317 defendit,
1308 3244 1444 3306 etuobis
1454 3245 1672 3322 principatur,
1685 3245 1777 3322 prin·

121 3343 194 3404 nica
217 3365 225 3404 ε
254 3361 277 3404 e
297 3344 360 3416 Qui
387 3343 542 3407 habuerit
573 3343 790 3407 substantiam
825 3345 924 3424 hujus
978 3358 1056 3420 ceps
1082 3344 1196 3405 noster
1212 3342 1345 3405 dicitur.
1361 3344 1455 3406 Unde
1470 3345 1505 3404 in
1517 3342 1657 3406 Daniele
1674 3347 1773 3405 :An-

122 3455 139 3498 ‹
158 3441 293 3514 mundi,
308 3442 341 3504 et
354 3441 475 3504 viderit
489 3441 625 3505 fratrem
638 3459 734 3504 suum
746 3443 925 3504 necessita·
977 3446 1073 3518 peius
1096 3444 1159 3503 suo
1183 3444 1316 3504 visione
1338 3445 1488 3504 bominis
1501 3443 1553 3503 nit
1565 3459 1577 3502 .·
1588 3445 1699 3505 Nemo
1720 3442 1774 3503 est

120 3539 225 3600 «tem
250 3538 391 3612 habere,
412 3539 446 3601 et
466 3540 625 3603 clauserit
646 3540 777 3602 viscera
796 3557 857 3602 sua
882 3540 924 3602 ab
978 3539 1240 3611 adjutormens,
1268 3541 1337 3601 nisi
1355 3542 1511 3611 Miobnet,
1522 3543 1777 3614 princepsves-

120 3652 138 3695 ‹
157 3651 208 3710 eo,
223 3637 396 3715 quomodo
415 3638 561 3700 charitas
576 3638 636 3700 Dei
652 3639 764 3701 manet
782 3639 818 3700 in
840 3653 879 3700 eo
892 3655 922 3699 n.
979 3637 1035 3698 ter
1049 3634 1147 3715 (Dan.
1163 3653 1197 3708 x,
1212 3634 1278 3716 21).
1294 3637 1448 3712 Pugnant
1460 3637 1562 3700 etiam
1573 3637 1685 3714 augeli
1696 3635 1775 3697 boni

120 3731 263 3811 (lloan.
287 3751 338 3808 ru,
359 3733 424 3815 17.)
451 3736 552 3808 Quasi
579 3735 693 3798 dicat:
709 3753 776 3798 uon
800 3737 921 3798 manet.
978 3733 1094 3795 contra
1123 3734 1239 3806 malos,
1265 3734 1343 3811 quia
1378 3733 1518 3811 quilibet
1551 3734 1649 3795 homo
1676 3733 1776 3796 babet

119 3829 238 3894 Nonne
255 3834 332 3910 ipse
347 3833 427 3895 dicit
436 3834 471 3894 in
481 3834 662 3910 Evangelio
677 3857 684 3894 :
699 3837 865 3901 Quodnni
877 3849 924 3895 en
979 3846 1081 3892 unum
1093 3831 1249 3907 angelum
1259 3830 1300 3892 ad
1314 3846 1408 3892 suam
1428 3830 1665 3904 defensionem,
1677 3831 1711 3893 et
1722 3831 1776 3892 al-

116 3932 282 3993 minimis
292 3934 381 3992 neeis
394 3931 536 4004 fecistis,
549 3935 636 3994 mini
644 3932 775 4006 fecistis
790 3930 920 4010 (Matth.
977 3928 1085 3988 terum
1111 3928 1152 3989 ad
1179 3943 1273 3990 suam
1296 3928 1568 4004 impugationem.
1584 3929 1665 3988 Cum
1694 3944 1774 4004 ergo

117 4039 194 4099 xxv,
209 4027 285 4106 40).
313 4027 526 4105 Nonne-ipse
554 4029 658 4090 multa
682 4029 841 4091 sustinuit
864 4045 923 4107 pro
977 4024 1143 4103 tamquam
1156 4026 1242 4102 pigri
1251 4025 1477 4098 dormitemus,
1486 4041 1641 4102 rogemus
1656 4029 1772 4100 Deum,

115 4123 223 4198 robis,
240 4127 281 4187 et
295 4125 451 4187 vosuihil
466 4125 569 4187 rulth
591 4127 756 4188 sustinere
780 4142 840 4205 pro
865 4127 924 4189 eol
978 4139 1132 4199 rogemus
1153 4122 1302 4200 angelos,
1324 4124 1360 4187 ut
1378 4124 1443 4201 ipsi
1466 4123 1607 4200 vigilare
1633 4141 1694 4186 nos
1717 4124 1773 4186 fa-

116 4221 243 4296 Noli,o
268 4223 383 4296 homo,
407 4223 525 4285 timere
551 4223 669 4301 frigus,
684 4225 717 4286 et
741 4225 924 4286 nuditatem
978 4221 1078 4294 ciant,
1100 4222 1179 4300 quia
1201 4221 1331 4298 angelis
1353 4222 1423 4283 suis
1441 4225 1529 4285 Deus
1547 4223 1717 4286 mandavit
1734 4223 1774 4286 de

116 4322 292 4383 sustinere
304 4336 365 4398 pro
376 4319 686 4400 Christo,quoniam
703 4323 844 4384 mortale
861 4321 923 4384 hoc
977 4320 1085 4394 nobis,
1100 4320 1129 4382 si
1151 4335 1211 4397 per
1224 4337 1284 4382 nos
1299 4336 1367 4382 non
1380 4321 1518 4393 steterit,
1536 4322 1572 4384 ut
1586 4321 1775 4384 custodiant

115 4415 232 4481 induet
256 4419 559 4482 immortalitatem.
577 4420 656 4482 Noli
682 4421 785 4482 etiam
805 4421 923 4483 timere
978 4433 1039 4478 uos
1059 4418 1094 4479 in
1110 4404 1264 4480 omnibus
1283 4418 1348 4480 viis
1368 4419 1502 4481 nostris.
1517 4419 1642 4495 Vigilat
1658 4419 1775 4481 diabo-

114 4530 171 4590 pro
186 4517 332 4579 Christo
345 4517 510 4580 sustinere
522 4517 642 4580 famem
658 4518 716 4580 aut
728 4518 831 4592 sitim,
845 4518 923 4596 quia
977 4514 1030 4575 lus
1045 4531 1106 4592 per
1129 4532 1165 4578 se
1180 4516 1213 4578 et
1233 4516 1381 4577 membra
1406 4533 1466 4578 sua
1484 4516 1527 4578 ad
1543 4516 1772 4593 decipiendum

115 4625 188 4674 eum
220 4614 405 4677 manneus
433 4615 647 4688 ministrabit,
672 4614 924 4678 inaestimabiles
978 4616 1012 4676 et
1032 4613 1217 4676 nocendum
1242 4613 1347 4676 nobis.
1372 4613 1465 4675 Unde
1484 4615 1532 4676 ait
1551 4616 1669 4677 Petrus
1685 4637 1693 4676 :
1709 4619 1774 4677 So·

114 4709 256 4774 delicias
271 4712 347 4774 suis
362 4712 515 4773 fidelibus
528 4711 708 4786 exhibebit,
718 4729 792 4790 quae
800 4715 923 4791 quanto
956 4787 959 4796 y
978 4715 1045 4774 brit
1067 4713 1175 4774 estote
1201 4713 1235 4773 ei
1252 4712 1390 4788 vipiicte
1402 4715 1439 4773 in
1454 4712 1676 4785 orationibus,
1691 4716 1773 4787 pitto

114 4810 262 4888 amplius
290 4809 524 4887 gustabuntur,
550 4810 643 4873 tanto
670 4811 801 4872 avidius
816 4826 922 4889 appe·
957 4812 1203 4872 cinomannis
1226 4809 1342 4871 vester
1355 4811 1507 4871 dwbolns
1527 4811 1662 4882 circuit,
1677 4825 1773 4885 pnn-

113 4907 241 4982 tentur,
257 4923 304 4970 eo
318 4907 404 4986 quod
417 4904 640 4984 gustataenon
654 4907 814 4985 ingerunt
822 4907 921 4971 fasti·
978 4921 1060 4968 rens
1074 4922 1175 4980 onem
1189 4907 1341 4980 decoret,
1361 4909 1417 4968 cut
1439 4907 1591 4970 resistite
1612 4911 1722 4983 fortes
1736 4913 1773 4972 in

114 5003 213 5081 dium,
233 5005 302 5070 sed
318 4975 676 5083 pariuntdesiderium.
977 5006 1043 5078 tide
1068 5005 1097 5083 (I
1128 5005 1198 5066 Pet.
1225 5021 1257 5077 v,
1285 5002 1330 5083 8).
1363 5004 1403 5066 nt
1423 5003 1544 5067 beatus
1564 5008 1771 5084 Gregorius:

149 5104 249 5166 Nihil
297 5103 429 5164 dulcius
466 5119 565 5181 quam
587 5119 788 5180 cognoscere
818 5106 923 5166 Deum
977 5103 1137 5164 «Nullus
1151 5103 1187 5162 in
1202 5102 1265 5164 hac
1276 5101 1346 5164 vita
1352 5103 1519 5179 iustorum
1531 5105 1633 5178 venit,
1642 5106 1699 5184 qui
1707 5123 1774 5170 non

114 5198 224 5262 sirum
246 5203 287 5264 et
312 5216 439 5264 rerum.
463 5201 556 5263 Nihil
578 5201 809 5264 delectabilius
824 5217 922 5280 quam
977 5200 1224 5278 antiquihostis
1240 5200 1382 5262 insidias
1402 5203 1621 5278 personant.»
1645 5207 1685 5266 Di
1699 5205 1776 5268 ideo

115 5295 254 5361 laudare
284 5301 393 5359 Deum
419 5298 608 5362 Creatorem
635 5301 668 5361 et
703 5300 920 5362 salvatorem.
977 5314 1185 5376 summopere
1195 5299 1338 5376 vigilare
1351 5299 1508 5362 debemus
1523 5317 1564 5362 ne
1577 5317 1652 5362 oum
1666 5319 1706 5364 eo
1717 5306 1776 5369 aut

116 5394 257 5474 Propter
271 5397 342 5457 hoc
360 5395 535 5458 ineffabile
544 5397 672 5460 bonurn
682 5397 764 5460 dicit
776 5400 921 5475 Aposto-
977 5396 1197 5474 complicibus
1227 5399 1300 5476 ejus
1335 5397 1538 5460 consortium
1571 5398 1773 5475 habeamus,

116 5490 183 5554 lus:
199 5498 289 5557 Non
320 5495 402 5555 suni
424 5498 602 5572 condiente
618 5500 798 5571 passiones
821 5501 923 5570 biens
977 5496 1055 5572 quia
1069 5495 1130 5556 alii
1144 5495 1202 5574 qui
1226 5496 1304 5557 sunt
1323 5495 1470 5557 membra
1489 5495 1613 5559 diaboli
1627 5497 1723 5560 honis
1738 5515 1775 5561 se

117 5589 288 5668 temporis
304 5595 351 5652 od
369 5593 527 5666 litteram
541 5597 689 5670 pieriam
703 5599 923 5668 enterocela-
977 5593 1155 5666 associant,
1172 5594 1209 5656 ut
1227 5610 1284 5657 eos
1299 5608 1439 5672 peccare
1453 5593 1578 5656 faciant
1592 5596 1659 5658 eta
1683 5597 1775 5660 recta

118 5688 207 5750 bitin
233 5695 277 5752 in
301 5693 399 5752 notis
416 5689 526 5770 (Rom.
555 5707 627 5763 rur,
644 5690 708 5772 18),
726 5692 838 5772 inqua
860 5692 923 5756 erit
977 5693 1032 5756 ria
1044 5693 1268 5772 supplantent.
1285 5691 1379 5756 Unde
1393 5694 1429 5756 in
1447 5692 1638 5756 Proverbiis
1653 5694 1777 5758 dicitur
