3960 6304
290 335 310 392 7
907 330 1082 394 HONORII
1104 330 1149 394 111
1170 331 1318 393 OPERA.
1871 331 1885 388 8
1955 377 1956 380 η

293 493 422 571 sumpto
446 494 632 572 injunctum
654 494 715 555 tibi
738 491 915 569 legationis
941 489 1087 556 osticium

292 591 488 654 auctoritate
502 595 617 653 nostra
632 592 718 653 sicut
730 588 870 668 coepisti.

331 689 556 752 Laudabiliter
575 689 802 768 prosequaris,
826 688 1037 749 carissimum
1051 687 1087 748 in

294 787 423 848 Christo
438 787 543 848 fllium
565 788 714 850 nostrum
738 786 936 858 iohannem,
961 786 1088 862 Anglo-

293 900 368 946 rum
388 899 512 960 regem,
529 884 694 946 illustrem
709 884 986 960 crusesignatum,
1009 899 1089 946 vas-

293 981 413 1043 sallum
428 985 588 1056 nostrum,
602 983 747 1060 exparte
758 983 871 1044 nostra
883 981 1085 1054 confortans,

291 1094 334 1141 ne
348 1081 455 1158 ipsius
471 1081 603 1142 animus
616 1083 861 1152 consternatur,
878 1081 957 1157 quia
972 1079 1087 1156 potens

292 1179 343 1240 est
357 1179 527 1252 Dominus
545 1180 601 1257 qui
617 1178 758 1240 humilia
772 1177 918 1254 respicit,
938 1180 971 1240 et
985 1177 1052 1239 alta
1068 1193 1087 1240 a

292 1277 391 1352 longe
406 1277 585 1353 cognoscit,
603 1277 780 1338 humiliare
798 1275 958 1353 superbos
972 1278 1005 1337 et
1019 1275 1087 1336 hu-

293 1375 389 1436 miles
416 1375 577 1446 exaltare,
606 1391 645 1437 ac
675 1375 873 1452 apostolicae
900 1373 995 1435 Sedis
1020 1387 1087 1434 non

293 1471 485 1534 destituitur
513 1473 640 1534 auxilio
667 1473 703 1533 in
736 1473 895 1550 quantum
927 1470 1088 1533 Dominus

1142 493 1261 554 Datum
1276 493 1496 566 Perusii,Vlll
1511 491 1677 556 Kalendas
1690 488 1820 566 Augusti,
1830 502 1887 566 pon·

1144 591 1285 654 tiilcatus
1301 591 1408 654 nostri
1422 605 1512 653 anuo
1526 590 1643 669 primo.

1509 812 1566 900 VI

1141 1013 1194 1072 Ad
1215 1011 1405 1072 Ostiensem
1425 1009 1458 1070 et
1480 1007 1726 1069 prenestinam
1747 1005 1892 1078 episcopos.
1953 967 1954 996 ³

1222 1229 1237 1260 ι
1438 1141 1474 1199 aa
1485 1139 1536 1213 jn.
1555 1139 1634 1196 islo.

1143 1285 1331 1350 [Forschuogen
1343 1285 1381 1343 Z.,
1394 1283 1537 1335 Dentsclreu
1555 1277 1711 1337 Gescbichts,
1726 1284 1745 1328 t.
1759 1278 1808 1336 XV,
1818 1291 1838 1340 p.
1847 1275 1894 1336 iit}

1320 1426 1530 1484 Promotionem
1544 1437 1627 1482 suam
1639 1421 1756 1481 itnimat.

291 1569 482 1645 permiserit
491 1571 523 1632 et
535 1570 779 1632 suisvidebitur
788 1569 1089 1646 utilitatibusexpe-
1183 1599 1363 1677 Postquam
1384 1597 1444 1658 Dei
1459 1597 1491 1657 et
1510 1594 1681 1656 hominum
1702 1589 1845 1652 mediator
1861 1585 1898 1646 fe.
1961 1575 1962 1578 ’

292 1665 373 1730 ἀίω·
392 1669 510 1730 Datum
525 1668 668 1730 perusa
1145 1698 1218 1759 licis
1233 1692 1645 1758 memoriaelnnocentium
1661 1687 1837 1766 episcopum
1851 1685 1900 1745 ter·
1961 1681 1962 1756 Ῑ

1143 1797 1226 1859 tium
1250 1810 1292 1858 ex
1317 1790 1524 1855 boemundo
1550 1789 1591 1850 ad
1616 1787 1779 1850 coelestem
1792 1783 1900 1861 patriam
1961 1852 1962 1856 Ἰ

674 1918 710 2005 v
1144 1891 1305 1964 evoca'vit,
1319 1889 1546 1953 convenerunt
1567 1884 1718 1947 universi
1738 1880 1900 1950 cardinales,
1961 1887 1962 1890 ’

1145 1992 1180 2054 ut
1192 1993 1232 2054 de
1247 1987 1474 2052 substituendo
1497 1987 1630 2064 pastore
1648 1979 1829 2044 tractarent.
1845 1979 1901 2038 Can
1961 2065 1962 2068 Ἴ

1144 2090 1255 2151 autem
1278 2083 1524 2148 venerabilibus
1550 2080 1710 2144 iratribus
1730 2077 1840 2141 nostris
1856 2077 1902 2136 Os·
1960 2081 1962 2148 j

1143 2185 1240 2249 tiensi
1250 2185 1282 2248 et
1290 2184 1485 2246 Prenestino
1495 2180 1660 2258 episcopis
1671 2175 1808 2254 eligendi
1816 2171 1904 2234 fuisset
1961 2179 1962 2184 ’

1144 2285 1289 2364 potestas
1311 2282 1352 2344 ab
1374 2279 1590 2342 universitate
1620 2291 1787 2348 concessa,
1811 2267 1904 2333 nostris

1143 2382 1291 2444 humeris
1308 2379 1446 2459 pallium
1465 2376 1686 2455 apostolicum
1701 2365 1904 2452 imposuerunt,
1961 2453 1962 2458 ἵ

1144 2481 1290 2558 cogendo
1310 2494 1371 2541 nos
1392 2475 1503 2538 subire
1524 2489 1620 2546 onus,
1634 2472 1722 2550 quod
1747 2467 1858 2533 evitare
1874 2463 1905 2522 ll·
1961 2549 1962 2556 ἵ

1143 2578 1274 2640 bentius
1299 2574 1504 2653 optabamus.
1528 2571 1583 2633 Sic
1606 2571 1698 2632 enim
1720 2561 1906 2632 antecessoris

1144 2674 1249 2738 nostri
1273 2673 1444 2734 decessum
1468 2673 1501 2733 et
1527 2668 1769 2748 promotionem
1791 2662 1907 2725 nostran

294 2777 443 2852 Significat
461 2779 503 2836 eis
522 2779 731 2852 promotionem
755 2793 847 2848 suam,
868 2793 924 2850 qua
942 2779 1023 2836 tertia
1043 2777 1089 2836 die
1144 2770 1352 2834 universitati
1373 2770 1493 2832 vestrae
1514 2767 1672 2828 intimare
1698 2767 1850 2830 tenemur,
1869 2771 1908 2816 re·

327 2875 391 2940 post
413 2875 533 2924 mortem
549 2867 708 2925 innocentii
734 2873 832 2925 secuta
856 2873 900 2926 est
922 2867 1019 2942 epist,
1043 2867 1087 2926 di·
1143 2872 1259 2948 gantos
1275 2885 1335 2931 vos
1354 2867 1389 2929 in
1404 2866 1541 2928 Domino
1563 2864 1597 2926 et
1616 2862 1800 2932 monentes,
1821 2855 1909 2936 quata-

328 2971 411 3014 versa
426 2955 462 3014 de
476 2955 587 3014 duobus
606 2956 714 3030 primis.
1144 2986 1206 3030 nus
1221 2967 1326 3046 ipsius
1352 2965 1497 3027 animam
1519 2963 1551 3025 et
1569 2961 1720 3022 nostram
1736 2955 1909 3021 insufficien·

455 3127 462 3142 .
581 3128 588 3140 .
1143 3067 1225 3129 tiam
1248 3065 1312 3144 piis
1337 3059 1542 3126 orationibus
1564 3059 1679 3122 taliter
1701 3047 1908 3136 adjuvetisut

338 3130 505 3189 H⁰n⁰mu⁵
537 3143 727 3205 ‘mmmm’
764 3143 879 3188 servus
917 3142 1090 3190 sewum
1145 3165 1174 3226 si
1195 3164 1306 3241 aliqua
1337 3161 1369 3223 ei
1397 3158 1526 3222 macula
1551 3157 1591 3219 de
1612 3155 1777 3232 contagiis
1799 3145 1911 3214 terrenis

293 3225 368 3297 Dei,
392 3224 521 3286 dilectis
545 3224 639 3296 tiliis,
658 3223 847 3296 abbatibus,
871 3223 1036 3301 prioribus
1058 3224 1091 3286 et
1145 3261 1289 3334 inhaesit,
1302 3275 1362 3338 pel,
1377 3259 1563 3321 vostrarum
1578 3255 1770 3317 orationum
1783 3243 1911 3320 suffragia

292 3321 368 3382 aliis
382 3321 549 3398 religiosis
571 3336 632 3398 per
651 3323 863 3382 Bremensem
882 3321 1090 3399 provinciam
1145 3360 1292 3422 diluatur
1312 3359 1346 3421 et
1366 3373 1426 3418 nos
1447 3355 1539 3418 Petri
1562 3353 1755 3415 naviculam
1778 3345 1910 3426 possim„

293 3419 491 3492 constitutis,
504 3417 690 3480 salutemet
706 3417 921 3496 apostolicam
935 3417 1091 3482 benedic-
1146 3474 1221 3520 cum
1246 3457 1378 3519 temone
1399 3453 1476 3515 fidei
1497 3453 1530 3514 et
1551 3450 1700 3512 anchora
1723 3445 1854 3526 justfflae
1868 3453 1913 3515 gu.

292 3516 427 3578 mmm·
570 3613 577 3628 ,
823 3614 856 3627 ,,
913 3615 919 3628 ,
960 3614 967 3628 ,
1146 3555 1298 3618 bernero.

331 3615 472 3691 Magnus
485 3616 643 3677 Dominus
653 3613 686 3677 et
697 3613 876 3676 laudabilis
887 3630 999 3688 mmis,
1012 3614 1090 3687 stc,

292 3713 329 3773 ut
342 3713 378 3774 in
397 3712 539 3790 epistola
558 3714 584 3786 l,
605 3727 712 3788 usquc
732 3713 894 3775 evocavit.
917 3711 1092 3774 Sollicitu-

294 3809 370 3871 dine
396 3810 499 3886 igitur
527 3811 762 3873 ecclesiasticae
794 3809 997 3888 provisionis
1032 3824 1092 3870 as-

294 3909 424 3984 sumpta
445 3908 478 3970 et
498 3907 675 3984 diligenter
689 3909 850 3986 inspecta,
866 3923 928 3970 uos
949 3923 992 3970 ex
1010 3895 1092 3986 pro·

294 4004 368 4082 pria
382 4003 575 4067 infirmitate
590 4005 741 4078 deiicere,
756 4005 822 4066 nisi
834 4005 955 4067 vestris
969 4005 1094 4067 suitba-

295 4101 360 4178 giis
368 4101 473 4178 etpiis
481 4101 567 4178 apud
575 4102 838 4179 Deumprecihns
846 4103 1092 4180 adjuvaremur,

293 2116 345 2174 Ad
363 2115 499 2175 abbates
516 2115 656 2188 priores
677 2113 710 2176 ct
727 2115 812 2174 alios
828 2115 1006 2190 religiosos
1024 2128 1091 2190 per

351 2215 579 2274 Bremcnscm
586 2214 803 2287 provinciam
815 2211 1027 2274 corstitutos.

609 2343 643 2400 25
655 2342 706 2416 pur.
725 2341 803 2400 raro.

371 2501 557 2568 [Leppenberg
570 2500 780 2568 llamburgischos
791 2501 1010 2562 Urknndenbnch,

552 2606 573 2650 t.
588 2599 608 2660 1,
620 2615 646 2664 p.
658 2600 711 2660 lus,
726 2601 757 2651 Νο
768 2599 836 2666 399.]

1506 3717 1584 3806 VII

1320 3911 1373 3972 Ad
1392 3908 1622 3982 christianum
1642 3907 1774 3967 orbern.

1452 4037 1546 4112 adjut.
1561 4035 1641 4096 llis.

296 4197 546 4260 universitatem
567 4199 712 4260 vestram
736 4198 917 4274 rogandam
937 4199 1092 4262 duximus
1148 4168 1278 4233 [mm
1292 4165 1437 4217 thesaurus
1455 4175 1538 4214 novus
1555 4159 1751 4220 anecdotorum,
1766 4163 1785 4207 ι’
1798 4157 1815 4218 ¹¹
1831 4169 1852 4222 μ’
1867 4147 1917 4212 85η

294 4296 329 4357 et
348 4295 545 4357 monendam
560 4295 774 4358 exhortantes
789 4296 825 4356 in
840 4297 991 4370 Domino,
1009 4312 1094 4375 qua-

294 4393 391 4456 tenus
407 4393 492 4472 apud
507 4409 626 4467 eum,a
642 4409 705 4471 quo
723 4409 894 4471 speramus
909 4394 1008 4470 dirigi
1023 4411 1095 4472 gre-

295 4507 352 4553 sus
374 4491 505 4554 nostros
522 4491 666 4553 assiduis
688 4491 893 4553 orationibus
917 4492 1091 4566 insistatis,

294 4591 332 4652 ut
342 4605 402 4652 nos
412 4587 595 4651 adlaudem
606 4589 658 4651 sui
669 4588 824 4661 nominis,
837 4589 870 4651 et
879 4590 1036 4652 Ecclesiae
1045 4591 1095 4651 in·
1189 4583 1348 4659 Supernae
1362 4578 1534 4655 dispositio
1546 4575 1732 4655 majestatis
1747 4587 1818 4651 quae
1830 4565 1918 4630 orbem

296 4688 499 4750 crementum
512 4689 700 4765 susceptam
712 4686 969 4750 sollicitudinem
983 4686 1095 4750 totali·
1148 4681 1312 4742 terrarum
1327 4677 1453 4740 coelesti
1469 4674 1608 4737 consilio
1621 4672 1823 4740 moderatur,
1835 4675 1919 4763 sacre¹

294 4785 347 4848 1⁰¹⁶
364 4785 503 4863 implere
524 4785 694 4857 concedat,
716 4785 802 4863 quod
826 4784 859 4848 et
879 4801 941 4866 nos
959 4787 1094 4848 aeternae
1149 4777 1297 4838 sanctam
1312 4779 1496 4838 Romanam
1517 4769 1699 4833 Ecclesiam
1719 4767 1762 4829 ab
1781 4767 1849 4843 ipso
1862 4757 1918 4870 lide

296 4882 523 4945 retributionis
538 4883 711 4961 praemium
728 4898 927 4956 mereamur,
942 4884 975 4946 et
989 4899 1096 4962 popu·
1148 4873 1340 4953 primordio,
1359 4871 1458 4949 caput
1474 4868 1621 4932 omnium
1638 4865 1851 4928 ecclesiarum
1863 4871 1919 4958 ms-¹

296 4979 349 5040 lus
362 4979 483 5041 nostrae
499 4979 731 5055 gubernationi
750 4981 945 5043 commissus
960 4996 1021 5059 per
1033 4997 1094 5042 nos
1148 4971 1238 5036 tituit
1259 4971 1292 5033 et
1316 4969 1508 5046 magistram
1530 4985 1538 5026 ε
1563 4964 1725 5026 ordinans
1746 4962 1782 5022 in
1805 4975 1841 5020 ea
1862 4951 1922 5064 idel

297 5076 401 5139 verbo
422 5076 584 5154 proficiat,
601 5078 634 5138 et
648 5079 810 5155 exemplo.
833 5080 903 5142 Nos
927 5079 1016 5140 anim
1034 5095 1093 5140 vos
1149 5069 1343 5134 orthodoxae
1375 5065 1588 5135 ministrum,
1616 5061 1704 5140 juris
1746 5061 1779 5121 et
1805 5053 1921 5157 justris

297 5176 456 5252 tanquam
475 5175 636 5250 speciales
652 5175 809 5238 Ecclesiae
824 5175 922 5250 lilios,
938 5191 998 5255 per
1012 5193 1094 5254 quos
1149 5166 1390 5247 plantatorem,
1420 5161 1477 5241 qni
1512 5159 1619 5223 vicem
1654 5157 1747 5220 Petri
1782 5151 1871 5232 gerat
1895 5159 1920 5204 111

297 5289 419 5336 nomen
434 5273 565 5334 Domini
580 5273 796 5336 excellentius
812 5275 845 5336 et
858 5274 993 5351 dignius
1007 5290 1096 5350 prae-
1147 5265 1259 5339 terris,
1281 5261 1407 5342 ligandi
1433 5260 1532 5338 atque
1562 5255 1715 5320 solvendi
1737 5251 1854 5315 habeat
1873 5259 1905 5323 po

298 5370 439 5442 dicatur,
456 5369 547 5432 tanto
563 5369 705 5447 amplius
719 5370 918 5433 intendimus
930 5373 965 5432 in
975 5371 1094 5434 vestris
1148 5363 1311 5436 testatem,
1327 5359 1474 5437 gladium
1488 5355 1636 5418 obtineat
1650 5351 1863 5430 spiritualem,
1877 5343 1924 5402 slt-

296 5467 550 5529 necessitatibus
569 5467 744 5545 adjuvare,
760 5469 882 5548 quanto
901 5470 937 5530 in
958 5470 1095 5547 majoris
1150 5477 1213 5540 que
1228 5460 1313 5537 lapis
1335 5455 1517 5533 angularis,
1533 5467 1594 5532 per
1611 5465 1708 5531 quern
1728 5465 1811 5511 saxa
1830 5445 1859 5507 et
1877 5453 1924 5518 pa-

295 5564 452 5627 Eoclesiae
463 5564 667 5629 redundaret
676 5566 847 5646 injuriam,
860 5567 889 5628 si
896 5569 974 5646 jura
983 5567 1095 5630 vestra
1149 5559 1250 5622 rietes
1272 5557 1480 5620 diversarum
1501 5551 1666 5614 baeresum
1681 5540 1922 5622 confringantur.

298 5658 519 5740 quorumlibet
540 5663 731 5744 pateremur
744 5664 903 5729 violentia
926 5664 1093 5743 occupari.
1151 5661 1237 5720 Saue
1258 5655 1314 5717 hic
1337 5653 1459 5716 dicitur
1479 5649 1645 5711 luminare
1666 5648 1786 5722 majus,
1803 5637 1880 5721 qnod
1893 5630 1925 5695 al

1212 4318 1361 4394 Significat
1373 4330 1454 4376 suom
1470 4316 1499 4372 in
1515 4314 1665 4372 Summum
1677 4309 1869 4369 Pontificatum

1437 4403 1656 4480 promotionem.
