3988 6308
294 396 355 456 295
910 392 1087 454 HONORII
1110 393 1154 456 111
1177 396 1325 457 OPERA.
1844 403 1886 465 296

295 573 407 620 annuo
422 554 552 618 redditu
567 553 679 616 decem
697 551 858 615 librarum
869 553 1092 632 imperialium
1147 557 1180 619 et
1214 555 1486 619 confirmantibus
1525 553 1655 616 domino
1694 556 1819 620 (luidone
1848 577 1889 623 ar-

295 655 477 734 etquatuor
486 653 710 732 plaustrorum
723 653 802 714 loeni
817 654 990 715 contentus
1001 654 1092 714 exis·
1147 655 1396 732 cbipresbytero
1435 654 1583 716 Brixien.
1615 655 1762 728 ecclesia,
1789 657 1888 722 domino

294 756 391 828 tat,...
422 769 484 815 nec
512 753 600 814 ultra
626 752 689 813 hoo
713 752 889 830 quicquam
911 751 945 813 in
976 751 1091 814 eodem
1145 754 1269 815 Jacobo
1285 753 1522 815 archidiacono
1537 753 1681 831 ejusdem
1693 754 1832 828 ecclesiae,
1845 759 1889 818 do·

294 853 485 930 episcopatu
501 851 564 912 sibi
575 850 673 913 liceat
685 851 873 912 vendicare.
890 850 983 912 Unde
996 849 1091 912 nobis
1146 853 1235 914 mino
1247 852 1610 930 Tholomeopraeposito
1622 851 1889 928 ejusdemeoclosia

293 951 465 1013 humiliter
481 949 686 1028 supplicasti,
703 951 740 1012 ut
754 949 842 1011 idem
858 949 1016 1010 statutum
1035 965 1093 1010 ro-
1146 950 1425 1012 dominohlberto
1436 949 1721 1028 archipresbytero
1732 952 1890 1024 Pontisvici,

292 1049 356 1112 bur
367 1050 553 1112 laceremus
565 1048 730 1110 firmitatis
744 1047 878 1117 habere,
891 1050 984 1125 qu'us
995 1047 1092 1108 tenor
1147 1049 1304 1125 magistro
1319 1048 1504 1111 Lansranco
1519 1047 1758 1120 deVithalasco,
1773 1050 1892 1125 magistro

293 1149 344 1210 est
357 1149 435 1210 talis
450 1170 457 1208 :
473 1151 510 1209 ln
530 1147 665 1208 nomine
679 1147 822 1209 Domini.
842 1147 911 1208 Nos
924 1145 1089 1219 hibertus
1146 1147 1291 1209 Martino
1325 1147 1613 1224 archipresbytero
1640 1147 1767 1218 visani,
1795 1147 1893 1208 domino

292 1247 353 1310 Dei
365 1247 474 1324 gratia
487 1246 635 1307 Brixien.
648 1243 1093 1324 episcopusottentejconsi-
1146 1233 1326 1322 Flamengo
1342 1245 1517 1318 Manervii,
1540 1245 1673 1308 domino
1696 1245 1849 1321 Peragrino
1867 1245 1895 1306 do

292 1345 448 1408 derantes
472 1344 558 1422 quod
578 1344 614 1405 in
641 1344 794 1405 omnibus
823 1342 1033 1406 conterendis
1061 1343 1093 1406 et
1147 1345 1230 1418 Ello,
1257 1345 1389 1406 domino
1407 1343 1587 1405 Mantelmo
1604 1343 1775 1420 hugonum.
1797 1343 1895 1404 domino

293 1444 420 1522 pariter
439 1442 634 1520 expetendis
653 1443 762 1518 gratia
783 1442 962 1504 fructificat
982 1443 1014 1506 et
1032 1457 1093 1506 ve·
1146 1441 1895 1512 AzzoneTurbiadi,omnibuscanonicisBririen.

293 1543 376 1604 ritas
396 1541 582 1613 invalescit,
607 1540 636 1602 si
656 1541 785 1613 modus,
810 1542 941 1618 tempus
961 1541 995 1602 et
1016 1539 1092 1601 finis
1147 1541 1310 1614 ecclesiae,
1324 1541 1378 1603 die
1398 1542 1486 1603 lunae
1506 1540 1650 1603 exeunte
1670 1555 1752 1602 nono
1767 1537 1895 1618 januario.

294 1640 486 1717 diligentius
508 1639 697 1701 attendatur
716 1638 756 1700 de
774 1639 900 1701 incerto
925 1637 998 1700 lieri
1018 1654 1094 1700 cer·
1148 1643 1186 1702 In
1225 1640 1367 1702 ecclesia
1404 1639 1524 1718 majori
1559 1639 1688 1701 sanotae
1721 1637 1821 1700 Maria
1846 1635 1899 1697 bri·

293 1741 374 1808 tum,
391 1737 589 1801 etdedubio
614 1737 838 1815 disposuimus
857 1735 968 1799 iacere
990 1737 1093 1798 mani·
1148 1739 1252 1812 nien,
1281 1755 1369 1801 anno
1404 1737 1536 1800 Domini
1565 1737 1671 1800 nostri
1703 1738 1777 1799 lesu
1810 1732 1898 1794 Christi

293 1837 425 1899 testum.
440 1839 545 1910 Quum
562 1852 641 1912 ergo
658 1836 880 1908 consuetudo,
905 1836 1007 1898 immo
1027 1853 1092 1914 po·-
1149 1839 1333 1911 MCCXVII,
1365 1837 1468 1898 indic.
1496 1837 1534 1900 V.
1561 1837 1678 1898 Testes
1699 1831 1897 1902 interfuerunt,

294 1936 361 1998 tius
391 1935 597 2011 corruptela,
629 1934 892 1996 vicedominatus
921 1934 956 1994 in
980 1935 1092 1996 eccle·
1148 1937 1301 1998 dominus
1317 1934 1478 1998 Rodultus
1503 1934 1597 2012 prior
1615 1932 1780 2003 Provallii,
1794 1929 1899 2008 presby-

295 2034 346 2095 sia
362 2034 511 2096 Brixien.
532 2033 695 2095 hactenus
717 2031 819 2094 fuerit
833 2048 975 2095 onerosa
991 2034 1024 2094 et
1045 2033 1094 2094 in·
1147 2035 1199 2096 ter
1213 2035 1379 2097 Gerendus
1400 2036 1433 2095 S.
1450 2032 1603 2105 Andreae,
1620 2031 1768 2094 dominus
1781 2029 1900 2091 Baliauus

294 2132 347 2193 ter
358 2133 531 2210 episcopos
553 2132 587 2195 et
600 2130 838 2202 vicedominos,
856 2131 913 2208 qui
928 2146 989 2208 pro
1004 2131 1092 2192 tem·
1148 2133 1416 2211 archipresbyter
1439 2131 1654 2208 Gargnagni,
1684 2128 1822 2192 dominus
1845 2128 1902 2186 Ber-

296 2245 377 2308 pore
409 2229 555 2303 inerunt,
581 2230 659 2291 odia
689 2230 722 2291 et
756 2230 985 2293 contentiones
1021 2229 1092 2291 tre·
1148 2232 1281 2294 tholdus
1309 2229 1578 2308 archipresbyter
1605 2228 1753 2300 Buarni,
1784 2225 1903 2300 magister

296 2328 451 2406 (ynantius
481 2327 637 2399 incitant,
666 2327 872 2390 attendentes
901 2328 1003 2389 etiam
1035 2327 1095 2388 de·
1148 2329 1348 2392 lirachullus
1375 2330 1415 2391 de
1440 2328 1600 2400 sorbolis,
1630 2326 1786 2406 capellan.
1810 2319 1903 2384 domini

295 2425 400 2489 bitum
421 2426 599 2490 imminens
619 2425 774 2503 episcopo
796 2425 943 2487 Brixien.
972 2427 1006 2487 et
1026 2425 1093 2486 mi·
1149 2429 1313 2507 episcopi,
1328 2428 1482 2490 domiuus
1497 2427 1653 2488 hibertus
1674 2421 1850 2492 Flumicelli,
1870 2417 1904 2478 si·

295 2527 505 2588 norationem
531 2525 751 2602 proventuum
776 2524 1030 2602 episcopalium,
1061 2524 1094 2585 et
1148 2528 1273 2590 militer
1288 2527 1463 2604 capellan„
1479 2525 1620 2588 Gozolus
1639 2525 1776 2586 clericus
1789 2516 1904 2582 ecclesia

295 2624 447 2702 insuper,
464 2624 600 2700 propter
615 2637 754 2699 guerras
769 2623 942 2685 diuturnas
957 2623 990 2684 et
1004 2622 1092 2684 civi·
1150 2615 1280 2688 Sanctae
1306 2625 1422 2687 Mariae
1448 2625 1489 2686 de
1525 2623 1700 2695 Calcaria,
1736 2625 1905 2682 Bounomos

295 2723 345 2784 les
361 2721 555 2794 discordias,
577 2721 684 2783 terras
699 2721 732 2782 et
753 2721 864 2782 curias
884 2721 1093 2798 episcopatus
1149 2723 1329 2802 Gargnaui,
1347 2724 1502 2788 Julianus
1517 2723 1550 2784 et
1568 2721 1740 2784 aribertus
1756 2713 1872 2784 nouat,
1885 2710 1907 2772 tl

297 2821 394 2900 quasi
433 2819 568 2883 omnino
611 2819 818 2892 destructas,
853 2819 979 2881 idcirco
1019 2836 1094 2881 cum
1148 2823 1261 2902 plures
1273 2823 1333 2884 alii
1347 2823 1456 2884 vocati
1469 2821 1502 2882 et
1513 2821 1636 2895 rogati.

297 2919 445 2982 maxima
474 2917 727 2990 deliberatione,
764 2916 878 2980 habito
903 2933 1003 2995 super
1030 2917 1094 2980 hoc
1188 2923 1257 2985 Nos
1278 2921 1381 2998 igitur
1394 2920 1461 2982 tuis
1475 2919 1632 2998 precibus
1657 2914 1811 2986 inclinati,
1831 2907 1909 2972 sulu-

297 3015 438 3080 iratrum
471 3018 662 3079 nostrorum
691 3015 850 3090 consilio,
883 3017 916 3078 et
943 3016 1094 3092 diligenti
1148 3023 1218 3083 turn
1244 3021 1363 3097 ipsum,
1387 3017 1625 3096 sicutprovide
1648 3013 1840 3092 dignoscitur
1855 3019 1908 3068 esse

296 3117 442 3179 tractatu
463 3115 589 3194 pariter
604 3117 637 3176 et
660 3130 842 3191 consensu;
866 3115 1042 3178 statuimus
1063 3117 1096 3177 et
1149 3119 1283 3192 iactum,
1296 3111 1908 3192 auctoritatehpostolicaconfirmamus

297 3215 491 3276 ordinamus
515 3217 561 3286 ut,
579 3213 768 3290 quicunque
791 3212 832 3274 de
854 3214 975 3276 coetero
994 3213 1096 3276 tuerit
1150 3221 1183 3281 et
1192 3213 1653 3296 praecipimusinviolabiliter
1663 3207 1832 3275 observari.
1842 3199 1909 3264 Nulli

297 3312 538 3383 vicedominae,
562 3310 675 3372 decem
698 3310 793 3371 libris
815 3311 1038 3388 imperialium
1063 3313 1097 3374 et
1150 3333 1229 3394 ergo
1244 3315 1378 3379 omnino
1394 3314 1566 3375 hominum
1580 3311 1684 3374 liceat
1698 3304 1910 3384 hanepaginan

299 3408 1096 3488 quatuorplaustrisioenimoderatis,J'uxtaquan·
1150 3416 1273 3477 nostrae
1303 3411 1565 3476 confirmationis
1600 3409 1800 3484 intringere,
1824 3400 1867 3462 rel
1888 3395 1909 3456 ei

297 3509 426 3572 litatem
454 3507 678 3584 plaustrorum
707 3523 780 3584 quaa
816 3505 857 3567 ad
891 3508 1095 3585 episcopium
1150 3511 1420 3576 ausutomorario
1434 3509 1614 3572 contraire.
1631 3507 1748 3585 Siquis
1760 3497 1908 3566 autemhoe

297 3605 547 3685 pertrahuntur,
570 3604 634 3665 sibi
651 3604 692 3665 ab
720 3605 793 3682 ipso
815 3605 1007 3682 episcopatu
1033 3622 1096 3667 an·
1150 3612 1312 3674 attentare
1326 3607 1584 3688 praesumpserit,
1600 3604 1851 3682 indignationem
1866 3607 1912 3655 on·

296 3705 442 3767 nualiter
468 3703 712 3781 persolvendis
739 3703 775 3764 in
798 3702 951 3765 omnibus
979 3705 1012 3766 et
1035 3720 1095 3781 pro
1150 3709 1329 3787 nipotentis
1343 3707 1404 3770 Dei
1427 3709 1461 3769 et
1480 3706 1657 3768 beatorum
1677 3703 1766 3766 Petri
1786 3701 1815 3762 et
1830 3690 1910 3759 Pauli,

296 3803 450 3866 omnibus
464 3818 538 3880 qnae
553 3801 613 3863 alti
634 3801 835 3864 vicedomini
852 3802 910 3879 qui
928 3818 987 3880 pro
1011 3802 1097 3864 tem·
1150 3807 1384 3886 Apostolorum
1405 3808 1488 3884 ejus,
1506 3820 1543 3866 se
1566 3803 1701 3866 noverit
1725 3803 1910 3863 incursurum.

296 3900 523 3980 porotuerunt
538 3900 578 3962 ab
594 3899 759 3976 episcopis
780 3900 812 3962 et
833 3901 1000 3977 episcopio
1020 3901 1097 3961 Bri·
1151 3908 1269 3970 Datum
1284 3905 1512 3977 Laterani,lli
1527 3890 1913 3978 kal.martii,pouhdcatn
1962 3947 1963 3968 ,

297 4000 387 4063 sien.
403 3997 582 4076 aliquando
599 3997 799 4071 habuerunt,
823 3996 1028 4060 solummodo
1054 3999 1098 4063 sit
1150 4005 1256 4068 nostri
1271 4021 1359 4067 anno
1372 4005 1491 4082 primo.

298 4098 483 4160 contentus.
508 4095 557 4156 Ad
580 4095 652 4156 haec
670 4095 771 4156 etiam
795 4095 983 4169 statuimus,
1009 4103 1046 4159 ut
1064 4099 1096 4159 ei

298 4195 356 4272 qui
379 4210 440 4271 pro
462 4196 611 4270 tempore
632 4191 733 4254 luerit
754 4193 982 4255 vicedominus
1004 4197 1096 4257 nullo
1467 4205 1638 4294 GCXLH

298 4293 396 4355 modo
411 4291 520 4363 liceat,
529 4291 704 4351 occasione
715 4289 1094 4368 ofliciivicedominatus,
1961 4331 1962 4336 κ

301 4391 414 4454 curias
440 4389 652 4467 episcopatus
675 4389 769 4450 adire
795 4405 857 4452 nec
881 4391 1007 4469 aliquid
1034 4392 1097 4453 sibi
1199 4388 1250 4448 Ao
1264 4383 1417 4446 rectores
1431 4382 1465 4444 et
1476 4385 1643 4457 populum
1660 4376 1884 4440 Massilienses·
1961 4387 1962 4458 l

297 4492 334 4553 in
350 4491 541 4569 episcopum
563 4489 631 4549 et...
648 4488 701 4549 vel
723 4488 763 4549 de
788 4489 955 4568 episcopio
976 4491 1097 4552 vendi-

298 4606 387 4662 care,
404 4591 462 4650 aut
476 4604 561 4650 arrsu
575 4587 754 4649 temerario
777 4603 951 4664 usurpare,
977 4590 1098 4666 praeter
1444 4565 1479 4624 ²⁷
1495 4562 1565 4621 sehr·
1584 4562 1666 4620 Μ’
1860 4656 1864 4666 ,

297 4690 331 4752 id
356 4687 442 4766 quod
467 4686 508 4748 de
527 4686 665 4763 speciali
687 4685 843 4746 mandato
865 4687 1013 4764 episcopi
1033 4687 1097 4749 sibi
1194 4671 1546 4740 therat.1to.1,0pso‚ooo,
1561 4653 1889 4722 uenerabundi

298 4787 400 4850 tuerit
416 4785 626 4863 permissum.
649 4783 753 4845 Nobis
772 4785 877 4861 igitur
894 4801 962 4846 non
985 4785 1029 4846 sit
1047 4783 1098 4846 ias

298 4899 361 4946 nec
376 4881 625 4944 successoribus
644 4881 767 4944 nostris
789 4883 905 4944 contra
927 4881 1014 4944 hanc
1038 4897 1100 4960 pa-

299 4983 412 5059 ginam
428 4981 550 5042 nostrae
566 4979 814 5042 constitutionis
828 4979 954 5041 venire.
975 4979 1010 5041 Si
1024 4981 1098 5058 quis

300 5079 412 5142 autem
438 5077 502 5139 hoc
534 5077 698 5139 attentare
721 5078 982 5154 praesumpserit,
1010 5079 1100 5139 indi-

1154 4841 1189 4898 Ut
1204 4837 1343 4895 desistant
1358 4833 1393 4892 ab
1407 4831 1672 4907 inquietationibus,
1680 4845 1745 4903 quaa
1757 4835 1856 4901 pereas
1866 4811 1916 4873 infe·
1960 4843 1961 4866 ι

1189 4935 1287 4985 runtur
1309 4925 1444 4998 episcopo
1461 4930 1489 4980 et
1511 4922 1574 4980 aliis
1594 4916 1811 4984 ecelesiasticis,
1828 4917 1852 4968 et
1870 4914 1915 4960 on·
1960 4867 1961 4959 l

1190 5023 1288 5075 rantur
1302 5013 1391 5072 multa
1404 5014 1532 5086 ipsorum
1546 5009 1689 5068 enormia.
1787 5035 1790 5040 ·

300 5176 492 5255 gnationem
516 5174 753 5252 omnipotentis
781 5175 842 5235 Dei
869 5175 902 5238 et
926 5173 1099 5237 beatorum
1194 5169 1373 5241 Honorius,
1388 5169 1464 5240 etc,
1480 5163 1669 5228 rectoribus
1682 5163 1716 5224 et
1730 5155 1842 5238 populo
1854 5149 1920 5212 ilai·
1959 5223 1960 5242 ἒ

300 5277 485 5354 Martyrum
501 5273 653 5335 Faustini
667 5272 700 5334 et
713 5272 842 5344 dovitae,
860 5273 958 5350 atque
969 5273 1101 5335 contes—
1154 5270 1278 5341 silien.,
1293 5267 1446 5344 spiritum
1461 5265 1593 5326 consilii
1606 5259 1764 5323 sanioris.
1959 5243 1960 5325 l

304 5390 417 5436 sorum
431 5370 655 5451 Appoloniiet
669 5369 818 5431 Filastrii
839 5385 876 5434 se
896 5371 1026 5433 noverit
1046 5371 1101 5434 in·
1195 5371 1222 5431 Α
1248 5364 1399 5428 Massilia
1422 5363 1491 5425 Liae
1517 5361 1640 5423 malum
1667 5353 1824 5423 insonuit,
1847 5352 1920 5423 olim

303 5487 492 5534 cursurum.
507 5467 685 5531 Constituit
699 5467 732 5529 et
748 5467 916 5530 ordinavit
934 5485 994 5532 seu
1015 5485 1099 5532 con·
1155 5483 1223 5529 non
1246 5463 1354 5526 solum
1380 5463 1471 5524 circa
1495 5461 1609 5522 oculos
1631 5453 1807 5534 lippitudo,
1832 5450 1919 5506 verum

302 5568 447 5632 tlrmavit
461 5567 534 5628 haec
547 5565 658 5627 omnia
671 5581 743 5644 quae
758 5567 911 5644 superius
926 5569 1102 5630 continen—
1156 5570 1256 5632 etiam
1281 5566 1318 5626 in
1341 5563 1443 5625 totius
1472 5573 1663 5636 compagem
1690 5549 1832 5630 corporis
1852 5538 1921 5604 tabes

301 5671 367 5742 tur,
393 5666 546 5728 dominus
569 5665 735 5738 hibertus,
753 5665 812 5726 Dei
827 5666 936 5742 gratia
950 5668 1097 5729 Brixien.
1157 5665 1324 5730 haereticae
1348 5659 1523 5740 pravitatis
1545 5657 1666 5719 dicitur
1691 5648 1847 5714 infecisse,
1866 5647 1920 5698 ΟΜ]
1958 5659 1959 5693 i

303 5767 490 5844 episcopus,
515 5763 735 5841 praesentibus
760 5765 793 5827 et
819 5765 1101 5830 consentientibus
1156 5783 1216 5830 vos
1240 5765 1360 5828 vestrae
1389 5759 1485 5822 lamae
1507 5753 1634 5835 prodigi
1658 5753 1693 5816 et
1716 5746 1841 5816 salutis,
1862 5749 1922 5800 coh·
