3984 6306
82 315 134 378 201
510 317 629 380 XXIII.
644 347 686 364 -
700 319 744 380 IN
767 317 1045 383 DEDICA'IIONE
1066 322 1290 386 ECCLESIAE.
1664 335 1724 398 262

118 475 218 539 Scala
245 474 464 554 spiiitualiter
491 478 641 542 Christus
665 480 728 553 θεῖ,
754 467 875 558 quiex
928 481 1080 559 ripiendo
1094 482 1185 558 vicit,
1201 487 1234 550 et
1247 489 1396 552 suaviter
1405 503 1464 568 per
1473 485 1608 554 suavem
1619 487 1725 558 livan-

82 573 206 637 duabus
220 575 362 647 naturis,
378 576 473 654 quasi
491 593 534 640 ex
557 577 684 640 duabus
701 577 802 656 lignis
816 595 872 640 su·
928 579 1007 657 gelli
1021 580 1206 643 doctrinam
1220 583 1396 649 liberatum
1420 587 1587 652 hominem
1611 591 1725 669 dispo-

81 689 137 750 per
147 673 273 734 terram
290 673 417 750 positus
436 674 488 736 θεῖ
514 675 548 737 et
571 677 712 748 erectae,
743 677 873 754 quando
928 677 1720 764 suit.hbinfernofortiterquosvoluit,extraxit,

82 769 253 832 inclinavit
270 770 373 832 coelos
394 773 428 834 et
446 771 623 846 descendit,
641 761 772 851 quando
790 776 875 836 Ver·
928 776 961 837 et
974 775 1122 840 suaviter
1136 793 1193 839 eos
1208 779 1244 839 in
1255 781 1379 842 aeterna
1392 781 1595 846 heatitudine
1610 786 1725 865 dispo-

81 867 153 928 bum
167 883 246 931 caro
267 867 390 932 Iactum
406 869 468 944 θεῖ,
483 871 518 934 et
529 870 692 933 habitavit
707 871 743 932 in
764 871 870 935 nobis.
929 873 1006 935 suit.
1025 875 1119 937 Unde
1132 875 1287 940 Salomon
1301 877 1338 940 in
1354 881 1544 944 Proverbiis
1560 903 1568 944 ε
1584 887 1726 959 saplen-

81 967 161 1028 Nam
178 967 368 1045 ‘numquam
388 967 533 1030 verbum
557 984 635 1031 caro
654 969 767 1043 deret,
789 985 872 1048 pro·
928 969 977 1032 tta
989 972 1042 1034 est
1054 973 1187 1049 lignum
1201 976 1284 1037 ottae
1296 979 1420 1051 hmani
1432 984 1725 1054 apprehenderint

81 1063 129 1126 cul
151 1063 325 1126 habitabat
346 1080 367 1127 a
397 1065 504 1128 nohis.
531 1066 595 1130 Ubi
619 1082 699 1131 vero
727 1066 872 1130 Verbum
927 1082 1015 1141 eam,
1030 1070 1065 1132 et
1079 1074 1138 1144 qut
1152 1071 1329 1135 tenuerint
1342 1089 1420 1136 eone
1441 1077 1530 1138 hecti
1543 1076 1656 1157 (Prov.
1671 1095 1722 1153 111,

81 1177 154 1222 caro
170 1160 369 1235 factumest,
386 1163 548 1229 habitavit
564 1165 599 1226 iu
621 1165 716 1227 uobis
736 1181 802 1228 non
817 1181 874 1230 so-
929 1162 992 1244 18).
1009 1167 1096 1229 Nam
1110 1168 1275 1246 sapientia
1293 1170 1420 1248 lignum
1437 1172 1514 1236 vitae
1529 1175 1580 1236 θεῖ
1598 1191 1722 1256 appre-

80 1260 221 1337 lumper
242 1260 396 1337 gratiam,
420 1263 599 1326 sedetiam
623 1280 682 1341 per
705 1266 870 1329 naturam.
930 1263 1151 1327 hendentibus
1166 1281 1251 1334 eam.

81 1359 121 1420 De
135 1359 202 1420 isto
217 1357 299 1421 dicit
316 1361 446 1422 Baruch
462 1383 470 1422 ι
486 1364 554 1424 Ηῖθ
581 1363 634 1425 θεῖ
662 1365 756 1427 enirn
779 1368 873 1426 Dens
966 1361 1108 1439 Lignum
1128 1363 1207 1426 vitae
1223 1364 1373 1428 Christus
1389 1367 1449 1429 est.
1467 1368 1590 1431 Exhac
1604 1369 1724 1434 arbore

80 1458 205 1529 ceaster,
232 1461 291 1532 qut
318 1461 355 1519 tn
383 1459 491 1522 terens
511 1463 607 1523 obus
634 1461 697 1534 est,
734 1462 873 1524 etcum
927 1459 1052 1536 septem
1067 1461 1154 1522 rami
1174 1462 1348 1541 prodeunt,
1364 1464 1530 1544 habetque
1544 1469 1727 1546 unusquis·

78 1557 268 1617 bominibus
278 1559 567 1620 conversatnsest
586 1556 732 1638 (Baruch
744 1558 870 1639 m,38).
927 1573 991 1634 que
1005 1573 1120 1620 ramus
1130 1559 1389 1624 fructumsuum.
1406 1564 1539 1626 Primus
1549 1579 1661 1626 ramus
1675 1571 1725 1628 est

78 1653 113 1714 iil
125 1651 163 1713 in
177 1652 299 1714 Genesi
314 1673 322 1714 ε
338 1655 382 1716 Os
396 1669 444 1716 em
465 1659 598 1718 ornnes
611 1660 710 1730 nnete,
733 1657 768 1720 et
788 1671 872 1722 curo
927 1655 1113 1719 incarnatio
1128 1656 1262 1732 Christi,
1279 1661 1375 1722 otest
1388 1660 1551 1724 mirabilis
1565 1678 1679 1726 ramus
1691 1664 1725 1726 et

76 1753 233 1813 domm
243 1750 563 1832 nwa(deu.11‚23).
579 1756 631 1816 lix
641 1754 770 1817 duobus
782 1755 872 1817 enim
927 1754 1148 1816 necessarius.
1157 1756 1312 1828 Quianisi
1322 1757 1722 1834 Christusincarnaretur,

76 1847 175 1924 lignis
198 1848 272 1911 haec
306 1849 398 1912 scala
424 1851 607 1929 composita
635 1853 695 1926 θεῖ,
723 1853 802 1932 quia
828 1869 873 1915 ex
927 1851 1115 1927 angelicum
1140 1868 1206 1916 non
1225 1854 1512 1932 redintegraretur
1530 1858 1723 1935 collegium3

75 1944 200 2008 duabus
225 1946 365 2020 naturis,
394 1947 532 2022 scilicet,
563 1965 606 2012 ex
632 1949 809 2014 divinitate
838 1951 873 2015 θῖ
927 1947 1033 2010 etnon
1044 1949 1197 2012 restituto
1209 1951 1328 2013 sociali
1339 1953 1597 2027 numero,totius
1610 1956 1724 2018 mundi

77 2042 294 2107 humanitate.
311 2047 404 2108 Unus
417 2046 451 2108 et
460 2060 559 2109 verus
576 2048 627 2110 θεῖ
639 2052 737 2112 lesus
752 2049 871 2111 Chris-
927 2045 1082 2109 machina
1094 2047 1266 2110 iuvenum
1281 2050 1434 2112 constare
1448 2051 1628 2114 vldmetur.
1647 2053 1723 2125 Sed,

77 2143 135 2211 tus,
147 2141 246 2216 idest,
262 2145 350 2206 Deus
371 2144 405 2206 et
428 2143 538 2207 homo.
554 2147 640 2208 Nam
655 2147 745 2209 sicut
759 2147 874 2210 anima
927 2143 1005 2221 quia
1018 2143 1169 2207 diabolus
1183 2147 1279 2223 quasi
1290 2149 1380 2224 juste
1394 2146 1563 2211 hominem
1578 2150 1726 2228 posside·

77 2239 251 2302 rationalis
288 2241 321 2304 et
356 2257 435 2304 caro
465 2259 554 2304 uuus
585 2244 635 2307 θεῖ
665 2244 790 2319 homo,
824 2245 871 2306 ita
926 2240 994 2315 bat,
1009 2257 1090 2304 usus
1104 2243 1155 2305 θεῖ
1169 2245 1256 2306 Deus
1271 2244 1399 2322 judicio
1414 2261 1487 2315 suo,
1507 2249 1542 2308 et
1556 2248 1725 2325 sapienter

78 2340 161 2400 heus
178 2340 211 2402 et
239 2337 339 2402 homo
365 2356 451 2402 unus
475 2341 526 2404 θεῖ
546 2342 708 2405 Christus.
726 2342 822 2405 Unde
837 2343 872 2404 in
926 2338 1120 2402 incarnatus
1139 2341 1312 2419 antiquum
1333 2341 1462 2404 hostem
1477 2343 1649 2406 humiliter
1666 2361 1726 2405 su·

77 2436 255 2514 Evangeli0
280 2459 289 2498 r
315 2441 390 2517 Epo
417 2439 452 2502 et
476 2439 587 2502 Pater
616 2455 727 2502 unum
751 2455 872 2504 sumus
927 2436 1066 2512 paravit.
1084 2436 1234 2513 astorgo
1257 2437 1383 2515 primus
1397 2453 1511 2500 ramus
1533 2440 1723 2503 incarnatio

78 2531 185 2613 (toan.
201 2551 236 2608 x,
247 2533 313 2615 30).
344 2537 417 2614 Ipse
429 2552 571 2615 namque
586 2537 637 2600 est
649 2537 799 2602 Christus
815 2539 872 2600 Sa·
926 2533 1050 2595 Christi
1063 2534 1483 2611 fructusejusestspiritus
1498 2537 1683 2614 sapientiae.
1770 2579 1772 2584 -

78 2631 200 2708 pientia
215 2633 276 2695 Dei
289 2634 368 2696 ante
391 2635 514 2696 saecula
531 2635 656 2712 genita,
676 2635 772 2710 idest,
793 2637 871 2698 nata
967 2631 1139 2694 Secundus
1166 2647 1280 2694 ramus
1309 2631 1494 2711 baptismus
1523 2635 1661 2708 christi,
1690 2637 1723 2698 et

80 2729 226 2792 dePatra
235 2731 416 2794 secundum
426 2732 634 2795 divinitatem
645 2734 723 2796 ante
733 2734 869 2808 saeoula,
926 2727 1158 2791 istemirabilis
1167 2729 1260 2792 astet
1269 2732 1491 2795 necessarius.
1502 2732 1723 2809 intelligimus

77 2827 171 2900 idest,
188 2829 267 2892 ante
282 2831 552 2894 constitutionem
572 2831 697 2906 mundi,
714 2833 871 2910 quoniam
926 2826 1015 2888 enim
1029 2826 1065 2889 in
1079 2825 1243 2904 baptismo
1258 2828 1370 2890 omnia
1386 2830 1523 2906 peccata
1539 2831 1671 2900 dimitti,
1690 2833 1724 2894 θῖ

77 2925 132 2988 illa
160 2927 333 3003 generatio
358 2929 483 2990 aeterna
507 2944 574 2991 non
599 2927 701 2991 habet
726 2929 870 3003 initium,
926 2923 1089 3000 originale
1112 2925 1284 3002 peccatum
1310 2924 1426 2988 deleri.
1457 2928 1649 3006 Baptizatus
1672 2930 1723 2992 θεῖ

78 3039 136 3086 nec
150 3023 252 3087 habet
265 3024 375 3086 tinem.
387 3027 510 3103 nequa
519 3027 618 3088 Pater
627 3027 674 3089 ait
684 3027 725 3089 ad
736 3027 869 3090 Filium:
926 3021 1087 3095 Christus,
1103 3037 1171 3085 non
1183 3023 1220 3085 ut
1233 3038 1253 3085 a
1268 3026 1404 3101 peccato
1420 3025 1647 3100 mundaretur,
1664 3027 1722 3089 sed

76 3122 161 3184 Ante
175 3124 377 3198 Luciferum
389 3127 494 3201 penui
509 3123 543 3186 te
554 3121 625 3203 (Pa.
640 3125 709 3198 109,
725 3122 771 3203 3).
787 3126 871 3188 Ante
926 3121 962 3183 ut
975 3136 1079 3198 aquas
1093 3120 1327 3196 sanctificaret,
1344 3123 1377 3185 et
1391 3123 1428 3185 ut
1446 3123 1542 3186 nobis
1560 3125 1656 3188 daret
1670 3125 1725 3187 in·

77 3219 274 3293 Luciferum,
295 3219 392 3294 idest,
408 3219 450 3282 ab
464 3221 660 3296 aeternitate,
684 3238 728 3284 ex
742 3223 870 3286 occulta
927 3218 1031 3296 telligi
1045 3233 1121 3280 eum
1135 3234 1195 3296 pro
1209 3220 1324 3282 nostra
1343 3219 1487 3284 utilitate
1508 3220 1720 3299 baptizatum.

76 3317 108 3378 et
120 3317 248 3380 secreta
273 3317 458 3381 substantia
484 3319 585 3396 genui
606 3319 639 3382 te
658 3321 820 3398 aequalem
839 3322 872 3386 et
925 3317 1722 3398 Estergosecundusramusbaptismuschristi3

76 3415 389 3479 consubstantialem
400 3416 493 3478 mihi.
502 3417 563 3480 Vel
574 3418 668 3481 :ante
680 3418 870 3481 Luciferum
926 3413 1052 3479 tructus
1067 3419 1140 3495 ejus
1151 3415 1287 3493 spiritus
1300 3416 1501 3480 intellectus.

76 3515 174 3590 genui
182 3513 226 3587 te,
242 3514 339 3588 idest,
353 3515 454 3592 genui
469 3515 503 3577 te
518 3516 596 3578 ante
608 3517 760 3594 tempora
773 3533 870 3595 quem
966 3514 1098 3576 Tertius
1118 3529 1233 3576 ramus
1248 3514 1298 3576 θεῖ
1319 3515 1431 3592 passio
1454 3515 1587 3590 Christi,
1611 3516 1645 3580 et
1667 3517 1723 3580 hic

77 3625 118 3672 ex
132 3611 270 3689 virgine
284 3612 318 3676 et
334 3614 428 3675 nasci
443 3614 477 3676 et
499 3614 592 3691 gigni
608 3613 700 3676 volui
720 3613 757 3676 in
780 3615 870 3677 tem·
924 3611 1088 3674 mirabilis
1102 3612 1136 3674 θῖ
1158 3611 1381 3674 necessarius.
1406 3614 1443 3675 ln
1464 3613 1618 3690 passione
1632 3615 1723 3678 enim

76 3724 165 3785 pore.
181 3711 229 3772 De
248 3725 314 3787 qua
334 3710 550 3787 generatione
567 3712 695 3774 isaias:
711 3715 869 3775 denera-
925 3725 986 3771 sua
996 3709 1172 3772 consilium
1180 3708 1276 3772 nobis
1287 3709 1378 3771 dedit
1387 3708 1587 3788 Redemptor
1595 3712 1719 3786 noster,

76 3809 247 3870 rationem
262 3810 338 3881 ejus
354 3811 431 3882 ends
443 3811 646 3872 enarrabili
667 3807 725 3889 (Is.
741 3825 812 3883 nur,
823 3808 869 3890 8.)
925 3807 1057 3886 quando
1072 3807 1109 3868 in
1125 3821 1224 3868 cruce
1244 3821 1362 3868 manus
1377 3805 1570 3877 extendens,
1586 3810 1723 3886 peccata

76 3904 273 3981 Unigenitus
283 3905 395 3984 itaque
403 3905 509 3968 Filius
519 3907 579 3969 Dei
589 3905 734 3969 Verbum
747 3907 868 3980 Patris,
926 3905 1039 3967 nostra
1058 3919 1128 3966 suaa
1151 3903 1243 3966 cruci
1265 3903 1384 3969 affixit.
1401 3904 1494 3967 Nihil
1515 3907 1604 3968 enim
1625 3905 1723 3970 nobis

76 4002 285 4064 annsaecula
298 4003 474 4080 sapientia.
490 4003 658 4076 videlicet,
672 4003 732 4066 Dei
747 4004 868 4077 Patria,
924 4003 1018 4065 nasci
1040 3999 1175 4081 proluit,
1205 4001 1271 4063 nisi
1292 4001 1412 4064 redimi
1434 4002 1624 4080 proruisset.
1649 4005 1721 4068 Hoc

76 4115 148 4175 quae
159 4100 291 4177 quando
305 4099 340 4160 in
352 4099 517 4178 principio
528 4101 655 4164 creavit
671 4103 758 4163 Deus
771 4101 872 4164 Pater
925 4103 998 4166 erat
1010 4101 1118 4163 solum
1138 4101 1171 4162 et
1185 4099 1319 4162 unicum
1332 4099 1508 4162 consilium
1523 4117 1588 4179 quo
1599 4102 1720 4168 redimi

76 4196 192 4258 coelum
213 4198 248 4260 θῖ
262 4199 396 4272 terram,
418 4214 494 4260 cum
512 4212 563 4272 eo,
580 4199 666 4262 idest
681 4215 756 4262 cum
772 4200 870 4263 Patre
924 4202 1125 4277 poteramus,
1142 4197 1220 4277 quia
1241 4213 1308 4260 non
1327 4197 1390 4260 luit
1403 4198 1490 4262 alius
1504 4200 1722 4264 excellentior

77 4295 278 4359 eratcuncta
293 4311 506 4374 componens.
521 4297 561 4358 Et
574 4296 609 4358 in
626 4297 711 4359 libro
727 4297 870 4375 Sapien—
925 4297 1041 4359 modus
1062 4296 1097 4357 in
1120 4311 1184 4373 quo
1208 4295 1404 4358 salvationIs
1427 4296 1550 4359 nostrae
1573 4296 1718 4375 dignitas

78 4391 134 4454 tiae
149 4414 157 4453 ε
170 4397 243 4472 Epo
271 4409 319 4456 ecc
343 4408 404 4457 ore
424 4395 594 4457 Αῖῖῖεεῖθηῖ
604 4398 722 4468 prodit
734 4399 872 4471 pnmo-
925 4393 1111 4472 appararet.
1132 4393 1263 4455 Tertius
1293 4408 1374 4470 ergo
1394 4409 1509 4456 ramus
1532 4396 1584 4456 est
1604 4397 1717 4473 passio

76 4492 190 4564 penita
199 4492 282 4554 onte
292 4493 641 4556 ornnemcredtnrdm
650 4491 766 4573 (dccli.
775 4509 868 4567 xxiv,
925 4491 1064 4567 Christi3
1080 4490 1208 4552 fructus
1223 4493 1295 4568 ejus
1310 4489 1447 4568 spiritus
1459 4491 1604 4554 consilii.

77 4585 123 4664 5).
146 4589 237 4652 Unde
262 4589 466 4666 Augustinus
491 4590 528 4652 in
554 4589 654 4652 Libro
673 4590 815 4667 septimo
829 4593 870 4654 de
965 4589 1108 4662 Quartus
1130 4603 1245 4649 ramus
1264 4590 1317 4649 θεῖ
1338 4588 1510 4650 descensio
1531 4588 1653 4651 Christi
1676 4590 1718 4652 ad

79 4687 242 4749 reiterata
257 4705 300 4748 :c
321 4688 422 4750 Pater
436 4689 487 4751 θεῖ
515 4687 697 4767 Sapientia,
718 4688 753 4751 et
765 4688 870 4750 Filius
925 4687 1063 4750 interos.
1092 4687 1157 4748 Iste
1180 4699 1293 4747 ramus
1321 4684 1419 4746 sortis
1441 4685 1475 4747 θῖ
1496 4686 1718 4760 necessarius,
1743 4713 1745 4718 ·

78 4781 196 4845 dicitur
211 4784 383 4863 Sapientia
408 4787 530 4859 Patris,
556 4786 663 4848 Filius
678 4786 791 4850 lumen
805 4789 872 4848 Pa·
925 4785 1057 4864 quando
1072 4783 1222 4846 (thusum
1241 4782 1360 4846 sortior
1371 4782 1519 4845 mmatus
1533 4783 1671 4847 intravh
1684 4785 1720 4846 in

79 4879 142 4941 tris
154 4883 210 4954 est,
229 4882 342 4945 lumen
363 4883 556 4958 delumine,
572 4886 711 4962 uterque
731 4885 783 4947 θεῖ
803 4899 872 4946 una
925 4885 1059 4947 domum
1077 4881 1184 4952 tortis,
1200 4880 1329 4944 scilicet
1344 4881 1380 4942 in
1400 4879 1577 4953 infernum,
1595 4883 1720 4946 etvasa

80 4979 238 5056 sapienda
249 4984 283 5045 et
294 4997 361 5043 una
375 4982 569 5046 essentia.»
903 4984 999 5061 *ejus
1020 4977 1170 5058 diripuit,
1193 4980 1227 5042 et
1249 4977 1407 5041 contrivit
1419 4982 1534 5057 portas
1548 4995 1665 5054 aereas,
1688 4980 1722 5044 θῖ

120 5077 200 5140 Nam
229 5079 395 5157 sapientia
423 5079 529 5142 vincit
561 5080 745 5156 malitiam3
776 5095 869 5158 quae,
925 5081 1037 5142 vectes
1048 5077 1176 5141 ferreas
1186 5075 1360 5153 confregit.
1375 5079 1412 5138 ln
1423 5075 1616 5139 fortitudine
1626 5093 1723 5140 nam-

82 5172 252 5239 &lomene
266 5179 362 5251 teste,
383 5178 552 5255 attingite
568 5177 635 5240 dne
650 5193 754 5258 usque
771 5177 812 5239 ad
832 5176 873 5239 fl·
927 5192 991 5257 que
1009 5175 1179 5238 descendit
1205 5173 1248 5238 ad
1271 5174 1396 5237 inferos
1415 5175 1585 5252 nmquam
1605 5175 1721 5253 potens

82 5272 308 5348 nemiortiter,
331 5275 366 5337 et
386 5275 533 5354 disponit
553 5276 665 5338 omnia
689 5275 837 5339 suaviter
853 5289 874 5337 a
928 5273 1155 5353 crapulatusa
1175 5273 1268 5336 vino.
1293 5273 1382 5349 lirgo
1394 5272 1530 5350 quartus
1546 5286 1659 5334 ramus
1673 5275 1724 5336 est

82 5383 206 5434 summo
230 5373 327 5447 coelo,
354 5373 451 5447 idest,
482 5373 524 5436 ab
556 5389 713 5452 empyreo
742 5373 875 5438 fortiter
928 5373 1107 5436 descensus
1127 5369 1169 5433 ad
1189 5370 1337 5448 interos3
1353 5369 1482 5437 tructus
1495 5373 1568 5448 ejus
1585 5371 1723 5448 spiritus

82 5466 200 5545 dejecit
211 5471 456 5551 superbientem
475 5473 655 5544 diabolum,
675 5475 709 5538 et
727 5473 875 5536 suaviter
928 5468 1143 5535 fortitudinis.

83 5565 242 5642 disposuit
258 5571 294 5632 in
310 5568 455 5653 [sonum]
471 5570 698 5636 confirmando
717 5571 876 5635 obedien·
970 5567 1109 5642 Quintus
1121 5581 1236 5630 ramus
1248 5566 1300 5629 θεῖ
1313 5565 1526 5640 resurrectio,
1541 5565 1575 5628 et
1586 5565 1641 5628 hic
1652 5583 1726 5644 pre·

84 5663 154 5724 tem
165 5668 322 5743 angelum.
339 5671 477 5734 interra
488 5666 876 5734 iordtervasailliusdi-
929 5668 1036 5731 tiosus
1048 5666 1082 5729 et
1096 5665 1317 5737 necessarius,
1334 5663 1412 5742 quia
1430 5663 1466 5725 in
1481 5665 1725 5736 resurrectione
