3984 6306
805 351 982 424 Hortomr
1004 353 1049 415 111
1070 351 1219 426 osana.
1233 382 1275 400 -
1289 349 1523 417 annueres.
1879 367 1916 436 to

346 356 409 418 are
427 435 429 439 ¹

345 513 470 579 verhot
494 513 586 578 Tolle
612 512 760 588 verbum,
786 513 864 592 quid
892 515 942 576 est
971 529 1057 592 aqua
1078 513 1144 576 nisi
1198 516 1286 578 totus
1314 515 1467 578 mundus.
1497 517 1537 578 Et
1571 515 1606 577 ln
1633 515 1735 593 capite
1750 589 1752 594 ,
1765 519 1832 596 ejus,
1856 521 1916 596 idest,
1956 523 1957 560 ³

346 615 455 691 aquai
468 613 558 685 Quod
580 628 659 688 ergo
689 611 847 673 Dominus
877 612 957 674 dicit
973 633 981 672 ι
995 628 1014 671 ‹
1029 611 1144 673 Mundi
1199 613 1339 688 Christo,
1357 613 1413 692 qui
1430 615 1481 676 est
1497 613 1596 691 caput
1615 614 1769 685 Ecclesiae,
1786 619 1827 677 est
1839 632 1919 682 corona
1956 637 1957 660 ³

347 711 426 772 ostis
446 711 581 787 propter
604 724 792 770 sermonem
806 724 903 786 quem
919 708 1046 770 locutus
1070 724 1142 768 sum
1198 711 1371 773 duodecim
1397 712 1579 784 stellarum,
1607 709 1699 783 idest,
1719 711 1850 788 perfectio
1873 732 1918 777 ou·
1950 703 1957 773 i

345 805 460 877 rolris,
485 806 552 866 tale
580 807 630 866 est
656 804 751 882 quasi
784 804 872 879 dicat
894 827 901 864 ι
927 807 1000 866 tarn
1029 804 1143 865 muudi
1198 811 1289 869 nium
1316 809 1507 870 electorum.
1537 809 1623 869 Nam
1651 809 1827 886 quicumque
1849 811 1921 874 lucerl
1952 796 1964 848 ’π

346 903 428 964 estis
456 919 516 980 per
542 902 752 978 baptismum,
787 902 845 963 sed
863 901 981 962 uirtus
1012 901 1144 962 mundi·
1198 906 1326 982 fulgore
1348 906 1499 984 justitias,
1530 905 1607 967 sunt
1633 906 1787 982 tamquam
1808 907 1885 968 stella
1900 911 1920 968 iu

1197 1019 1320 1065 corona
1364 1003 1508 1074 Christi,
1548 1003 1601 1064 vel
1645 1003 1824 1065 diademate.
1855 1005 1920 1080 Igitur

1198 1117 1390 1162 maneamus
1424 1102 1460 1162 in
1495 1099 1625 1163 Christo
1645 1101 1799 1178 tamquam
1818 1102 1921 1178 palmites

1197 1197 1232 1260 in
1252 1199 1330 1270 vite,
1347 1197 1558 1274 suscipiendo
1571 1197 1613 1260 ab
1631 1197 1703 1274 ipso
1714 1197 1860 1258 humorem
1876 1215 1923 1274 gra·
1963 1232 1964 1237 κ

1196 1296 1263 1368 tiae,
1279 1298 1447 1373 tamquam
1456 1295 1586 1374 lapides
1599 1295 1634 1356 in
1644 1294 1843 1366 fundamento,
1854 1295 1922 1355 adio

1196 1392 1299 1455 rendo
1318 1392 1369 1454 illi
1385 1392 1480 1454 lirma
1499 1392 1672 1465 charitate,
1696 1393 1842 1469 tamquam
1860 1391 1924 1463 stela

1196 1491 1232 1552 in
1247 1490 1443 1564 diademate,
1460 1489 1655 1566 refulgendo
1666 1490 1737 1552 luce
1747 1490 1870 1568 justitia.

1238 1587 1394 1666 Sequitur
1408 1608 1415 1648 :
1427 1589 1523 1650 Stcrd
1535 1593 1668 1662 ommes
1688 1602 1753 1649 coc
1760 1588 1853 1663 potest
1867 1589 1926 1660 sruc-

1197 1684 1697 1763 trcmasemettpso.'rriplicem
1707 1684 1925 1761 gratiamsununl
1963 1717 1964 1720 =

1197 1782 1361 1859 palmites,
1384 1798 1405 1844 a
1429 1783 1570 1855 Christo,
1595 1782 1757 1853 videlicet,
1780 1781 1927 1859 pravenien-

1196 1881 1274 1953 tem,
1308 1879 1581 1948 sanctificantem,
1614 1879 1877 1947 consummantem,
1896 1876 1925 1936 ul

1196 1978 1458 2040 confirmantem.
1471 1977 1632 2038 Similiter
1641 1977 1797 2054 triplicem
1806 1975 1925 2036 hunoren

1196 2075 1296 2136 sumit
1319 2075 1445 2152 palmes
1468 2091 1489 2136 a
1510 2075 1588 2146 vite,
1612 2075 1720 2151 primo
1740 2075 1773 2135 ut
1793 2071 1925 2138 viridescat,

346 999 510 1061 ficationis
537 1015 603 1060 non
633 999 742 1060 estin
768 1015 854 1077 aqua
876 999 934 1060 sed
958 999 993 1060 in
1021 997 1141 1070 verbo,

344 1096 423 1173 quia
449 1111 534 1173 aqua
561 1096 698 1156 mundat
719 1111 777 1172 per
800 1095 984 1156 verbum.»
1007 1097 1144 1158 Verum·

343 1195 456 1255 tamen
470 1209 576 1270 neque
590 1192 727 1256 verbum
742 1192 815 1253 sine
829 1207 927 1270 aqua,
940 1207 1046 1269 neque
1056 1207 1142 1270 aqua

346 1291 420 1352 siue
439 1291 541 1352 verbo
567 1290 730 1368 purificat.
763 1291 826 1352 Sed
854 1289 950 1369 quasi
974 1305 1059 1367 aqua
1084 1306 1143 1368 per

344 1388 483 1450 uerbum
495 1388 659 1465 purificet,
670 1387 777 1450 virtus
788 1387 1031 1466 purificationis
1046 1388 1144 1449 attri-

343 1484 458 1548 buitur
474 1485 599 1548 verbis.

383 1585 524 1646 Monate
543 1587 579 1646 tn
597 1599 654 1646 mc
668 1585 702 1646 ct
721 1598 782 1661 epo
795 1585 831 1645 ῖιι
850 1586 943 1646 vobis
958 1581 1068 1663 (Joan.
1083 1599 1139 1654 xv,

346 1679 393 1759 4).
415 1681 484 1742 Νοε
505 1696 678 1743 manemus
690 1681 725 1742 in
742 1681 871 1744 Christo
884 1682 1052 1758 tamquam
1064 1680 1141 1756 pal-

344 1778 441 1838 mites
465 1778 501 1839 in
528 1779 607 1852 vite,
635 1781 794 1855 tanquam
815 1778 943 1856 lapides
964 1779 999 1839 in
1020 1777 1155 1839 funda-.

344 1876 466 1946 mento,
482 1875 650 1954 tamquam
666 1877 771 1938 stellae
783 1877 818 1936 in
833 1875 1029 1937 diademate.
1043 1877 1144 1938 Tam-

345 1989 443 2050 quam
454 1973 606 2050 palmites
617 1974 652 2034 in
662 1974 741 2047 vite,
753 1974 1141 2050 suscipientesacuristo

345 2071 557 2146 augmentum
584 2073 712 2147 gratiae,
736 2073 822 2133 sicut
845 2071 997 2148 palmites
1019 2071 1141 2132 humo-

344 2184 415 2230 rem
436 2169 622 2245 suscipiunt
636 2185 655 2229 a
670 2169 748 2231 rite.
766 2168 859 2230 Unde
880 2169 915 2230 in
935 2169 1114 2243 Evangelio
1132 2185 1139 2224 :

344 2269 396 2327 Dc
403 2266 620 2339 plenitudiue
633 2269 709 2340 cjrcs
722 2281 786 2328 cos
804 2281 923 2328 omues
934 2270 1139 2340 occepimus.

346 2362 381 2423 Si
396 2363 470 2440 quis
494 2361 596 2439 igitur
615 2364 741 2440 palmes
762 2364 814 2426 est
835 2363 995 2440 praeoisus
1019 2378 1039 2423 a
1060 2363 1139 2434 vite,

344 2475 411 2520 non
425 2460 533 2538 potest
547 2460 671 2523 habere
689 2461 871 2534 humorem,
883 2461 979 2533 idest,
997 2461 1141 2537 gratiam

346 2558 554 2620 adsalutem.
571 2559 640 2620 Nos
661 2574 833 2620 manemus
853 2559 890 2620 in
904 2559 1036 2620 Christo
1054 2559 1142 2619 tam-

345 2671 444 2732 quam
458 2654 586 2732 lapides
601 2654 635 2716 in
650 2654 875 2727 fundamento,
894 2656 971 2732 quia
987 2655 1073 2716 sicut
1089 2654 1143 2716 di-

345 2752 391 2814 cit
413 2753 589 2828 Apostolus
605 2774 612 2811 :
627 2754 783 2816 caristus
806 2753 858 2814 est
878 2754 1141 2826 fundamentum

347 2849 376 2928 (1
390 2851 464 2910 Cor.
480 2865 530 2921 111,
547 2848 613 2930 11).
628 2852 667 2911 Et
680 2850 796 2912 heatus
812 2851 930 2911 Petrus
945 2849 1026 2912 dicit
1038 2849 1141 2910 tideli-

343 2944 423 3006 hus:
440 2949 512 3022 spat
525 2947 702 3021 tamquam
714 2951 844 3022 lapides
862 2951 934 3008 rici
949 2951 1141 3022 mperoedt-

343 3045 498 3116 ltcumict
508 3041 593 3123 (Pet.
611 3060 646 3113 ιι,
662 3044 707 3125 5).
726 3045 830 3121 Igitur
842 3045 994 3106 Christus
1007 3046 1058 3106 est
1069 3043 1140 3106 sun-

344 3140 546 3212 damentum,
571 3141 667 3214 idest,
688 3141 822 3202 initium
842 3143 874 3203 ot
898 3141 1141 3202 firmamentum

344 3237 491 3299 omnium
502 3238 693 3300 electorum.
710 3238 861 3300 Christus
877 3238 1138 3300 esttundamen·

342 3337 413 3398 turn
427 3335 596 3407 Ecclesiae,
613 3335 691 3413 quia
709 3335 795 3396 siout
807 3334 876 3398 tota
891 3336 1007 3398 domus
1021 3335 1139 3397 nititur

344 3431 569 3504 fundamento,
583 3433 630 3494 ita
642 3433 711 3494 tota
726 3432 875 3494 Ecclesia
888 3432 1017 3509 regitur
1029 3433 1062 3495 et
1076 3450 1140 3510 gu·

342 3528 503 3592 bernatur
526 3545 545 3590 a
564 3529 705 3602 Christo,
732 3530 810 3607 quia
827 3530 914 3592 sicut
933 3530 1015 3592 dicit
1031 3534 1139 3607 Apos-

341 3627 449 3690 tolus:
466 3628 623 3690 Clrrtrtua
641 3628 693 3689 cst
707 3628 857 3702 caputet
873 3630 1137 3702 firmamentum

342 3729 503 3787 Ecclestoe
515 3724 611 3804 (Eph.
635 3739 666 3797 v,
683 3723 749 3805 23).
767 3726 893 3802 Corpus
912 3725 963 3788 est
976 3725 1135 3797 Ecclesia,

342 3822 489 3885 membra
505 3823 653 3900 corporis
668 3823 745 3884 sunt
760 3823 883 3899 singuli
898 3821 1022 3884 tideles.
1044 3822 1138 3884 Unde

341 3919 519 3995 Apostolus
544 3941 552 3978 :
574 3921 671 3981 Sicut
695 3924 734 3981 ta
765 3935 835 3981 urio
860 3935 1005 3994 corpore
1029 3921 1139 3982 mutto

292 4005 296 4010 ’
342 4019 498 4077 memma
518 4019 693 4088 hebemus,
708 4021 825 4078 omniu
845 4009 963 4078 autem
982 4019 1138 4079 memora

341 4116 579 4174 coneumdcm
589 4113 1139 4181 actumlradectitamutttuoum

343 4224 468 4284 corpus
482 4225 603 4270 sumus
616 4213 654 4270 tu
669 4209 803 4272 curato
820 4207 928 4289 (Rom.
942 4225 1003 4281 ιιιι,
1017 4209 1063 4289 4).

383 4306 465 4378 Quia
478 4306 564 4368 siout
576 4306 690 4368 domus
703 4305 821 4384 incipit
834 4321 972 4383 surgere
984 4324 1004 4368 a
1017 4307 1138 4369 funda-

342 4404 473 4476 mentis,
494 4403 540 4466 ita
568 4403 716 4465 Ecclesia
743 4404 872 4481 accepit
892 4405 1092 4482 principium
1116 4422 1136 4466 a

342 4500 1138 4578 Christo.ltemsicutlundamentumportatonus

308 4595 309 4600 ’
340 4599 442 4662 totius
462 4599 588 4673 domus,
613 4600 658 4661 ita
683 4598 833 4660 Christus
848 4600 935 4674 regit
954 4600 1136 4661 Ecclesiam

341 4700 375 4760 et
388 4699 498 4776 portat
508 4699 544 4760 ut
563 4698 679 4773 surgat
692 4697 728 4758 in
742 4696 856 4768 altum,
873 4695 936 4758 hoc
955 4698 1015 4770 est,
1033 4713 1135 4775 usque

341 4796 382 4858 ad
404 4796 534 4858 coelum.
556 4794 700 4856 Proinde
720 4809 779 4856 nos
802 4794 858 4872 qui
873 4811 987 4856 sumus
1007 4795 1136 4873 lapides

340 4894 421 4966 vivi,
451 4895 555 4954 simus
584 4893 802 4969 conglutinati
835 4896 1006 4967 caemento,
1037 4894 1133 4966 idest,

1197 2172 1342 2234 secundo
1357 2173 1394 2236 ut
1407 2171 1551 2234 fructum
1563 2170 1677 2243 iaciat,
1691 2172 1783 2234 tortio
1794 2171 1826 2232 ut
1835 2169 1927 2230 tructun
1963 2183 1964 2204 ³

1196 2270 1237 2331 ad
1268 2270 1491 2332 maturitatem
1519 2269 1691 2347 perducat.
1722 2269 1824 2330 Gmtia
1847 2278 1930 2344 prate
1963 2277 1964 2282 ¹

1196 2367 1292 2428 niens
1307 2366 1387 2428 tacit
1398 2367 1567 2444 palmitem
1582 2367 1790 2438 viridescere,
1799 2365 1875 2433 idest,
1885 2360 1929 2420 ide
1963 2371 1964 2382 ¹

1196 2464 1263 2526 lem
1283 2463 1404 2527 bonam
1428 2465 1632 2526 voluntatem
1658 2464 1787 2527 habero.
1809 2464 1841 2524 Et
1863 2458 1928 2534 grata
1963 2457 1964 2496 3

1196 2562 1401 2640 subsequens
1416 2561 1496 2624 iacit
1510 2562 1658 2623 animam
1676 2562 1793 2624 honum
1805 2574 1871 2636 opus
1881 2569 1929 2631 par·

1194 2659 1314 2732 turine,
1327 2661 1364 2721 ut
1377 2660 1481 2736 possit
1500 2657 1541 2720 ad
1557 2659 1779 2721 maturitatem
1793 2655 1928 2733 perducere.

1195 2758 1308 2818 Gratia
1337 2757 1544 2819 tructiticans
1566 2757 1646 2818 iacit
1673 2756 1817 2834 palmites
1836 2751 1929 2812 tructun

1194 2854 1316 2926 iacere,
1332 2855 1428 2928 idest,
1450 2855 1563 2916 lideles
1583 2854 1673 2916 bona
1694 2869 1790 2931 opera
1812 2847 1931 2928 poricere.

1194 2954 1240 3013 De
1262 2953 1369 3028 prima
1388 2953 1422 3014 et
1438 2953 1538 3014 tertia
1559 2953 1670 3027 gratia
1690 2951 1768 3012 dicit
1786 2944 1930 3026 Apostolus:

1192 3052 1286 3112 Deus
1300 3051 1422 3125 estqui
1435 3050 1653 3123 operatura
1668 3053 1760 3111 eota
1773 3043 1932 3114 vetretum

1192 3149 1297 3220 ficere
1307 3161 1374 3219 pro
1394 3149 1481 3209 dona
1503 3147 1680 3209 voluntate
1702 3144 1830 3226 (Philip.
1849 3157 1877 3208 ιι,
1896 3133 1933 3210 lt).

1193 3246 1233 3306 Et
1253 3243 1446 3320 Fulgentius
1471 3260 1517 3304 ε(
1545 3243 1707 3306 Voluntas
1736 3257 1805 3321 quae
1826 3239 1854 3300 in
1873 3231 1933 3294 rolris

1192 3341 1278 3402 bona
1302 3339 1388 3403 dono
1408 3341 1468 3402 Dei
1482 3340 1677 3402 miserentis
1688 3341 1833 3410 allicitur,
1854 3329 1932 3410 ipsail

1193 3439 1298 3511 nohis,
1315 3440 1352 3500 ut
1364 3438 1451 3500 hona
1470 3438 1603 3516 operari
1621 3439 1746 3511 valeat,
1767 3432 1935 3514 adiuvatur.»

1193 3536 1335 3599 Proinde
1364 3536 1393 3597 si
1408 3536 1571 3614 'palmites
1599 3534 1713 3598 lerunt
1740 3534 1875 3600 fructum,
1895 3533 1934 3583 11011

1192 3633 1353 3696 extollant
1372 3649 1419 3706 se,
1435 3633 1514 3712 quia
1528 3634 1637 3710 gratia
1652 3616 1935 3696 subministraturili

1192 3731 1316 3793 avite.
1341 3731 1455 3795 Gratia
1484 3747 1686 3794 consumans
1710 3731 1763 3793 rel
1788 3725 1938 3792 conmnao

1192 3829 1272 3891 iacit
1303 3827 1429 3890 tructus
1464 3829 1505 3890 ad
1521 3843 1524 3848 ·
1541 3829 1772 3891 maturitatem·
1802 3815 1936 3903 pervenite,

1192 3927 1287 3998 idest,
1311 3941 1413 4004 opera
1430 3926 1471 3988 ad
1495 3926 1746 4004 perlectionem
1769 3907 1937 3986 undenarii

1192 4023 1308 4086 oraret
1329 4024 1467 4086 arcens:
1485 4026 1664 4096 coeam
1683 4029 1756 4098 noc,
1779 4025 1869 4087 eea,
1884 4007 1939 4113 lul

1192 4123 1355 4194 operetur
1371 4137 1413 4183 ec·
1423 4123 1460 4182 tc
1472 4125 1568 4182 cobis
1586 4118 1657 4199 (Pa.
1673 4124 1726 4192 67,
1742 4117 1805 4198 26).
1819 4108 1898 4186 Quasi
1908 4104 1939 4162 dr

1192 4219 1266 4280 cat:
1291 4223 1339 4280 lit
1352 4221 1411 4292 qut
1425 4219 1559 4295 caepott
1580 4221 1617 4280 tn
1633 4221 1734 4281 noeis
1750 4221 1862 4279 docum
1877 4215 1938 4279 opo.

1191 4317 1359 4388 cortttrmc
1371 4314 1406 4377 et
1416 4304 1545 4390 perfice
1557 4317 1649 4386 ulau,
1664 4313 1745 4392 quia
1757 4311 1837 4374 nihil
1847 4295 1939 4385 prodest

1191 4411 1279 4473 bene
1289 4413 1439 4489 coepisse,
1458 4412 1487 4474 si
1503 4411 1589 4474 malo
1603 4411 1811 4474 desistimus.

1367 4758 1412 4817 IN
1434 4757 1565 4818 FESTO
1586 4754 1813 4818 vtaotltult.

1226 4899 1347 4959 Simile
1364 4897 1419 4959 eat
1434 4911 1581 4974 mgnum
1594 4902 1763 4960 coctorum
1781 4897 1884 4988 dcccc
1895 4883 1945 4942 cir

340 4991 529 5063 dilectione,
546 4991 578 5052 et
592 4991 779 5054 haereamus
794 4990 1018 5064 fundamento,
1035 4992 1133 5060 idest,
1188 4999 1323 5073 ataldus
1336 4993 1468 5074 (Matth.
1483 5011 1562 5067 xxv,
1581 4993 1625 5072 t).

341 5089 483 5156 Christo,
494 5091 651 5165 tanquam
666 5089 771 5151 stellae
786 5091 821 5150 in
836 5089 1033 5162 diademate,
1048 5091 1135 5152 sicut
1230 5094 1376 5166 Quatuor
1391 5091 1496 5153 modis
1510 5090 1711 5169 intelligitur
1729 5099 1861 5166 regnum
1874 5074 1945 5141 coelo·

341 5187 520 5263 legitur‘in
538 5185 747 5264 Apocalypsi,
774 5187 861 5264 quod
883 5189 1028 5248 loannes
1051 5187 1135 5249 vidit
1188 5206 1274 5263 rum,
1296 5189 1462 5262 videlicet,
1482 5189 1627 5251 coelestis
1643 5188 1767 5266 patria,
1789 5173 1945 5246 sanceiu-

340 5284 512 5348 muliersm
527 5284 682 5346 amictam
696 5285 777 5357 sole,
788 5284 822 5346 et
834 5285 914 5345 luna
924 5283 985 5346 suh
996 5284 1134 5362 pedibus
1189 5287 1302 5360 clesia,
1319 5287 1426 5349 fidelis
1440 5289 1564 5360 anima,
1583 5301 1678 5349 saera
1698 5284 1873 5362 Scriptura·
1887 5275 1948 5374 nu·

341 5387 425 5462 eJus,
448 5383 537 5446 etin
557 5382 665 5459 capite
686 5385 759 5459 ejus
783 5397 939 5445 coronam
963 5383 1134 5444 stellarum
1189 5402 1267 5446 num
1287 5384 1447 5446 coelorum
1467 5385 1588 5446 dicitur
1607 5383 1755 5446 coelestis
1768 5378 1877 5459 patria,
1890 5375 1964 5446 qnaq

341 5480 524 5543 duodecim.
540 5480 661 5542 Mulier
681 5481 740 5542 illa
762 5480 927 5556 significat
940 5481 1131 5552 Ecclesiam,
1189 5483 1235 5544 ihi
1249 5483 1390 5560 regnant
1405 5482 1490 5554 coeli,
1503 5481 1598 5554 idest,
1617 5481 1737 5542 sancti.
1755 5481 1892 5554 Regnum
1902 5477 1949 5525 cs

340 5595 415 5658 quae
430 5579 502 5640 erat
516 5578 636 5639 amicta
653 5579 733 5652 sole,
750 5577 846 5650 idest,
861 5578 1045 5640 divinitatis
1060 5578 1134 5640 cla·
1189 5582 1296 5642 lorum
1322 5579 1442 5641 dicitur
1465 5581 1580 5642 sancta
1602 5577 1763 5648 Ecclesia,
1783 5573 1857 5652 quia
1877 5567 1904 5626 in
1924 5569 1964 5662 ‘iq

294 5677 298 5680 ''
339 5677 448 5743 ritate.
465 5676 505 5740 Et
522 5675 691 5741 lunaerat
712 5675 774 5738 suh
789 5675 925 5754 pedibus
946 5678 1028 5754 ojus,
1050 5675 1136 5740 idest
1189 5679 1376 5741 suntmulti
1391 5693 1499 5756 reges,
1516 5677 1614 5751 idest,
1631 5676 1740 5740 sancti
1754 5669 1964 5752 quorum00l·l
