3936 6318
282 389 339 451 171
740 383 916 446 uouonu
938 384 983 444 m
1005 377 1458 447 censa-susumus.
1852 383 1896 442 m

282 547 362 610 runt
376 560 447 609 eam
461 545 747 620 interangustias,
758 545 835 622 quia
848 544 914 622 ipsi
928 541 1082 620 affligunt
1135 559 1182 606 ear
1191 547 1262 608 Deo
1273 544 1398 607 esttcet
1408 545 1540 606 emistis
1549 509 1897 620 metipsumtlloanu'
1950 603 1951 606 ,

282 648 427 708 animam
439 644 579 705 diversis
594 641 828 705 afflictionibus
844 641 978 704 inferni.
991 645 1079 719 Opus
1136 640 1199 722 13),
1217 642 1303 704 idest
1321 641 1500 714 diabolum,
1522 642 1601 720 quia
1624 641 1738 704 sortior
1755 639 1801 700 est
1814 639 1860 715 qui
1872 639 1898 697 in

281 743 438 806 vanitatis
451 743 501 802 θεῖ
513 742 760 818 hypocritarum
774 740 830 818 qui
840 739 965 802 iaciunt
979 755 1079 817 opera
1134 740 1228 802 vobis
1239 741 1299 812 θεῖ,
1310 739 1406 812 ῖιῖθεῖ,
1415 740 1578 813 Christus
1592 737 1792 818 quam-quiin
1801 735 1899 796 mundo
1950 729 1951 792 3

281 858 352 915 sua,
366 843 403 903 ut
416 839 575 901 Dominus
586 841 678 901 aitin
690 839 880 914 Evangelio,
897 839 1081 900 utvidean-
1134 840 1194 910 θεῖ,
1212 838 1297 899 idest
1310 838 1472 899 diabolus.

280 940 336 1003 tur
350 939 391 1000 ah
415 938 616 999 hominihus.
634 936 727 999 Unde
741 937 776 997 in
791 937 971 1014 Evangelio
989 959 996 997 :
1012 938 1078 998 At·
1174 937 1278 998 Aliter
1311 937 1462 998 Christus
1489 937 1542 998 θεῖ
1570 936 1603 996 in
1633 934 1738 1006 nohis,
1767 949 1852 1010 quam
1874 931 1901 992 in
1950 945 1951 950 ¹

281 1037 409 1098 tendite
441 1051 463 1096 a
492 1035 663 1110 fermento
693 1037 956 1096 Pharisaeorum
993 1035 1080 1108 qood
1134 1034 1255 1096 mundo
1283 1033 1444 1096 diabolus.
1474 1034 1664 1111 Tripliciter
1691 1033 1726 1094 in
1750 1030 1836 1092 nobis
1859 1029 1901 1090 θεῖ

279 1135 331 1196 θεῖ
360 1135 551 1208 hepomtsar
576 1130 678 1212 (Luc.
714 1147 782 1204 nu,
815 1129 866 1210 l).
894 1131 1076 1203 Attendite,
1134 1133 1283 1194 Christus
1300 1148 1307 1188 :
1325 1149 1384 1210 ρθι·
1400 1132 1591 1205 essentiam,
1613 1147 1674 1209 ρθι·
1693 1129 1862 1192 doctrinam
1876 1127 1902 1186 et

278 1231 380 1303 idest,
408 1229 571 1291 custodite
595 1245 655 1293 vos
677 1247 696 1291 a
722 1230 895 1292 sarmento.
923 1230 1007 1301 Quia
1031 1230 1080 1290 si·
1133 1245 1192 1306 ρθι·
1205 1231 1468 1303 sacramentum,
1483 1231 1561 1309 quia
1574 1245 1634 1291 nos
1650 1227 1782 1298 creavit,
1795 1223 1901 1302 guber·
1950 1297 1951 1300 Ἴ

281 1329 337 1390 cut
379 1327 576 1389 termentum
618 1328 800 1404 corrumpit
831 1343 995 1397 massam,
1031 1328 1078 1389 ita
1133 1328 1190 1389 nat
1218 1328 1252 1390 θῖ
1278 1328 1365 1404 regit
1394 1329 1481 1389 inter
1508 1327 1688 1390 varietates
1716 1325 1748 1386 et
1779 1320 1903 1400 pericula
1950 1321 1951 1384 4

279 1425 465 1503 hypocrisis
480 1426 662 1502 corrumpit
675 1425 832 1498 animam,
860 1425 947 1487 sicut
974 1425 1078 1486 estin
1132 1424 1232 1502 hujus
1254 1425 1378 1497 mundi,
1398 1426 1476 1502 quia
1497 1425 1609 1485 omnia
1632 1439 1693 1500 ρθι·
1716 1422 1818 1499 ipsum
1834 1417 1904 1478 iacta
1950 1497 1951 1500 Ἴ

279 1523 492 1599 Evangelio:
519 1525 692 1586 Modicam
727 1525 939 1598 fermentum
971 1525 1078 1586 totam
1132 1525 1220 1593 sunt,
1237 1523 1271 1585 at
1288 1523 1445 1600 sineipso
1459 1522 1645 1584 factumest
1664 1519 1758 1582 nihil.
1775 1517 1850 1590 Quia
1867 1514 1906 1575 si·
1950 1527 1951 1592 j

278 1635 434 1686 massam
466 1623 661 1695 corrumpit
685 1619 716 1701 (l
747 1623 821 1682 Cor.
848 1637 882 1694 v,
910 1619 955 1698 6).
984 1620 1077 1683 Nihil
1132 1621 1188 1683 cut
1202 1621 1283 1683 dicit
1296 1621 1473 1698 Apostolus
1488 1642 1496 1680 z
1510 1621 1649 1682 Nonest
1662 1617 1802 1681 υοῖθιιῖῖε
1815 1625 1905 1686 repre
1950 1613 1951 1688 ξ

279 1717 368 1779 enim
381 1718 495 1780 valent
508 1718 595 1780 hona
610 1734 711 1796 opera
731 1719 760 1780 si
775 1718 899 1780 fuerint
911 1718 952 1780 ab
966 1719 1077 1796 hypo·
1131 1720 1307 1780 merrcutts
1318 1722 1378 1780 sed
1389 1722 1454 1780 Det
1464 1719 1665 1780 miserentis
1675 1714 1783 1796 (Rom.
1799 1727 1842 1782 rx,
1854 1707 1905 1786 16).

279 1815 360 1878 crisi
383 1817 549 1892 corrupta.
566 1815 795 1878 Undeveritas
810 1817 878 1878 ait:
901 1819 1075 1889 reuoca,
1132 1818 1172 1878 nt
1196 1816 1274 1878 licet
1302 1815 1422 1876 absens
1453 1830 1591 1892 corpore
1618 1813 1790 1883 videatur,
1812 1811 1905 1871 tamen
1950 1859 1951 1888 ,

275 1916 398 1976 semote
412 1914 446 1975 et
459 1917 634 1979 Pharisaei
655 1915 853 1988 hypocritae,
876 1917 934 1988 qut
947 1917 1077 1976 similes
1132 1929 1279 1991 presens
1311 1914 1362 1976 θεῖ
1387 1929 1448 1990 per
1478 1912 1700 1985 divinitatum,
1731 1910 1805 1988 quia
1834 1909 1906 1967 Deus

277 2012 361 2072 estis
374 2013 562 2086 sepulchris
575 2013 749 2083 decidatis,
772 2027 849 2086 quoe
862 2011 949 2085 forts
963 2026 1076 2086 appo·
1131 2027 1278 2089 praesens
1304 2013 1356 2073 θεῖ
1380 2026 1447 2072 non
1475 2012 1582 2072 solum
1615 2007 1836 2087 potentialiter
1860 1999 1906 2063 sed

276 2108 559 2172 reothomtnious
569 2102 1078 2184 speciosamtmamemmdaa
1131 2110 1231 2171 etiam
1244 2109 1478 2181 essentialiter,
1496 2109 1581 2169 sicut
1596 2107 1765 2170 diciturin
1777 2103 1905 2182 psalmo:

276 2205 358 2268 suut
372 2209 504 2268 ossibus
514 2209 738 2270 mortuorum
750 2207 787 2268 et
802 2210 896 2269 cmm
907 2207 1077 2283 spurcitie
1130 2211 1168 2270 St
1182 2211 1369 2272 ascendero
1382 2211 1420 2269 ta
1433 2212 1556 2269 coelum
1570 2207 1608 2267 te
1623 2209 1688 2268 illle
1703 2220 1751 2278 es,
1768 2203 1800 2266 at
1808 2203 1837 2262 st
1849 2202 1908 2260 ἀθε-
1950 2219 1951 2268 l

280 2301 411 2382 (Matth.
429 2320 526 2377 xxrn,
544 2303 608 2381 13).
1129 2309 1276 2367 ceodero
1289 2308 1327 2366 io
1347 2306 1527 2379 trefortium
1548 2307 1630 2366 odes
1645 2301 1721 2383 (Ρε.
1746 2303 1793 2370 13,
1816 2297 1857 2377 8).
1876 2294 1909 2356 ut
1950 2287 1951 2376 ξ

317 2401 410 2473 Quod
429 2402 514 2464 bane
536 2403 759 2478 significatum
783 2403 833 2465 est
857 2402 891 2478 in
906 2401 994 2463 idolo
1009 2403 1077 2463 Da·
1122 2403 1193 2465 hoc
1207 2403 1305 2464 modo
1320 2405 1371 2465 ost
1384 2402 1418 2463 in
1435 2403 1525 2465 omni
1539 2403 1705 2464 creatura.
1723 2404 1787 2462 Per
1803 2393 1910 2458 doctri-
1950 2419 1951 2454 ι

276 2499 386 2572 nielis,
404 2501 488 2577 quod
511 2501 713 2562 intrinsecus
738 2503 812 2562 erat
832 2501 955 2563 luteum
969 2502 1002 2563 et
1015 2515 1077 2561 ex·
1130 2499 1308 2577 namquia
1323 2515 1385 2561 nos
1405 2515 1465 2577 per
1479 2500 1677 2577 scripturam
1696 2495 1840 2576 quotidie
1858 2492 1909 2552 do-

273 2597 438 2678 tm'nseous
454 2599 526 2659 erat
536 2613 676 2659 aeneum.
686 2599 790 2660 lledts
803 2599 978 2675 hypocrita
989 2599 1076 2659 assi·
1130 2600 1184 2661 cet
1203 2599 1293 2659 recte
1311 2598 1437 2660 vivero.
1454 2601 1493 2659 Et
1507 2597 1572 2659 hoc
1586 2597 1682 2659 modo
1697 2598 1750 2659 θεῖ
1763 2595 1799 2656 in
1818 2587 1913 2654 homi·
1950 2667 1951 2672 ἵ

276 2693 413 2755 milatur
426 2693 627 2766 idolo.·Quia
645 2696 732 2757 sicut
743 2696 870 2757 ¹idolum
881 2696 1074 2757 adoratura
1130 2696 1238 2758 nibus.
1253 2697 1347 2758 Unde
1356 2695 1549 2773 Apostolus:
1560 2699 1787 2770 Quccmmpue
1796 2689 1912 2763 scripta
1950 2721 1951 2770 3

274 2791 440 2867 gentihus,
469 2791 515 2852 ita
538 2791 720 2869 ¹hypocrita
747 2792 819 2855 vult
850 2793 1010 2854 honorari
1033 2792 1074 2854 ah
1129 2795 1220 2866 suat,
1243 2797 1288 2856 od
1306 2795 1464 2856 nostram
1484 2795 1677 2856 doctrinam
1699 2791 1831 2866 scripto
1845 2783 1912 2848 ment
1950 2821 1951 2874 3

276 2888 477 2949 hominihus.
501 2889 541 2950 ut
560 2889 651 2952 *sicut
672 2890 795 2952 idolum
815 2891 865 2951 θεῖ
879 2889 1074 2970 imag01ho-
1129 2889 1239 2971 (Rom.
1259 2907 1316 2962 xv,
1338 2891 1384 2972 4).
1412 2894 1451 2954 m
1471 2894 1618 2955 ioannes
1641 2891 1677 2951 in
1705 2883 1912 2968 Apocalypsi:
1950 2947 1951 2950 ,

275 2985 375 3046 minis
409 2985 481 3048 sino
516 2987 646 3060 anima,
676 2988 727 3050 ita
767 2988 940 3066 hypocrita
975 2988 1075 3052 hahet
1134 2994 1208 3052 Vidi
1230 2992 1435 3052 redemtore
1457 2992 1609 3052 sedeatis
1631 3003 1740 3063 saper
1764 2991 1914 3049 thronum

276 3085 420 3160 speciem
442 3085 627 3147 sanctitatis
665 3087 737 3148 sine
763 3087 946 3148 intentione
974 3086 1072 3151 bona.
1128 3093 1253 3152 lterum
1266 3089 1435 3163 scriptum
1450 3089 1545 3150 iratus
1555 3089 1686 3165 etsoms
1701 3086 1818 3168 (Apoo.
1831 3100 1860 3155 v,
1876 3077 1913 3156 1).
1950 3099 1951 3106 “

274 3181 354 3242 Tale
369 3181 493 3244 idolum
513 3183 715 3245 intrinsecus
736 3188 787 3246 θεῖ
808 3185 944 3258 luteum,
964 3188 1073 3248 etex·
1129 3189 1194 3249 Isto
1208 3187 1295 3248 liber
1307 3201 1405 3264 quam
1418 3186 1502 3248 vidit
1515 3188 1673 3258 loannes,
1691 3183 1858 3263 significat
1870 3179 1916 3239 di·
1950 3229 1951 3232 ,

274 3279 440 3342 trinsecus
464 3279 521 3342 θεῖ
541 3297 685 3351 aeneum,
714 3282 791 3360 quia
819 3283 992 3360 hypocrita
1020 3284 1075 3344 in·
1127 3285 1240 3347 vinam
1260 3285 1471 3360 scripturam.
1496 3285 1558 3356 Qui
1583 3283 1721 3346 sedabat
1746 3285 1783 3346 in
1808 3281 1916 3343 throno
1950 3279 1951 3322 3

274 3377 439 3440 trinsecus
455 3379 598 3441 occultat
612 3395 706 3441 suam
725 3381 930 3457 spurcitiam,
952 3382 985 3443 et
1007 3397 1072 3444 ex·
1128 3383 1177 3444 est
1191 3386 1278 3445 Deus
1294 3383 1403 3455 Pater,
1421 3383 1476 3459 qui
1486 3383 1604 3458 regnat
1618 3383 1653 3443 in
1666 3384 1764 3445 coelo.
1780 3383 1853 3458 lpse
1865 3378 1920 3436 ha-

275 3474 441 3538 trinsecus
452 3477 603 3538 ostendet
614 3493 709 3539 suam
718 3479 895 3555 justitiam.
908 3477 1073 3561 Etssheatus
1127 3481 1182 3542 het
1212 3481 1333 3542 lihrum
1362 3481 1398 3541 in
1425 3495 1526 3542 manu
1554 3495 1626 3550 sua,
1656 3480 1757 3553 idest,
1783 3478 1919 3539 divinam

274 3573 393 3634 Petrus
408 3595 415 3634 :
429 3577 478 3634 Hi
485 3575 567 3636 sumt
578 3575 773 3650 forrtcssme
786 3593 876 3652 aquo
893 3579 926 3640 et
944 3583 1074 3641 aenam
1128 3579 1326 3655 scripturam
1351 3579 1387 3638 in
1414 3577 1586 3655 potestate.
1615 3577 1739 3640 ,Divina
1765 3575 1921 3652 scriptura

275 3673 467 3734 tardiribus
482 3674 681 3750 euayttatoe,
705 3677 826 3748 quihus
846 3679 953 3754 cattpo
976 3679 1073 3740 tene-
1128 3677 1178 3740 θεῖ
1191 3676 1298 3739 forma
1313 3676 1346 3739 et
1357 3674 1521 3744 doctrina,
1538 3674 1682 3753 qualiter
1696 3674 1877 3736 debeamus
1895 3667 1921 3728 ei

273 3771 417 3830 irarum
428 3771 635 3832 reservatur
650 3768 695 3850 (H
707 3771 777 3834 Pet.
794 3788 830 3845 11,
846 3772 911 3854 17).
1034 3821 1041 3834 .
1128 3774 1270 3852 placere.
1286 3776 1360 3851 lpse
1375 3775 1492 3851 aperit,
1505 3773 1577 3851 ipso
1588 3771 1724 3845 claudit,
1743 3773 1779 3834 et
1792 3772 1864 3848 ipse
1876 3765 1924 3827 dat

313 3866 1070 3945 SequiturzMariaSalomegenuitduoslilios,
1128 3872 1350 3934 ouivoluerit.

275 3961 404 4024 scilicet
417 3964 576 4025 iacobum
587 3965 620 4026 et
633 3967 806 4027 loannem.
820 3969 838 4029 J
841 3968 964 4028 acubus
974 3969 1075 4031 inter·
1169 3971 1235 4030 Per
1247 3970 1519 4042 sacramentum,
1536 3968 1614 4047 quia
1629 3983 1691 4030 nos
1710 3965 1864 4044 quotidie
1877 3977 1926 4024 re-

274 4060 424 4136 protatur
463 4062 692 4138 supplantator
723 4063 756 4124 et
788 4064 957 4140 significat
990 4081 1072 4142 opus
1127 4065 1197 4127 licit
1221 4079 1360 4142 corpore
1386 4065 1420 4126 at
1440 4066 1602 4141 sanguine
1625 4081 1696 4126 suo.
1727 4065 1818 4138 Quia
1847 4059 1926 4122 sicut

275 4157 458 4230 charitatis,
470 4157 568 4229 idest,
585 4159 661 4220 illos
676 4159 870 4237 qui-iaciunt
884 4177 984 4238 opera
998 4162 1074 4224 oha-
1128 4162 1278 4224 dhristus
1290 4161 1392 4222 semol
1409 4166 1558 4224 mortuus
1577 4162 1677 4224 estin
1692 4177 1797 4224 cruce
1818 4161 1859 4222 ad
1875 4159 1928 4220 de-

272 4253 393 4317 ritutis.
408 4258 454 4316 De
469 4255 586 4333 quihus
603 4257 685 4318 dicit
700 4258 880 4334 Gregorius
897 4261 1072 4320 :«Bonum
1127 4258 1226 4321 lenda
1258 4259 1394 4336 peccate
1424 4260 1549 4333 nostra,
1586 4260 1673 4321 sicut
1704 4259 1791 4321 dicit
1813 4259 1927 4321 Petrus

274 4367 447 4430 ergoopus
464 4351 558 4416 nohis
571 4355 615 4416 sit
630 4355 859 4429 involuntate,
876 4373 953 4420 nam
966 4359 1074 4418 exdi-
1128 4357 1296 4434 apostolus
1318 4379 1325 4418 :
1350 4361 1429 4432 Ipse
1454 4358 1608 4431 portauit
1634 4359 1780 4433 peccata
1811 4356 1930 4419 mostra

274 4450 352 4512 vino
381 4451 546 4528 adjutorio
575 4453 639 4514 erit
666 4453 701 4514 in
727 4453 939 4531 perlectione-
954 4472 984 4516 s.
1014 4455 1072 4517 Isti
1126 4469 1232 4528 super
1247 4458 1378 4532 lienum
1389 4453 1515 4535 (lPetr.
1527 4469 1564 4526 11,
1575 4451 1641 4533 24),
1652 4454 1685 4516 θῖ
1699 4455 1830 4517 isaias:
1850 4457 1930 4514 Vere

275 4548 489 4626 supplantant
510 4565 566 4610 eos
591 4553 647 4626 qui
668 4551 794 4612 iaciunt
820 4566 921 4629 opera
942 4553 1071 4629 iniqui·
1126 4557 1310 4630 lanpuores
1337 4553 1475 4614 costros
1505 4555 1577 4626 ipse
1607 4552 1695 4622 tutti,
1726 4555 1762 4613 et
1788 4550 1932 4627 peccato

273 4648 353 4708 tatis
366 4649 399 4709 θῖ
410 4647 579 4720 vanitatis,
594 4648 690 4721 idest,
708 4663 807 4728 opera
819 4650 906 4710 mala
917 4651 950 4712 et
962 4651 1071 4728 hypo·
1126 4653 1248 4712 nostra
1261 4654 1334 4724 ipsc
1345 4650 1502 4722 portauit
1518 4645 1576 4731 (Ιε.
1593 4664 1664 4721 ιιιι,
1685 4647 1730 4728 4),
1750 4650 1801 4712 ita
1818 4647 1930 4728 quoti·

206 4741 208 4744 ’
274 4745 387 4806 crisin.
403 4747 460 4806 lsti
475 4747 639 4822 castigant
651 4763 790 4827 corpora
810 4763 881 4818 sua,
896 4749 928 4810 ct
945 4749 980 4810 in
1000 4765 1073 4810 ser-
1126 4747 1181 4809 die
1194 4763 1273 4808 caro
1285 4748 1357 4823 eJ'us
1371 4747 1563 4810 immolatur
1581 4747 1616 4807 in
1632 4747 1730 4808 altari
1745 4748 1792 4808 ad
1808 4747 1933 4809 remis-

274 4839 413 4901 vitutem
423 4843 578 4917 redigunt
590 4845 624 4904 in
640 4845 752 4906 multis
766 4846 800 4908 et
813 4847 918 4908 variis
930 4847 1073 4910 tribula·
1127 4845 1254 4905 sionem
1282 4843 1503 4920 peccatorum.
1530 4842 1624 4905 Unde
1651 4843 1687 4903 in
1720 4843 1931 4922 Evangelio:

274 4935 434 5009 tionibus,
452 4937 538 4999 sicut
559 4942 609 5000 θεῖ
623 4940 704 5002 illud
719 4944 868 5020 Apostoli
883 4965 890 5003 :
907 4960 925 5004 a
940 4945 1071 5022 Castigo
1125 4941 1662 5006 Ntscmeadacaeerittscornem
1671 4945 1753 5004 Filii
1761 4945 1933 5010 hominis,

276 5049 396 5111 corpus
429 5049 537 5095 meum
564 5039 605 5096 et
630 5036 665 5097 in
694 5042 886 5103 servitutem
913 5041 1069 5118 redigo».
1126 5041 1160 5102 et
1176 5039 1328 5101 biberitis
1350 5043 1425 5111 ejus
1438 5043 1655 5115 sunamitem,
1672 5054 1741 5101 aori
1762 5040 1936 5104 aasentias

277 5132 370 5194 Unde
395 5131 572 5208 Apostolus
603 5133 757 5197 admonet
782 5137 906 5211 fideles,
937 5139 1069 5203 dicens:
1126 5133 1571 5209 attaminaohtsttoan.r1,
1588 5135 1730 5215 ostili:
1749 5140 1821 5203 Qui
1832 5154 1938 5200 ιιιαιι-

275 5230 484 5303 Mortificate
500 5233 656 5291 memoro
677 5234 796 5293 eastra
820 5251 899 5296 omn
923 5240 1018 5300 vittis
1039 5241 1071 5306 et
1125 5236 1227 5296 ducat
1247 5249 1362 5296 rreum
1379 5247 1522 5296 caraem
1542 5236 1576 5296 ct
1602 5235 1682 5296 orca
1699 5231 1831 5297 :mosim
1853 5251 1939 5298 serc-

276 5329 567 5403 coacuptsccottis,
583 5331 1018 5406 trementem-peccatam
1035 5341 1072 5399 m
1125 5335 1276 5408 partilem,
1290 5331 1389 5393 necet
1407 5333 1519 5392 ettam
1536 5333 1707 5393 aeternam
1727 5332 1850 5411 (ibid,
1870 5333 1936 5411 57).

276 5427 392 5489 oestro
406 5427 545 5488 coartati
565 5423 863 5504 corporetcoloss.
887 5443 936 5497 ιιι,
950 5431 994 5511 5).
1015 5435 1071 5496 lsti
1127 5431 1166 5489 Et
1184 5429 1246 5492 hoc
1262 5427 1358 5490 modo
1372 5429 1422 5489 est
1440 5429 1475 5489 in
1488 5428 1584 5490 honis
1599 5429 1640 5490 ad
1651 5431 1800 5506 gratiam
1815 5431 1903 5494 conl
1920 5463 1939 5476 -

276 5525 431 5586 (licuntur
452 5525 729 5601 supplantatores,
758 5525 835 5601 quia
860 5528 1073 5603 supplantant
1125 5525 1274 5588 rendam.
1296 5529 1333 5588 ln
1358 5525 1454 5587 malis
1476 5529 1526 5588 est
1549 5527 1590 5588 ad
1605 5526 1769 5604 jndicium
1799 5545 1939 5591 eorum.

274 5623 355 5686 vitia
379 5623 569 5700 etpoccata,
587 5623 619 5684 et
644 5623 802 5700 superant
822 5621 999 5687 diabolum.
1026 5631 1072 5690 De
1128 5622 1221 5686 Unde
1253 5623 1456 5700 Apostolus:
1489 5627 1552 5692 om
1584 5626 1770 5687 umectent
1803 5641 1942 5704 corpas

270 5721 395 5806 'quibas
410 5720 490 5784 dicit
509 5723 655 5784 loannes
677 5722 712 5783 in
728 5721 878 5800 Epistola
901 5739 984 5787 sua:
1010 5729 1073 5788 Vos
1127 5722 1266 5784 norico·
1285 5723 1317 5786 et
1339 5722 1418 5786 citit
1443 5727 1649 5800 sosipatrem
1664 5727 1744 5797 ejas
1769 5726 1941 5805 tradique,
