3960 6304
296 365 353 428 431
858 357 1033 421 novonu
1056 359 1183 422 ruem
1203 359 1248 421 111
1273 361 1380 422 vrvl.
1523 359 1528 367 ·
1845 374 1885 432 ,32

297 524 386 588 vesci
402 523 598 607 permissum
619 521 721 598 essem
738 519 913 598 episcopus
926 536 1043 584 eorum
1057 519 1090 583 ld
1146 519 1412 582 Cluniacenslum
1429 520 1606 584 constituta
1618 525 1724 586 esseut
1736 541 1744 585 :
1757 543 1772 584 e
1784 527 1887 592 banda·

297 639 357 686 sua
368 621 563 684 auctoritate
573 635 640 682 nou
653 619 703 682 est
712 634 813 680 ausus
824 618 1021 692 deliberare,
1034 619 1091 682 sed
1146 635 1164 678 e
1180 636 1253 680 mus
1265 619 1359 681 vobis
1374 619 1550 692 universis,
1570 621 1727 698 quatenus
1743 622 1887 700 hujusmodi

298 721 392 784 Sedis
412 719 611 797 Apostolicae
630 717 805 796 judicium,
831 716 918 779 undo
944 717 1091 779 omnium
1147 718 1361 780 «sententias
1377 717 1410 778 in
1427 717 1575 778 fraudem
1590 719 1817 796 privilegiorum
1833 741 1888 786 uos-

296 814 520 881 Ecclesiarum
552 831 670 877 norma
699 815 841 888 derivat,
872 815 1091 892 expetendum
1147 810 1305 873 «trorum
1323 812 1363 873 de
1378 813 1499 874 caetero
1515 828 1579 873 non
1595 811 1716 886 ieratis,
1732 816 1799 891 quia
1811 817 1834 878 si
1847 835 1888 880 su-

296 911 482 986 consultio
498 929 596 991 quam
611 930 680 974 rem
696 913 863 974 Honorius
878 910 940 973 hoo
953 913 1094 990 rescrip·
1147 922 1239 984 «por
1254 905 1316 967 hoc
1333 906 1374 968 ad
1391 923 1451 968 nos
1468 906 1576 968 denuo
1597 908 1719 970 clamor
1736 911 1889 978 ascenderit

295 1017 364 1076 tum
377 1011 481 1075 edidit
496 1035 503 1074 ι
518 1029 536 1072 c
550 1012 727 1090 Explicari,
740 1029 758 1070 s
773 1009 882 1088 inquit
895 1025 913 1071 c
924 1026 983 1087 per
992 1013 1093 1088 ,ipos-
1147 1020 1166 1064 c
1181 1019 1247 1065 non
1263 1005 1444 1081 poterimus
1466 1005 1716 1068 conniventibus
1736 1007 1825 1070 oculis
1840 1026 1892 1086 per·

296 1111 462 1172 stolicam
479 1109 595 1172 Sedem
612 1109 784 1186 postulasti
800 1108 840 1170 de
855 1108 977 1170 natalis
996 1109 1091 1168 scili·
1147 1103 1323 1164 «transire
1334 1103 1893 1182 quinpromulgatorestallumseuten-

297 1209 380 1270 «cet
394 1207 557 1269 Dominici
573 1206 639 1269 diei
653 1224 715 1268 usu
734 1205 896 1276 carnium,
912 1205 1094 1282 responde·
1148 1201 1301 1262 «tiarum
1313 1203 1491 1264 severitate
1503 1201 1613 1264 debita
1625 1203 1811 1280 castigemus
1823 1203 1868 1282 (3).

297 1321 415 1377 «mus,
433 1305 518 1382 quod
538 1303 589 1368 illi
606 1305 662 1383 qui
684 1320 745 1367 nec
764 1306 839 1366 voto
862 1319 924 1365 nee
945 1304 1093 1380 regulari
1189 1298 1449 1361 Praedicatorum
1463 1301 1573 1362 autem
1588 1301 1745 1368 ordinem,
1759 1304 1896 1378 cuiusauc·

299 1399 543 1464 «observantia
568 1403 644 1465 suut
660 1401 810 1463 adstricti
830 1402 864 1462 iu
887 1403 981 1462 sexta
997 1402 1092 1474 teria,
1148 1397 1253 1458 torem
1285 1399 1356 1473 jam
1389 1397 1423 1458 in
1451 1399 1643 1461 innocentio
1669 1399 1803 1460 diximus
1824 1399 1896 1460 luisse

299 1499 362 1562 «si
380 1497 498 1562 testum
523 1495 715 1562 Natiuitatis
744 1495 924 1560 Dominicae
942 1499 995 1560 die
1021 1499 1093 1576 ipso
1148 1495 1280 1556 beatum
1296 1495 1502 1557 Dominicum
1523 1498 1660 1572 rogatus
1679 1495 1719 1558 ab
1739 1496 1814 1574 ipso,
1832 1501 1898 1573 cujus

301 1598 448 1660 «venire
472 1597 658 1674 contigerit,
682 1597 837 1659 carnibus
864 1597 999 1674 propter
1018 1597 1094 1658 festi
1149 1593 1346 1656 industriam
1360 1593 1899 1671 inprofligandanlbigeusiunapul

298 1695 1096 1770 ‹excellentiamveseipossunt,seeundumcon·
1149 1691 1302 1752 Tolosam
1327 1691 1448 1752 haeresi
1482 1693 1631 1763 noverat,
1668 1696 1759 1769 cujus
1780 1693 1901 1753 sanctita-

297 1811 316 1854 «
333 1791 540 1856 suetudinem
551 1791 708 1854 Ecclesiae
719 1793 1094 1868 generalisNectamen
1149 1790 1215 1850 tem
1226 1789 1326 1850 etiam
1339 1788 1510 1850 miraculis
1522 1789 1753 1850 accedentibus
1763 1791 1901 1866 spectarat,

298 1891 367 1954 ‹tbi
377 1890 640 1968 reprehendendi
656 1893 744 1962 suut,
760 1893 815 1968 qui
831 1892 871 1954 ob
886 1892 1094 1955 devotionem
1149 1902 1314 1964 propensa
1324 1887 1504 1960 voluntate,
1517 1903 1615 1964 quam
1629 1877 1828 1961 innocentius
1839 1887 1904 1946 dilie-

299 2007 318 2048 e
336 1988 503 2050 voluerint
516 1987 683 2050 abstinere
694 1986 754 2068 (1).
1149 1985 1904 2062 rendamvoluerat,ipsoconlirmavit,diplomate

1150 2081 1191 2143 ad
1213 2082 1392 2144 llrmandas
1420 2085 1492 2160 ejus
1520 2083 1668 2146 instituti
1696 2083 1904 2146 constitutiones

1150 2181 1249 2255 edito,
1270 2181 1490 2244 cardinalium
1512 2182 1599 2244 coetu
1628 2183 1664 2243 in
1690 2181 1724 2243 id
1747 2182 1856 2251 coacto,
1875 2180 1905 2239 lll

1150 2279 1223 2340 llal.
1249 2277 1463 2358 Septembris,
1496 2281 1532 2342 ut
1555 2281 1629 2356 post
1653 2281 1748 2342 Viuo.
1771 2279 1840 2342 bist.
1866 2275 1905 2334 lib.

1149 2379 1250 2450 XXX,
1273 2394 1301 2440 c.
1322 2380 1372 2450 65,
1393 2379 1432 2440 66
1459 2380 1492 2440 et
1515 2379 1583 2450 123,
1599 2378 1760 2440 memorat
1772 2376 1904 2440 Trition..

1151 2479 1274 2538 Cicron.
1288 2479 1455 2552 Hirscup.
1474 2475 1559 2547 Quin
1574 2474 1607 2538 id
1623 2475 1826 2552 privilegium
1840 2473 1905 2534 tauta

1150 2574 1322 2635 alacritate
1332 2573 1516 2636 llouorium
1530 2573 1723 2652 permisisse
1734 2571 1905 2638 memoratur,

1150 2669 1357 2734 utLutetiam
1367 2670 1572 2734 Parisiorum
1581 2672 1772 2734 Matthaeum
1782 2669 1906 2734 abbatem

1149 2786 1189 2831 uo
1212 2769 1417 2832 Bernardum
1442 2770 1580 2841 miserit,
1607 2769 1797 2848 apostolicis
1820 2765 1908 2827 litteris

1150 2868 1260 2940 fultos,
1282 2869 1318 2930 ut
1338 2867 1548 2930 Dominioani
1569 2867 1715 2930 instituti
1733 2865 1908 2946 apostolicam

1149 2965 1433 3028 confirmationem
1449 2981 1579 3043 quaqua
1600 2981 1720 3028 versus
1742 2963 1907 3040 evulgarunt.

1150 3065 1192 3125 lli
1206 3063 1309 3140 igitur
1323 3079 1397 3126 cum
1415 3066 1485 3140 jam
1508 3079 1547 3126 eo
1566 3063 1626 3125 alti
1650 3079 1780 3142 quoque
1797 3059 1909 3140 eiusdem

1150 3161 1284 3223 Ordinis
1300 3161 1365 3223 viri
1380 3163 1643 3234 convenissseut,
1667 3161 1831 3225 Pontificis
1841 3163 1910 3236 jussu

1151 3258 1268 3320 domus
1277 3259 1389 3320 Sancti
1397 3258 1512 3321 iacobi
1523 3259 1731 3322 exaediilcata
1745 3260 1802 3330 est,
1811 3253 1911 3320 cumin·

1150 3356 1247 3417 terim
1263 3355 1371 3417 adhuc
1389 3359 1502 3418 Itomae
1518 3356 1614 3418 divus
1632 3357 1820 3418 Dominicus
1840 3353 1912 3424 dege-

1150 3455 1211 3526 ret,
1228 3471 1268 3516 ac
1289 3454 1528 3516 disseminandi
1548 3455 1641 3516 verbi
1661 3456 1723 3517 Dei
1741 3449 1912 3516 Pontillcian

1150 3553 1381 3614 auctoritatem
1396 3553 1571 3614 exorasset
1587 3551 1797 3631 (Theodoric.
1816 3550 1846 3609 in
1861 3545 1912 3607 lito

1149 3654 1184 3713 8.
1198 3653 1380 3722 Domlnlct,
1398 3649 1454 3711 lib.
1473 3652 1513 3722 ll,
1528 3665 1556 3710 c.
1570 3651 1635 3711 2et
1649 3649 1697 3730 3).

1190 3747 1351 3820 Quoniam
1367 3763 1527 3810 veronen
1549 3747 1645 3810 modo
1666 3748 1813 3812 maribus
1829 3739 1914 3805 bomi-

1149 3846 1305 3908 nicanum
1320 3845 1507 3906 institutum
1527 3845 1805 3922 amplificabatur,
1827 3853 1913 3903 verum

1149 3944 1249 4006 etiam
1271 3942 1426 4015 immicis,
1450 3942 1506 4003 sed
1533 3943 1778 4020 singularibus,
1801 3937 1914 4002 noudum

1149 4043 1183 4103 in
1199 4041 1231 4102 id
1247 4041 1407 4103 coenobiis
1429 4040 1657 4114 exaedificatis
1680 4045 1790 4104 actum
1809 4041 1852 4100 est
1866 4037 1916 4096 llo

1149 4139 1237 4201 norii
1248 4141 1345 4218 jussu
1363 4139 1463 4201 etiam
1479 4125 1701 4200 cardinalium
1723 4138 1854 4203 consilio
1871 4147 1914 4192 ac-

1149 4238 1295 4309 cedente,
1312 4238 1349 4300 ut
1364 4238 1640 4299 sanctimoniales
1655 4254 1717 4316 per
1738 4237 1845 4298 urbem
1864 4231 1916 4291 siu·

1148 4332 1235 4408 gulae
1249 4331 1286 4392 iu
1307 4347 1410 4391 unum
1425 4332 1656 4404 evocarentur,
1682 4333 1782 4409 atque
1796 4331 1827 4390 iu
1845 4338 1914 4386 com·
1961 4347 1962 4360 ¹

1149 4443 1282 4489 munem
1315 4425 1468 4489 omnibus
1503 4427 1612 4490 locum
1646 4423 1915 4490 constituerentur,

1148 4525 1302 4586 servandi
1320 4525 1483 4602 integrius
1498 4525 1643 4587 instituti
1659 4541 1774 4588 causa.
1790 4527 1823 4586 ln
1835 4521 1863 4582 id
1879 4519 1916 4578 iu·

339 2086 578 2148 Menaenorum
594 2088 703 2148 autem
726 2086 886 2150 institutis
901 2088 960 2151 aut
973 2087 1096 2150 conflr-

298 2184 428 2246 mandis
453 2186 510 2246 aut
528 2184 769 2262 amplificandis
791 2185 887 2248 valde
909 2201 1094 2264 propensus

298 2283 361 2344 fuit
375 2279 553 2344 Honorius.
567 2283 652 2344 Nam
670 2277 756 2359 quod
771 2282 1009 2346 (listercienses
1025 2299 1096 2361 per·

298 2377 392 2452 tinet,
409 2379 605 2457 perscripta
620 2379 761 2457 quadam
774 2379 866 2442 brevi
877 2381 1030 2454 formula,
1042 2399 1096 2444 vo·

297 2478 360 2540 luit
374 2478 505 2556 quidem
520 2493 576 2540 eos
593 2477 756 2554 episcopis
770 2477 928 2540 exhibere
944 2495 1096 2542 reveren-

297 2575 390 2649 bam,
400 2573 435 2636 at
444 2575 479 2635 in
489 2571 676 2652 reliquisab
688 2575 837 2638 illisesse
846 2577 1010 2638 immunes
1021 2594 1096 2639 cen-

299 2673 381 2746 suit;
389 2673 486 2749 juxta
497 2687 536 2734 ea
547 2688 620 2750 quae
631 2675 702 2749 ejus
712 2672 844 2734 Ordinis
854 2674 950 2736 initio
962 2675 1095 2738 fuerunt

299 2769 464 2830 instituta.
476 2771 556 2846 Ejus
567 2769 602 2830 in
614 2785 653 2828 ea
662 2785 699 2829 re
709 2768 809 2830 verba
818 2770 891 2832 baec
901 2773 1018 2833 suntzc
1029 2771 1096 2834 Ab·

301 2883 320 2926 e
333 2866 465 2928 batibus
476 2865 509 2928 et
519 2865 676 2927 iratribus
687 2865 1092 2931 cisterciensisordiuis...

300 2980 319 3024 e
333 2961 582 3040 Arcbiepiscopi
591 2964 625 3024 et
631 2962 778 3040 episcopi
787 2979 826 3025 ea
834 2965 901 3028 sint
910 2965 1013 3027 forma
1023 2983 1096 3044 pro·

299 3061 488 3122 «fessionis
512 3061 670 3130 contenti,
689 3077 762 3138 quae
776 3060 818 3122 ab
843 3063 971 3140 origine
993 3065 1095 3126 vestri

299 3175 318 3218 ‹
334 3157 466 3219 Ordinis
488 3157 636 3220 noscitur
654 3157 816 3232 instituta,
839 3175 912 3237 quae
927 3161 1004 3222 talis
1019 3163 1069 3223 est
1085 3183 1092 3222 :

299 3257 413 3330 «Ego,
438 3253 542 3316 irater
570 3253 682 3329 abbas,
704 3257 933 3318 cistersiensis
962 3259 1095 3320 Ordinis

299 3353 570 3431 «subjectionem
588 3354 621 3414 et
639 3353 860 3416 reverentiam
882 3357 915 3418 et
937 3355 1096 3417 obedien-

298 3468 317 3511 «
331 3450 438 3512 tiama
447 3451 577 3513 Sanctis
586 3449 735 3527 patribus
744 3453 969 3525 constitutam,
980 3470 1096 3516 secun-

299 3547 410 3608 «dum
434 3547 584 3623 regulam
604 3547 710 3610 sancti
736 3549 921 3623 Benedicti,
935 3551 1007 3622 tibi,
1029 3555 1095 3614 Do-

297 3645 420 3706 ‹mine
432 3645 603 3722 episcope,
627 3646 758 3724 tuisque
775 3648 1023 3710 successorihus
1038 3665 1095 3712 ca-

298 3743 446 3806 «nonice
462 3742 710 3817 substituendis,
722 3744 757 3807 et
767 3745 890 3808 sanctae
907 3747 984 3808 Sedi
996 3751 1096 3825 Apos-

297 3842 450 3914 «tolicae,
476 3842 567 3903 salvo
599 3842 715 3904 ordine
743 3860 827 3918 meo,
855 3847 1014 3924 perpetuo
1042 3863 1094 3910 me

297 3939 556 4001 «exhibiturum
571 3941 725 4016 promitto
742 3938 800 4019 (2).

338 4036 606 4098 Cluniacensium
626 4053 755 4115 quoque
775 4039 889 4100 Ordini
906 4041 942 4101 in
962 4057 1094 4103 omnem

299 4134 481 4195 Ecclesiam
499 4133 560 4195 Dei
579 4134 612 4197 et
631 4150 691 4212 per
710 4151 823 4198 omnes
845 4136 1004 4200 dioeceses
1024 4140 1094 4216 pri-

298 4229 420 4306 vilegio
438 4232 631 4292 communiit
651 4251 659 4291 :
680 4232 811 4309 quando
827 4233 958 4310 quidem
974 4235 1095 4298 immu-

299 4341 358 4388 nes
384 4343 451 4389 nou
475 4328 570 4390 modo
598 4345 671 4391 esse
697 4331 878 4392 monachos
907 4332 1022 4406 voluit,
1052 4350 1093 4398 ne

299 4441 319 4487 a
344 4425 515 4503 quibusvis
543 4426 707 4504 episcopis
739 4431 951 4503 vexarentur,
978 4447 1093 4495 verum

298 4523 1094 4607 etiamexpressodiplomatedecrevit,episcopo-

297 4637 371 4683 rum
382 4623 741 4684 excommunicationes
755 4623 791 4684 in
802 4639 859 4686 eos
870 4624 967 4700 latas,
979 4627 1093 4690 irritas

296 4719 481 4794 habendas,
503 4720 634 4784 sublata
652 4721 720 4783 illis
740 4738 890 4786 censurae
912 4724 1093 4788 inserendae

296 4815 464 4882 facultate.
479 4821 602 4881 Verum
624 4836 699 4882 cum
723 4821 828 4900 aliqui
855 4821 895 4882 ad
924 4821 1034 4884 dolum
1059 4824 1093 4885 id

297 4916 475 4989 verterent,
490 4933 578 4995 saepe
591 4934 691 4995 quum
702 4919 857 4980 monachi
870 4921 1094 4983 excommuni-

298 5013 382 5076 catis
406 5013 517 5092 aliquo
542 5013 639 5076 modo
667 5017 977 5090 communicassent,
1000 5019 1095 5080 vide-

296 5109 395 5173 batur
410 5111 573 5189 episcopis
588 5127 646 5174 eos
656 5113 725 5174 tum
739 5114 906 5176 immunes
919 5131 938 5177 a
952 5132 1093 5178 censura

296 5224 364 5270 non
376 5208 499 5285 videri,
516 5208 574 5270 sed
589 5209 620 5270 ei
634 5210 685 5271 rei
699 5213 834 5288 rogatus
850 5215 1016 5276 Honorius
1032 5232 1092 5277 suo

295 5305 457 5384 rescripto
472 5307 619 5369 occurrit
632 5305 685 5368 his
704 5309 814 5370 verbis
834 5311 875 5372 ad
900 5328 1014 5373 omnes
1037 5329 1094 5375 ar-

295 5403 525 5483 chiepiscopos
549 5407 582 5468 et
600 5405 789 5484 episcopos,
815 5407 871 5470 ubi
891 5411 1092 5473 monasteria

332 5563 421 5636 (liet.
430 5581 463 5622 su
485 5565 1091 5642 nonencompillthII,tit.laeuum,

295 5639 349 5696 col.
363 5636 431 5708 3253
476 5652 538 5712 reg.
553 5637 602 5706 lll,
618 5637 666 5694 lib.
684 5639 728 5695 lc.

331 5707 372 5782 (2)
384 5708 424 5767 Cf.
441 5724 520 5782 supr.
538 5709 633 5777 Quin.
649 5709 769 5781 Compil.
780 5709 829 5769 lib.
843 5713 905 5781 XV,
922 5711 964 5770 tit.
983 5713 1007 5782 l,
1021 5727 1046 5770 c.
1066 5714 1091 5786 l,

1148 4623 1292 4685 cubuere
1307 4624 1474 4700 praecipue
1492 4623 1563 4702 ipse
1579 4622 1676 4685 divus
1697 4623 1876 4686 Dominious
1890 4628 1917 4674 ac

1148 4721 1334 4798 Hugolinus
1358 4720 1521 4784 Ostiensis
1544 4721 1721 4800 episcopus
1750 4711 1916 4783 cardinalis.

1148 4821 1262 4898 postea
1275 4819 1455 4896 Gregorius
1471 4836 1578 4882 nonus
1592 4821 1627 4883 in
1649 4821 1840 4900 pontificatu
1852 4827 1919 4876 nuu-

1149 4920 1300 4994 cupatus,
1309 4932 1348 4979 ac
1363 4933 1438 4979 cum
1453 4917 1495 4980 iis
1508 4917 1609 4980 etiam
1625 4918 1813 4996 Stephanus
1826 4931 1844 4976 a
1857 4912 1919 4972 los·

1149 5031 1273 5076 sanova
1299 5015 1332 5078 et
1357 5014 1516 5077 Nicolaus
1551 5016 1730 5094 episcopus
1765 5004 1919 5077 cardinalis

1149 5113 1400 5192 (Theodericus,
1425 5113 1482 5174 lib.
1500 5114 1540 5186 ΙΙ,
1562 5129 1633 5193 cap.
1656 5117 1725 5176 tet
1739 5113 1784 5194 5).
1806 5107 1920 5184 Propte-

1148 5227 1205 5272 rea
1225 5211 1301 5272 diva
1323 5210 1421 5272 Clara
1442 5211 1590 5274 concivis
1611 5210 1678 5274 divi
1698 5207 1872 5275 Franciscl
1888 5199 1919 5262 lh

1147 5324 1187 5371 eo
1202 5308 1318 5370 edocta
1338 5308 1487 5370 ordinem
1502 5308 1669 5386 virginum
1681 5307 1855 5386 'auspicata
1871 5300 1918 5368 est,

1148 5409 1184 5470 ut
1211 5407 1452 5470 Volaterranos
1481 5407 1514 5470 et
1541 5423 1585 5468 ex
1608 5408 1681 5486 ipso
1713 5399 1920 5470 Geuebrardus

1147 5567 1201 5624 col.
1216 5567 1284 5638 3413
1299 5567 1386 5640 Greg.
1403 5567 1453 5632 lx,
1471 5565 1518 5624 lib.
1531 5568 1566 5638 V,
1584 5567 1624 5623 lit.
1637 5565 1664 5624 3.

1183 5639 1224 5710 (3)
1240 5637 1280 5697 Cl.
1296 5653 1373 5712 supr.
1392 5639 1489 5706 Quinti.
1511 5638 1630 5708 Gompil.
1647 5636 1694 5695 lib.
1707 5637 1745 5707 V,
1758 5637 1799 5694 tit.
1815 5635 1856 5702 lt,
1868 5644 1890 5687 c·
1901 5627 1920 5694 b

1146 5711 1200 5769 col.
1216 5709 1285 5784 3615
1301 5711 1388 5782 Greg.
1404 5711 1455 5780 lil,
1470 5709 1518 5768 lib.
1532 5711 1568 5780 V,
1579 5710 1621 5768 tlt.
1634 5709 1678 5768 33.
