<?xml version="1.0" encoding="UTF-8"?>
<!DOCTYPE html PUBLIC "-//W3C//DTD XHTML 1.0 Transitional//EN"
    "http://www.w3.org/TR/xhtml1/DTD/xhtml1-transitional.dtd">
<html xmlns="http://www.w3.org/1999/xhtml" xml:lang="en" lang="en">
 <head>
  <title>
</title>
<meta http-equiv="Content-Type" content="text/html;charset=utf-8" />
  <meta name='ocr-system' content='tesseract 3.04.00' />
  <meta name='ocr-capabilities' content='ocr_page ocr_carea ocr_par ocr_line ocrx_word'/>
</head>
<body>
  <div class='ocr_page' id='page_1' title='image "./mediiaevibiblio01unkngoog_0373.png"; bbox 0 0 3988 6308; ppageno 0'>
   <div class='ocr_carea' id='block_1_1' title="bbox 261 349 319 410">
    <p class='ocr_par' dir='ltr' id='par_1_1' title="bbox 261 349 319 410">
     <span class='ocr_line' id='line_1_1' title="bbox 261 349 319 410; baseline 0 0"><span class='ocrx_word' id='word_1_1' title='bbox 261 349 319 410; x_wconf 75' lang='lat' dir='ltr'>au</span> 
     </span>
    </p>
   </div>
   <div class='ocr_carea' id='block_1_2' title="bbox 263 505 1082 5386">
    <p class='ocr_par' dir='ltr' id='par_1_2' title="bbox 263 505 1082 5386">
     <span class='ocr_line' id='line_1_2' title="bbox 264 505 1057 584; baseline -0.004 -14"><span class='ocrx_word' id='word_1_2' title='bbox 264 523 321 571; x_wconf 92' lang='lat' dir='ltr'>eos</span> <span class='ocrx_word' id='word_1_3' title='bbox 348 508 391 570; x_wconf 89' lang='lat' dir='ltr'>ab</span> <span class='ocrx_word' id='word_1_4' title='bbox 413 507 582 572; x_wconf 81' lang='lat' dir='ltr'>extraneis</span> <span class='ocrx_word' id='word_1_5' title='bbox 602 506 707 570; x_wconf 88' lang='lat' dir='ltr'>tactas</span> <span class='ocrx_word' id='word_1_6' title='bbox 724 505 836 584; x_wconf 91' lang='lat' dir='ltr'>aliquo</span> <span class='ocrx_word' id='word_1_7' title='bbox 854 506 1057 570; x_wconf 82' lang='grc'><strong>1191191991-</strong></span> 
     </span>
     <span class='ocr_line' id='line_1_3' title="bbox 263 605 1059 686; baseline -0.004 -16"><span class='ocrx_word' id='word_1_8' title='bbox 263 624 354 686; x_wconf 90' lang='lat' dir='ltr'>pere,</span> <span class='ocrx_word' id='word_1_9' title='bbox 382 607 446 678; x_wconf 89' lang='lat' dir='ltr'>vel,</span> <span class='ocrx_word' id='word_1_10' title='bbox 463 623 522 684; x_wconf 90' lang='lat' dir='ltr'>pro</span> <span class='ocrx_word' id='word_1_11' title='bbox 537 605 768 668; x_wconf 80' lang='lat' dir='ltr'>emendatione</span> <span class='ocrx_word' id='word_1_12' title='bbox 791 605 980 678; x_wconf 89' lang='lat' dir='ltr'>criminum,</span> <span class='ocrx_word' id='word_1_13' title='bbox 1001 622 1059 667; x_wconf 91' lang='lat' dir='ltr'>ac-</span> 
     </span>
     <span class='ocr_line' id='line_1_4' title="bbox 263 705 1060 783; baseline 0 -17"><span class='ocrx_word' id='word_1_14' title='bbox 263 707 370 767; x_wconf 88' lang='lat' dir='ltr'>tiones</span> <span class='ocrx_word' id='word_1_15' title='bbox 385 721 534 783; x_wconf 67' lang='lat' dir='ltr'>quaerere</span> <span class='ocrx_word' id='word_1_16' title='bbox 551 705 773 782; x_wconf 83' lang='lat' dir='ltr'>praemiorum,</span> <span class='ocrx_word' id='word_1_17' title='bbox 789 719 895 782; x_wconf 88' lang='lat' dir='ltr'>neque</span> <span class='ocrx_word' id='word_1_18' title='bbox 912 706 1060 782; x_wconf 89' lang='lat' dir='ltr'>potesta-</span> 
     </span>
     <span class='ocr_line' id='line_1_5' title="bbox 263 801 1058 881; baseline -0.003 -17"><span class='ocrx_word' id='word_1_19' title='bbox 263 807 329 865; x_wconf 87' lang='lat' dir='ltr'>tem</span> <span class='ocrx_word' id='word_1_20' title='bbox 356 803 501 881; x_wconf 83' lang='lat' dir='ltr'>aliquam</span> <span class='ocrx_word' id='word_1_21' title='bbox 530 804 565 864; x_wconf 92' lang='lat' dir='ltr'>in</span> <span class='ocrx_word' id='word_1_22' title='bbox 590 801 856 880; x_wconf 84' lang='lat' dir='ltr'>possessionibus</span> <span class='ocrx_word' id='word_1_23' title='bbox 883 802 924 863; x_wconf 91' lang='lat' dir='ltr'>ad</span> <span class='ocrx_word' id='word_1_24' title='bbox 950 803 1058 879; x_wconf 91' lang='lat' dir='ltr'>ipsum</span> 
     </span>
     <span class='ocr_line' id='line_1_6' title="bbox 264 901 1058 977; baseline -0.003 -15"><span class='ocrx_word' id='word_1_25' title='bbox 264 901 501 963; x_wconf 89' lang='lat' dir='ltr'>monasterium</span> <span class='ocrx_word' id='word_1_26' title='bbox 523 901 575 963; x_wconf 91' lang='lat' dir='ltr'>vel</span> <span class='ocrx_word' id='word_1_27' title='bbox 593 901 694 962; x_wconf 92' lang='lat' dir='ltr'>cellas</span> <span class='ocrx_word' id='word_1_28' title='bbox 714 903 785 977; x_wconf 90' lang='lat' dir='ltr'>ejus</span> <span class='ocrx_word' id='word_1_29' title='bbox 807 901 1058 977; x_wconf 91' lang='lat' dir='ltr'>pertinentibus,</span> 
     </span>
     <span class='ocr_line' id='line_1_7' title="bbox 264 999 1062 1077; baseline -0.003 -15"><span class='ocrx_word' id='word_1_30' title='bbox 264 1001 316 1062; x_wconf 88' lang='lat' dir='ltr'>vel</span> <span class='ocrx_word' id='word_1_31' title='bbox 341 1001 375 1062; x_wconf 94' lang='lat' dir='ltr'>in</span> <span class='ocrx_word' id='word_1_32' title='bbox 398 1003 565 1077; x_wconf 89' lang='lat' dir='ltr'>posterum</span> <span class='ocrx_word' id='word_1_33' title='bbox 586 1001 675 1077; x_wconf 90' lang='lat' dir='ltr'>juste</span> <span class='ocrx_word' id='word_1_34' title='bbox 695 1001 728 1061; x_wconf 91' lang='lat' dir='ltr'>et</span> <span class='ocrx_word' id='word_1_35' title='bbox 746 999 989 1062; x_wconf 78' lang='lat' dir='ltr'>rationabiliter</span> <span class='ocrx_word' id='word_1_36' title='bbox 1004 1016 1062 1060; x_wconf 87' lang='lat' dir='ltr'>ac·</span> 
     </span>
     <span class='ocr_line' id='line_1_8' title="bbox 266 1097 1063 1177; baseline -0.001 -18"><span class='ocrx_word' id='word_1_37' title='bbox 266 1099 436 1177; x_wconf 92' lang='lat' dir='ltr'>quirendis</span> <span class='ocrx_word' id='word_1_38' title='bbox 457 1099 520 1159; x_wconf 92' lang='lat' dir='ltr'>sibi</span> <span class='ocrx_word' id='word_1_39' title='bbox 535 1099 680 1160; x_wconf 84' lang='lat' dir='ltr'>audeant</span> <span class='ocrx_word' id='word_1_40' title='bbox 699 1097 881 1158; x_wconf 89' lang='lat' dir='ltr'>vindicare.</span> <span class='ocrx_word' id='word_1_41' title='bbox 900 1099 1063 1160; x_wconf 88' lang='lat' dir='ltr'>Prohibe-</span> 
     </span>
     <span class='ocr_line' id='line_1_9' title="bbox 266 1195 1062 1274; baseline -0.001 -16"><span class='ocrx_word' id='word_1_42' title='bbox 266 1213 340 1258; x_wconf 90' lang='lat' dir='ltr'>mus</span> <span class='ocrx_word' id='word_1_43' title='bbox 363 1212 493 1274; x_wconf 90' lang='lat' dir='ltr'>quoque</span> <span class='ocrx_word' id='word_1_44' title='bbox 520 1213 562 1258; x_wconf 91' lang='grc'>19</span> <span class='ocrx_word' id='word_1_45' title='bbox 586 1199 722 1258; x_wconf 85' lang='lat' dir='ltr'>Romen.</span> <span class='ocrx_word' id='word_1_46' title='bbox 744 1195 1003 1273; x_wconf 90' lang='lat' dir='ltr'>archiepiscopi,</span> <span class='ocrx_word' id='word_1_47' title='bbox 1021 1211 1062 1257; x_wconf 89' lang='lat' dir='ltr'>ne</span> 
     </span>
     <span class='ocr_line' id='line_1_10' title="bbox 265 1293 1063 1371; baseline -0.005 -13"><span class='ocrx_word' id='word_1_48' title='bbox 265 1293 462 1358; x_wconf 87' lang='lat' dir='ltr'>Ambianen.</span> <span class='ocrx_word' id='word_1_49' title='bbox 495 1294 642 1371; x_wconf 86' lang='lat' dir='ltr'>episcopi</span> <span class='ocrx_word' id='word_1_50' title='bbox 675 1295 733 1356; x_wconf 89' lang='grc'>911</span> <span class='ocrx_word' id='word_1_51' title='bbox 761 1295 836 1365; x_wconf 89' lang='grc'><strong>9111,</strong></span> <span class='ocrx_word' id='word_1_52' title='bbox 866 1294 919 1356; x_wconf 88' lang='grc'>191</span> <span class='ocrx_word' id='word_1_53' title='bbox 947 1309 1063 1355; x_wconf 88' lang='lat' dir='ltr'>eorum</span> 
     </span>
     <span class='ocr_line' id='line_1_11' title="bbox 267 1392 1065 1454; baseline -0.003 0"><span class='ocrx_word' id='word_1_54' title='bbox 267 1393 484 1454; x_wconf 89' lang='lat' dir='ltr'>economivel</span> <span class='ocrx_word' id='word_1_55' title='bbox 499 1392 727 1454; x_wconf 86' lang='lat' dir='ltr'>archidiaconi</span> <span class='ocrx_word' id='word_1_56' title='bbox 754 1408 813 1454; x_wconf 89' lang='lat' dir='ltr'>seu</span> <span class='ocrx_word' id='word_1_57' title='bbox 840 1407 954 1453; x_wconf 88' lang='lat' dir='ltr'>eorum</span> <span class='ocrx_word' id='word_1_58' title='bbox 977 1409 1065 1452; x_wconf 93' lang='lat' dir='ltr'>nun-</span> 
     </span>
     <span class='ocr_line' id='line_1_12' title="bbox 268 1489 1064 1568; baseline -0.003 -16"><span class='ocrx_word' id='word_1_59' title='bbox 268 1489 323 1562; x_wconf 88' lang='lat' dir='ltr'>tii,</span> <span class='ocrx_word' id='word_1_60' title='bbox 352 1489 475 1568; x_wconf 89' lang='lat' dir='ltr'>absque</span> <span class='ocrx_word' id='word_1_61' title='bbox 499 1492 610 1553; x_wconf 89' lang='lat' dir='ltr'>vestra</span> <span class='ocrx_word' id='word_1_62' title='bbox 631 1491 684 1554; x_wconf 89' lang='lat' dir='ltr'>vel</span> <span class='ocrx_word' id='word_1_63' title='bbox 704 1493 890 1552; x_wconf 90' lang='lat' dir='ltr'>vestrorum</span> <span class='ocrx_word' id='word_1_64' title='bbox 925 1491 1064 1552; x_wconf 80' lang='lat' dir='ltr'>fratrum</span> 
     </span>
     <span class='ocr_line' id='line_1_13' title="bbox 269 1589 1066 1666; baseline -0.003 -16"><span class='ocrx_word' id='word_1_65' title='bbox 269 1589 413 1666; x_wconf 73' lang='lat' dir='ltr'>gratuita</span> <span class='ocrx_word' id='word_1_66' title='bbox 427 1590 602 1652; x_wconf 89' lang='lat' dir='ltr'>vocatione</span> <span class='ocrx_word' id='word_1_67' title='bbox 613 1589 654 1650; x_wconf 88' lang='lat' dir='ltr'>ad</span> <span class='ocrx_word' id='word_1_68' title='bbox 666 1589 903 1651; x_wconf 89' lang='lat' dir='ltr'>monasterium</span> <span class='ocrx_word' id='word_1_69' title='bbox 918 1591 1066 1652; x_wconf 89' lang='lat' dir='ltr'>vostrum</span> 
     </span>
     <span class='ocr_line' id='line_1_14' title="bbox 269 1686 1066 1766; baseline 0 -18"><span class='ocrx_word' id='word_1_70' title='bbox 269 1689 323 1748; x_wconf 91' lang='lat' dir='ltr'>vel</span> <span class='ocrx_word' id='word_1_71' title='bbox 346 1689 418 1750; x_wconf 89' lang='lat' dir='ltr'>loca</span> <span class='ocrx_word' id='word_1_72' title='bbox 440 1688 598 1766; x_wconf 85' lang='lat' dir='ltr'>praedicta</span> <span class='ocrx_word' id='word_1_73' title='bbox 620 1687 790 1760; x_wconf 86' lang='lat' dir='ltr'>accedant,</span> <span class='ocrx_word' id='word_1_74' title='bbox 808 1689 865 1750; x_wconf 91' lang='lat' dir='ltr'>aut</span> <span class='ocrx_word' id='word_1_75' title='bbox 880 1686 1066 1750; x_wconf 86' lang='lat' dir='ltr'>molestiam</span> 
     </span>
     <span class='ocr_line' id='line_1_15' title="bbox 271 1786 1068 1863; baseline 0 -15"><span class='ocrx_word' id='word_1_76' title='bbox 271 1786 417 1863; x_wconf 85' lang='lat' dir='ltr'>aliquam</span> <span class='ocrx_word' id='word_1_77' title='bbox 442 1801 501 1848; x_wconf 90' lang='lat' dir='ltr'>seu</span> <span class='ocrx_word' id='word_1_78' title='bbox 525 1786 809 1862; x_wconf 84' lang='lat' dir='ltr'>perturbationem</span> <span class='ocrx_word' id='word_1_79' title='bbox 833 1786 988 1858; x_wconf 86' lang='lat' dir='ltr'>interant,</span> <span class='ocrx_word' id='word_1_80' title='bbox 1010 1786 1068 1848; x_wconf 91' lang='lat' dir='ltr'>aut</span> 
     </span>
     <span class='ocr_line' id='line_1_16' title="bbox 270 1883 1065 1961; baseline -0.005 -15"><span class='ocrx_word' id='word_1_81' title='bbox 270 1883 525 1946; x_wconf 89' lang='lat' dir='ltr'>consuetudines</span> <span class='ocrx_word' id='word_1_82' title='bbox 546 1900 665 1961; x_wconf 87' lang='lat' dir='ltr'>pravas</span> <span class='ocrx_word' id='word_1_83' title='bbox 683 1900 744 1946; x_wconf 89' lang='lat' dir='ltr'>ssu</span> <span class='ocrx_word' id='word_1_84' title='bbox 764 1899 868 1946; x_wconf 88' lang='grc'><strong>119199</strong></span> <span class='ocrx_word' id='word_1_85' title='bbox 884 1883 1065 1961; x_wconf 87' lang='lat' dir='ltr'>imponant.</span> 
     </span>
     <span class='ocr_line' id='line_1_17' title="bbox 273 1981 1070 2054; baseline 0 -12"><span class='ocrx_word' id='word_1_86' title='bbox 273 1982 425 2042; x_wconf 89' lang='lat' dir='ltr'>Chrisma</span> <span class='ocrx_word' id='word_1_87' title='bbox 457 1997 548 2053; x_wconf 90' lang='lat' dir='ltr'>vero,</span> <span class='ocrx_word' id='word_1_88' title='bbox 572 1981 681 2042; x_wconf 88' lang='lat' dir='ltr'>oleum</span> <span class='ocrx_word' id='word_1_89' title='bbox 705 1981 866 2054; x_wconf 89' lang='lat' dir='ltr'>sancium,</span> <span class='ocrx_word' id='word_1_90' title='bbox 893 1997 1070 2043; x_wconf 89' lang='lat' dir='ltr'>consecra·</span> 
     </span>
     <span class='ocr_line' id='line_1_18' title="bbox 271 2079 1071 2152; baseline -0.003 -10"><span class='ocrx_word' id='word_1_91' title='bbox 271 2081 380 2142; x_wconf 91' lang='lat' dir='ltr'>tiones</span> <span class='ocrx_word' id='word_1_92' title='bbox 408 2079 564 2142; x_wconf 89' lang='lat' dir='ltr'>altarium</span> <span class='ocrx_word' id='word_1_93' title='bbox 593 2095 651 2140; x_wconf 91' lang='lat' dir='ltr'>seu</span> <span class='ocrx_word' id='word_1_94' title='bbox 679 2079 905 2152; x_wconf 87' lang='lat' dir='ltr'>basilicarum,</span> <span class='ocrx_word' id='word_1_95' title='bbox 934 2079 1071 2141; x_wconf 88' lang='lat' dir='ltr'>ordina-</span> 
     </span>
     <span class='ocr_line' id='line_1_19' title="bbox 272 2176 1069 2255; baseline -0.003 -16"><span class='ocrx_word' id='word_1_96' title='bbox 272 2179 381 2239; x_wconf 85' lang='lat' dir='ltr'>tiones</span> <span class='ocrx_word' id='word_1_97' title='bbox 397 2178 636 2240; x_wconf 91' lang='lat' dir='ltr'>monachorum</span> <span class='ocrx_word' id='word_1_98' title='bbox 657 2177 709 2239; x_wconf 87' lang='lat' dir='ltr'>vel</span> <span class='ocrx_word' id='word_1_99' title='bbox 732 2178 930 2239; x_wconf 90' lang='lat' dir='ltr'>clericorum</span> <span class='ocrx_word' id='word_1_100' title='bbox 949 2176 1006 2255; x_wconf 91' lang='lat' dir='ltr'>qui</span> <span class='ocrx_word' id='word_1_101' title='bbox 1028 2176 1069 2238; x_wconf 91' lang='lat' dir='ltr'>ad</span> 
     </span>
     <span class='ocr_line' id='line_1_20' title="bbox 275 2273 1070 2353; baseline -0.001 -16"><span class='ocrx_word' id='word_1_102' title='bbox 275 2292 388 2337; x_wconf 87' lang='lat' dir='ltr'>sacros</span> <span class='ocrx_word' id='word_1_103' title='bbox 410 2275 544 2337; x_wconf 86' lang='lat' dir='ltr'>ordines</span> <span class='ocrx_word' id='word_1_104' title='bbox 566 2273 690 2338; x_wconf 86' lang='lat' dir='ltr'>tuerint</span> <span class='ocrx_word' id='word_1_105' title='bbox 712 2275 939 2353; x_wconf 90' lang='lat' dir='ltr'>promovendi,</span> <span class='ocrx_word' id='word_1_106' title='bbox 957 2277 989 2336; x_wconf 91' lang='grc'>91</span> <span class='ocrx_word' id='word_1_107' title='bbox 1003 2275 1070 2336; x_wconf 91' lang='grc'><strong>9119</strong></span> 
     </span>
     <span class='ocr_line' id='line_1_21' title="bbox 274 2373 1070 2451; baseline -0.004 -15"><span class='ocrx_word' id='word_1_108' title='bbox 274 2373 502 2436; x_wconf 85' lang='grc'><strong>9991991991199</strong></span> <span class='ocrx_word' id='word_1_109' title='bbox 518 2375 725 2436; x_wconf 87' lang='lat' dir='ltr'>sacramenta</span> <span class='ocrx_word' id='word_1_110' title='bbox 743 2389 763 2435; x_wconf 90' lang='lat' dir='ltr'>a</span> <span class='ocrx_word' id='word_1_111' title='bbox 778 2389 984 2451; x_wconf 87' lang='lat' dir='ltr'>quocumque</span> <span class='ocrx_word' id='word_1_112' title='bbox 996 2388 1070 2433; x_wconf 92' lang='lat' dir='ltr'>ma-</span> 
     </span>
     <span class='ocr_line' id='line_1_22' title="bbox 274 2471 1072 2548; baseline -0.001 -15"><span class='ocrx_word' id='word_1_113' title='bbox 274 2473 406 2534; x_wconf 90' lang='lat' dir='ltr'>lueritis</span> <span class='ocrx_word' id='word_1_114' title='bbox 426 2472 614 2547; x_wconf 88' lang='lat' dir='ltr'>suscipietis</span> <span class='ocrx_word' id='word_1_115' title='bbox 639 2472 804 2548; x_wconf 89' lang='lat' dir='ltr'>episcopo,</span> <span class='ocrx_word' id='word_1_116' title='bbox 830 2471 992 2548; x_wconf 93' lang='lat' dir='ltr'>siquidem</span> <span class='ocrx_word' id='word_1_117' title='bbox 1015 2486 1072 2533; x_wconf 93' lang='lat' dir='ltr'>ca-</span> 
     </span>
     <span class='ocr_line' id='line_1_23' title="bbox 276 2569 1073 2646; baseline -0.005 -14"><span class='ocrx_word' id='word_1_118' title='bbox 276 2571 420 2632; x_wconf 88' lang='lat' dir='ltr'>tholicus</span> <span class='ocrx_word' id='word_1_119' title='bbox 446 2569 558 2642; x_wconf 79' lang='lat' dir='ltr'>tuerit,</span> <span class='ocrx_word' id='word_1_120' title='bbox 580 2571 612 2631; x_wconf 92' lang='lat' dir='ltr'>et</span> <span class='ocrx_word' id='word_1_121' title='bbox 633 2569 775 2645; x_wconf 81' lang='lat' dir='ltr'>gratiam</span> <span class='ocrx_word' id='word_1_122' title='bbox 800 2569 898 2646; x_wconf 87' lang='lat' dir='ltr'>atque</span> <span class='ocrx_word' id='word_1_123' title='bbox 924 2583 1073 2630; x_wconf 91' lang='lat' dir='ltr'>commu-</span> 
     </span>
     <span class='ocr_line' id='line_1_24' title="bbox 277 2666 1072 2743; baseline -0.003 -15"><span class='ocrx_word' id='word_1_124' title='bbox 277 2669 411 2729; x_wconf 89' lang='lat' dir='ltr'>nionem</span> <span class='ocrx_word' id='word_1_125' title='bbox 437 2667 635 2743; x_wconf 73' lang='lat' dir='ltr'>apostolicae</span> <span class='ocrx_word' id='word_1_126' title='bbox 663 2668 756 2728; x_wconf 88' lang='lat' dir='ltr'>Sedis</span> <span class='ocrx_word' id='word_1_127' title='bbox 782 2666 950 2738; x_wconf 89' lang='lat' dir='ltr'>habuerit,</span> <span class='ocrx_word' id='word_1_128' title='bbox 974 2667 1007 2728; x_wconf 91' lang='grc'>91</span> <span class='ocrx_word' id='word_1_129' title='bbox 1033 2680 1072 2727; x_wconf 89' lang='grc'>99</span> 
     </span>
     <span class='ocr_line' id='line_1_25' title="bbox 276 2764 1072 2842; baseline -0.004 -16"><span class='ocrx_word' id='word_1_130' title='bbox 276 2765 371 2826; x_wconf 85' lang='lat' dir='ltr'>vobis</span> <span class='ocrx_word' id='word_1_131' title='bbox 404 2765 507 2840; x_wconf 81' lang='lat' dir='ltr'>gratis</span> <span class='ocrx_word' id='word_1_132' title='bbox 538 2767 571 2826; x_wconf 90' lang='lat' dir='ltr'>et</span> <span class='ocrx_word' id='word_1_133' title='bbox 600 2764 725 2842; x_wconf 86' lang='lat' dir='ltr'>absque</span> <span class='ocrx_word' id='word_1_134' title='bbox 760 2765 923 2842; x_wconf 81' lang='lat' dir='ltr'>pravitate</span> <span class='ocrx_word' id='word_1_135' title='bbox 960 2765 1072 2841; x_wconf 89' lang='lat' dir='ltr'>aliqua</span> 
     </span>
     <span class='ocr_line' id='line_1_26' title="bbox 278 2861 1072 2940; baseline -0.005 -14"><span class='ocrx_word' id='word_1_136' title='bbox 278 2863 422 2926; x_wconf 90' lang='lat' dir='ltr'>voluerit</span> <span class='ocrx_word' id='word_1_137' title='bbox 454 2861 636 2938; x_wconf 80' lang='lat' dir='ltr'>enliibere3</span> <span class='ocrx_word' id='word_1_138' title='bbox 674 2862 730 2940; x_wconf 94' lang='lat' dir='ltr'>qui</span> <span class='ocrx_word' id='word_1_139' title='bbox 765 2862 922 2923; x_wconf 92' lang='lat' dir='ltr'>nimirum</span> <span class='ocrx_word' id='word_1_140' title='bbox 959 2865 1072 2922; x_wconf 90' lang='lat' dir='ltr'>nostra</span> 
     </span>
     <span class='ocr_line' id='line_1_27' title="bbox 279 2960 1071 3038; baseline -0.003 -16"><span class='ocrx_word' id='word_1_141' title='bbox 279 2962 380 3023; x_wconf 85' lang='lat' dir='ltr'>tultus</span> <span class='ocrx_word' id='word_1_142' title='bbox 391 2961 589 3022; x_wconf 89' lang='lat' dir='ltr'>auctoritate</span> <span class='ocrx_word' id='word_1_143' title='bbox 599 2961 683 3038; x_wconf 89' lang='lat' dir='ltr'>quod</span> <span class='ocrx_word' id='word_1_144' title='bbox 695 2960 1071 3038; x_wconf 82' lang='lat' dir='ltr'>postulaturindulgeat.</span> 
     </span>
     <span class='ocr_line' id='line_1_28' title="bbox 280 3057 1074 3136; baseline -0.003 -16"><span class='ocrx_word' id='word_1_145' title='bbox 280 3059 427 3120; x_wconf 89' lang='lat' dir='ltr'>Obeunte</span> <span class='ocrx_word' id='word_1_146' title='bbox 446 3075 525 3119; x_wconf 88' lang='grc'><strong>1919</strong></span> <span class='ocrx_word' id='word_1_147' title='bbox 547 3061 580 3120; x_wconf 91' lang='grc'>19</span> <span class='ocrx_word' id='word_1_148' title='bbox 603 3075 690 3120; x_wconf 90' lang='lat' dir='ltr'>nunc</span> <span class='ocrx_word' id='word_1_149' title='bbox 706 3059 853 3136; x_wconf 83' lang='lat' dir='ltr'>ejusdem</span> <span class='ocrx_word' id='word_1_150' title='bbox 872 3058 937 3120; x_wconf 92' lang='lat' dir='ltr'>loci</span> <span class='ocrx_word' id='word_1_151' title='bbox 956 3057 1074 3120; x_wconf 89' lang='lat' dir='ltr'>abbate</span> 
     </span>
     <span class='ocr_line' id='line_1_29' title="bbox 278 3155 1074 3234; baseline -0.004 -15"><span class='ocrx_word' id='word_1_152' title='bbox 278 3156 476 3220; x_wconf 87' lang='lat' dir='ltr'>veltuorum</span> <span class='ocrx_word' id='word_1_153' title='bbox 493 3156 639 3234; x_wconf 86' lang='lat' dir='ltr'>quolibet</span> <span class='ocrx_word' id='word_1_154' title='bbox 653 3171 892 3229; x_wconf 84' lang='lat' dir='ltr'>successorum,</span> <span class='ocrx_word' id='word_1_155' title='bbox 904 3156 1018 3217; x_wconf 80' lang='lat' dir='ltr'>nullus</span> <span class='ocrx_word' id='word_1_156' title='bbox 1029 3155 1074 3216; x_wconf 92' lang='lat' dir='ltr'>ibi</span> 
     </span>
     <span class='ocr_line' id='line_1_30' title="bbox 280 3253 1074 3333; baseline -0.001 -18"><span class='ocrx_word' id='word_1_157' title='bbox 280 3254 428 3333; x_wconf 88' lang='lat' dir='ltr'>qualibet</span> <span class='ocrx_word' id='word_1_158' title='bbox 451 3253 674 3330; x_wconf 86' lang='lat' dir='ltr'>subreptionis</span> <span class='ocrx_word' id='word_1_159' title='bbox 696 3255 817 3316; x_wconf 90' lang='lat' dir='ltr'>astutia</span> <span class='ocrx_word' id='word_1_160' title='bbox 838 3270 897 3314; x_wconf 91' lang='lat' dir='ltr'>seu</span> <span class='ocrx_word' id='word_1_161' title='bbox 915 3253 1074 3314; x_wconf 87' lang='lat' dir='ltr'>violentia</span> 
     </span>
     <span class='ocr_line' id='line_1_31' title="bbox 280 3351 1074 3430; baseline -0.001 -18"><span class='ocrx_word' id='word_1_162' title='bbox 280 3352 504 3430; x_wconf 84' lang='lat' dir='ltr'>praeponatur,</span> <span class='ocrx_word' id='word_1_163' title='bbox 521 3352 588 3412; x_wconf 86' lang='lat' dir='ltr'>nisi</span> <span class='ocrx_word' id='word_1_164' title='bbox 604 3367 701 3429; x_wconf 90' lang='lat' dir='ltr'>quem</span> <span class='ocrx_word' id='word_1_165' title='bbox 716 3351 826 3414; x_wconf 89' lang='lat' dir='ltr'>tamen</span> <span class='ocrx_word' id='word_1_166' title='bbox 841 3351 962 3412; x_wconf 89' lang='grc'><strong>1191199</strong></span> <span class='ocrx_word' id='word_1_167' title='bbox 982 3367 1074 3412; x_wconf 90' lang='lat' dir='ltr'>com-</span> 
     </span>
     <span class='ocr_line' id='line_1_32' title="bbox 280 3448 1075 3526; baseline -0.005 -14"><span class='ocrx_word' id='word_1_168' title='bbox 280 3451 372 3512; x_wconf 89' lang='lat' dir='ltr'>muni</span> <span class='ocrx_word' id='word_1_169' title='bbox 397 3467 572 3522; x_wconf 90' lang='lat' dir='ltr'>consensu,</span> <span class='ocrx_word' id='word_1_170' title='bbox 596 3450 649 3511; x_wconf 90' lang='lat' dir='ltr'>vel</span> <span class='ocrx_word' id='word_1_171' title='bbox 670 3449 810 3512; x_wconf 81' lang='lat' dir='ltr'>fratrum</span> <span class='ocrx_word' id='word_1_172' title='bbox 839 3465 916 3526; x_wconf 89' lang='lat' dir='ltr'>pars</span> <span class='ocrx_word' id='word_1_173' title='bbox 942 3448 1075 3511; x_wconf 90' lang='lat' dir='ltr'>consilii</span> 
     </span>
     <span class='ocr_line' id='line_1_33' title="bbox 280 3545 1077 3620; baseline -0.003 -10"><span class='ocrx_word' id='word_1_174' title='bbox 280 3547 439 3620; x_wconf 86' lang='lat' dir='ltr'>sanioris,</span> <span class='ocrx_word' id='word_1_175' title='bbox 461 3548 641 3610; x_wconf 88' lang='lat' dir='ltr'>secundum</span> <span class='ocrx_word' id='word_1_176' title='bbox 663 3547 795 3610; x_wconf 91' lang='lat' dir='ltr'>Domini</span> <span class='ocrx_word' id='word_1_177' title='bbox 814 3548 846 3609; x_wconf 89' lang='grc'>91</span> <span class='ocrx_word' id='word_1_178' title='bbox 862 3545 951 3608; x_wconf 90' lang='lat' dir='ltr'>beati</span> <span class='ocrx_word' id='word_1_179' title='bbox 969 3549 1077 3608; x_wconf 86' lang='lat' dir='ltr'>Bene-</span> 
     </span>
     <span class='ocr_line' id='line_1_34' title="bbox 279 3645 1076 3723; baseline -0.003 -15"><span class='ocrx_word' id='word_1_180' title='bbox 279 3647 360 3708; x_wconf 90' lang='lat' dir='ltr'>dicti</span> <span class='ocrx_word' id='word_1_181' title='bbox 382 3645 531 3723; x_wconf 78' lang='lat' dir='ltr'>regulam</span> <span class='ocrx_word' id='word_1_182' title='bbox 551 3647 591 3708; x_wconf 94' lang='lat' dir='ltr'>de</span> <span class='ocrx_word' id='word_1_183' title='bbox 611 3647 725 3707; x_wconf 89' lang='lat' dir='ltr'>eodem</span> <span class='ocrx_word' id='word_1_184' title='bbox 751 3645 902 3721; x_wconf 79' lang='lat' dir='ltr'>collegio,</span> <span class='ocrx_word' id='word_1_185' title='bbox 920 3645 973 3706; x_wconf 84' lang='lat' dir='ltr'>vel</span> <span class='ocrx_word' id='word_1_186' title='bbox 989 3645 1076 3707; x_wconf 89' lang='lat' dir='ltr'>alte-</span> 
     </span>
     <span class='ocr_line' id='line_1_35' title="bbox 279 3743 1076 3822; baseline -0.006 -15"><span class='ocrx_word' id='word_1_187' title='bbox 279 3746 350 3807; x_wconf 89' lang='lat' dir='ltr'>rius</span> <span class='ocrx_word' id='word_1_188' title='bbox 368 3744 510 3808; x_wconf 91' lang='lat' dir='ltr'>coenobii</span> <span class='ocrx_word' id='word_1_189' title='bbox 530 3745 560 3805; x_wconf 91' lang='lat' dir='ltr'>si</span> <span class='ocrx_word' id='word_1_190' title='bbox 582 3743 629 3805; x_wconf 90' lang='lat' dir='ltr'>ibi</span> <span class='ocrx_word' id='word_1_191' title='bbox 650 3745 772 3822; x_wconf 89' lang='lat' dir='ltr'>aliquis</span> <span class='ocrx_word' id='word_1_192' title='bbox 787 3743 828 3806; x_wconf 91' lang='lat' dir='ltr'>ad</span> <span class='ocrx_word' id='word_1_193' title='bbox 844 3745 906 3805; x_wconf 89' lang='lat' dir='ltr'>hoc</span> <span class='ocrx_word' id='word_1_194' title='bbox 928 3743 1076 3820; x_wconf 82' lang='lat' dir='ltr'>regimen</span> 
     </span>
     <span class='ocr_line' id='line_1_36' title="bbox 280 3841 1078 3920; baseline -0.005 -14"><span class='ocrx_word' id='word_1_195' title='bbox 280 3843 399 3920; x_wconf 82' lang='lat' dir='ltr'>dignus</span> <span class='ocrx_word' id='word_1_196' title='bbox 414 3845 563 3920; x_wconf 88' lang='lat' dir='ltr'>repertus</span> <span class='ocrx_word' id='word_1_197' title='bbox 581 3859 647 3904; x_wconf 91' lang='lat' dir='ltr'>non</span> <span class='ocrx_word' id='word_1_198' title='bbox 662 3842 773 3915; x_wconf 85' lang='lat' dir='ltr'>suerit,</span> <span class='ocrx_word' id='word_1_199' title='bbox 790 3842 996 3920; x_wconf 88' lang='lat' dir='ltr'>providerint</span> <span class='ocrx_word' id='word_1_200' title='bbox 1015 3841 1078 3902; x_wconf 91' lang='lat' dir='ltr'>eli-</span> 
     </span>
     <span class='ocr_line' id='line_1_37' title="bbox 280 3939 1077 4018; baseline -0.003 -16"><span class='ocrx_word' id='word_1_201' title='bbox 280 3941 502 4018; x_wconf 76' lang='lat' dir='ltr'>gendumqui</span> <span class='ocrx_word' id='word_1_202' title='bbox 508 3941 604 4018; x_wconf 75' lang='lat' dir='ltr'>Juxta</span> <span class='ocrx_word' id='word_1_203' title='bbox 615 3939 945 4018; x_wconf 85' lang='lat' dir='ltr'>antiquamecclesiae</span> <span class='ocrx_word' id='word_1_204' title='bbox 956 3942 1077 4001; x_wconf 78' lang='lat' dir='ltr'>vestra</span> 
     </span>
     <span class='ocr_line' id='line_1_38' title="bbox 281 4037 1077 4115; baseline -0.005 -15"><span class='ocrx_word' id='word_1_205' title='bbox 281 4039 555 4101; x_wconf 88' lang='lat' dir='ltr'>consuetudinem</span> <span class='ocrx_word' id='word_1_206' title='bbox 590 4053 609 4099; x_wconf 93' lang='grc'>9</span> <span class='ocrx_word' id='word_1_207' title='bbox 650 4053 857 4115; x_wconf 90' lang='lat' dir='ltr'>quocumque</span> <span class='ocrx_word' id='word_1_208' title='bbox 892 4037 1077 4098; x_wconf 88' lang='lat' dir='ltr'>malueritis</span> 
     </span>
     <span class='ocr_line' id='line_1_39' title="bbox 282 4135 1079 4214; baseline -0.004 -17"><span class='ocrx_word' id='word_1_209' title='bbox 282 4137 437 4214; x_wconf 89' lang='lat' dir='ltr'>episcopo</span> <span class='ocrx_word' id='word_1_210' title='bbox 466 4135 690 4196; x_wconf 88' lang='lat' dir='ltr'>consecretur.</span> <span class='ocrx_word' id='word_1_211' title='bbox 719 4135 909 4212; x_wconf 71' lang='lat' dir='ltr'>apostolica</span> <span class='ocrx_word' id='word_1_212' title='bbox 941 4135 1079 4210; x_wconf 91' lang='lat' dir='ltr'>insuper</span> 
     </span>
     <span class='ocr_line' id='line_1_40' title="bbox 282 4232 1080 4304; baseline -0.001 -9"><span class='ocrx_word' id='word_1_213' title='bbox 282 4235 481 4295; x_wconf 89' lang='lat' dir='ltr'>auctoritate</span> <span class='ocrx_word' id='word_1_214' title='bbox 511 4233 705 4304; x_wconf 87' lang='lat' dir='ltr'>statuimus,</span> <span class='ocrx_word' id='word_1_215' title='bbox 733 4234 766 4294; x_wconf 88' lang='grc'>91</span> <span class='ocrx_word' id='word_1_216' title='bbox 791 4232 851 4293; x_wconf 91' lang='lat' dir='ltr'>sub</span> <span class='ocrx_word' id='word_1_217' title='bbox 880 4232 1080 4295; x_wconf 88' lang='lat' dir='ltr'>intermina-</span> 
     </span>
     <span class='ocr_line' id='line_1_41' title="bbox 281 4329 1078 4408; baseline -0.005 -13"><span class='ocrx_word' id='word_1_218' title='bbox 281 4333 374 4395; x_wconf 89' lang='lat' dir='ltr'>tione</span> <span class='ocrx_word' id='word_1_219' title='bbox 397 4331 620 4393; x_wconf 87' lang='lat' dir='ltr'>anathematis</span> <span class='ocrx_word' id='word_1_220' title='bbox 648 4329 862 4408; x_wconf 90' lang='lat' dir='ltr'>prohibemus</span> <span class='ocrx_word' id='word_1_221' title='bbox 882 4345 924 4391; x_wconf 89' lang='lat' dir='ltr'>ne</span> <span class='ocrx_word' id='word_1_222' title='bbox 944 4329 1078 4392; x_wconf 88' lang='lat' dir='ltr'>abbates</span> 
     </span>
     <span class='ocr_line' id='line_1_42' title="bbox 282 4427 1076 4507; baseline -0.005 -15"><span class='ocrx_word' id='word_1_223' title='bbox 282 4429 385 4492; x_wconf 88' lang='lat' dir='ltr'>vestri</span> <span class='ocrx_word' id='word_1_224' title='bbox 414 4430 470 4506; x_wconf 94' lang='lat' dir='ltr'>qui</span> <span class='ocrx_word' id='word_1_225' title='bbox 502 4444 563 4507; x_wconf 93' lang='lat' dir='ltr'>pro</span> <span class='ocrx_word' id='word_1_226' title='bbox 593 4431 741 4506; x_wconf 89' lang='lat' dir='ltr'>tempore</span> <span class='ocrx_word' id='word_1_227' title='bbox 772 4427 910 4500; x_wconf 87' lang='lat' dir='ltr'>tuerint,</span> <span class='ocrx_word' id='word_1_228' title='bbox 944 4427 1076 4499; x_wconf 86' lang='lat' dir='ltr'>altaria,</span> 
     </span>
     <span class='ocr_line' id='line_1_43' title="bbox 283 4524 1080 4604; baseline -0.006 -15"><span class='ocrx_word' id='word_1_229' title='bbox 283 4526 440 4600; x_wconf 88' lang='lat' dir='ltr'>decimas,</span> <span class='ocrx_word' id='word_1_230' title='bbox 462 4525 657 4604; x_wconf 87' lang='lat' dir='ltr'>praebendas</span> <span class='ocrx_word' id='word_1_231' title='bbox 676 4525 889 4587; x_wconf 88' lang='lat' dir='ltr'>monachales</span> <span class='ocrx_word' id='word_1_232' title='bbox 910 4525 1023 4602; x_wconf 90' lang='lat' dir='ltr'>aliquo</span> <span class='ocrx_word' id='word_1_233' title='bbox 1035 4524 1080 4586; x_wconf 91' lang='lat' dir='ltr'>ti-</span> 
     </span>
     <span class='ocr_line' id='line_1_44' title="bbox 284 4621 1079 4701; baseline -0.005 -15"><span class='ocrx_word' id='word_1_234' title='bbox 284 4627 353 4687; x_wconf 90' lang='lat' dir='ltr'>tulo</span> <span class='ocrx_word' id='word_1_235' title='bbox 371 4625 519 4687; x_wconf 88' lang='lat' dir='ltr'>alienare</span> <span class='ocrx_word' id='word_1_236' title='bbox 535 4624 747 4701; x_wconf 88' lang='lat' dir='ltr'>praesumant,</span> <span class='ocrx_word' id='word_1_237' title='bbox 766 4621 926 4686; x_wconf 82' lang='lat' dir='ltr'>ascalias</span> <span class='ocrx_word' id='word_1_238' title='bbox 942 4637 1079 4699; x_wconf 89' lang='lat' dir='ltr'>posses-</span> 
     </span>
     <span class='ocr_line' id='line_1_45' title="bbox 285 4719 1077 4790; baseline -0.008 -5"><span class='ocrx_word' id='word_1_239' title='bbox 285 4719 397 4786; x_wconf 82' lang='lat' dir='ltr'>siones</span> <span class='ocrx_word' id='word_1_240' title='bbox 424 4723 619 4786; x_wconf 86' lang='lat' dir='ltr'>monasterii</span> <span class='ocrx_word' id='word_1_241' title='bbox 646 4739 705 4785; x_wconf 92' lang='lat' dir='ltr'>seu</span> <span class='ocrx_word' id='word_1_242' title='bbox 728 4721 903 4784; x_wconf 88' lang='lat' dir='ltr'>thesauros</span> <span class='ocrx_word' id='word_1_243' title='bbox 922 4719 1077 4790; x_wconf 87' lang='lat' dir='ltr'>vendere,</span> 
     </span>
     <span class='ocr_line' id='line_1_46' title="bbox 285 4817 1082 4899; baseline -0.008 -15"><span class='ocrx_word' id='word_1_244' title='bbox 285 4822 443 4899; x_wconf 80' lang='lat' dir='ltr'>obligare,</span> <span class='ocrx_word' id='word_1_245' title='bbox 467 4823 525 4883; x_wconf 88' lang='lat' dir='ltr'>aut</span> <span class='ocrx_word' id='word_1_246' title='bbox 546 4821 719 4882; x_wconf 84' lang='lat' dir='ltr'>infeudare</span> <span class='ocrx_word' id='word_1_247' title='bbox 742 4820 814 4881; x_wconf 91' lang='lat' dir='ltr'>sine</span> <span class='ocrx_word' id='word_1_248' title='bbox 836 4817 1003 4880; x_wconf 90' lang='lat' dir='ltr'>communi</span> <span class='ocrx_word' id='word_1_249' title='bbox 1025 4833 1082 4878; x_wconf 90' lang='lat' dir='ltr'>as-</span> 
     </span>
     <span class='ocr_line' id='line_1_47' title="bbox 285 4915 1080 4997; baseline -0.008 -17"><span class='ocrx_word' id='word_1_250' title='bbox 285 4935 387 4982; x_wconf 86' lang='lat' dir='ltr'>sensu</span> <span class='ocrx_word' id='word_1_251' title='bbox 419 4919 557 4997; x_wconf 87' lang='lat' dir='ltr'>capituli</span> <span class='ocrx_word' id='word_1_252' title='bbox 584 4920 637 4979; x_wconf 87' lang='lat' dir='ltr'>vel</span> <span class='ocrx_word' id='word_1_253' title='bbox 668 4919 804 4996; x_wconf 86' lang='lat' dir='ltr'>majoris</span> <span class='ocrx_word' id='word_1_254' title='bbox 844 4920 902 4980; x_wconf 90' lang='lat' dir='ltr'>aut</span> <span class='ocrx_word' id='word_1_255' title='bbox 937 4915 1080 4978; x_wconf 90' lang='lat' dir='ltr'>sanioris</span> 
     </span>
     <span class='ocr_line' id='line_1_48' title="bbox 284 5013 1080 5094; baseline -0.006 -16"><span class='ocrx_word' id='word_1_256' title='bbox 284 5017 390 5094; x_wconf 87' lang='lat' dir='ltr'>partis</span> <span class='ocrx_word' id='word_1_257' title='bbox 404 5017 614 5093; x_wconf 91' lang='lat' dir='ltr'>aliquatenus</span> <span class='ocrx_word' id='word_1_258' title='bbox 629 5016 784 5077; x_wconf 88' lang='lat' dir='ltr'>audeant.</span> <span class='ocrx_word' id='word_1_259' title='bbox 805 5015 854 5076; x_wconf 83' lang='lat' dir='ltr'>hd</span> <span class='ocrx_word' id='word_1_260' title='bbox 874 5014 946 5076; x_wconf 86' lang='lat' dir='ltr'>haec</span> <span class='ocrx_word' id='word_1_261' title='bbox 970 5013 1080 5075; x_wconf 91' lang='lat' dir='ltr'>autem</span> 
     </span>
     <span class='ocr_line' id='line_1_49' title="bbox 285 5109 1081 5194; baseline -0.01 -16"><span class='ocrx_word' id='word_1_262' title='bbox 285 5114 460 5194; x_wconf 89' lang='lat' dir='ltr'>adjicimus</span> <span class='ocrx_word' id='word_1_263' title='bbox 481 5129 524 5174; x_wconf 90' lang='grc'>19</span> <span class='ocrx_word' id='word_1_264' title='bbox 542 5113 647 5190; x_wconf 88' lang='lat' dir='ltr'>aliqui</span> <span class='ocrx_word' id='word_1_265' title='bbox 667 5113 821 5174; x_wconf 90' lang='lat' dir='ltr'>monachi</span> <span class='ocrx_word' id='word_1_266' title='bbox 845 5127 905 5174; x_wconf 88' lang='grc'><strong>9911</strong></span> <span class='ocrx_word' id='word_1_267' title='bbox 928 5109 1081 5174; x_wconf 86' lang='grc'><strong>99119191</strong></span> 
     </span>
     <span class='ocr_line' id='line_1_50' title="bbox 285 5207 1081 5292; baseline -0.011 -16"><span class='ocrx_word' id='word_1_268' title='bbox 285 5215 346 5276; x_wconf 91' lang='lat' dir='ltr'>sub</span> <span class='ocrx_word' id='word_1_269' title='bbox 361 5211 568 5292; x_wconf 79' lang='lat' dir='ltr'>professione</span> <span class='ocrx_word' id='word_1_270' title='bbox 583 5210 699 5272; x_wconf 91' lang='lat' dir='ltr'>domus</span> <span class='ocrx_word' id='word_1_271' title='bbox 715 5214 833 5272; x_wconf 87' lang='lat' dir='ltr'>vestrae</span> <span class='ocrx_word' id='word_1_272' title='bbox 853 5209 991 5281; x_wconf 80' lang='lat' dir='ltr'>astricti,</span> <span class='ocrx_word' id='word_1_273' title='bbox 1009 5207 1081 5269; x_wconf 87' lang='lat' dir='ltr'>sine</span> 
     </span>
     <span class='ocr_line' id='line_1_51' title="bbox 285 5306 1082 5386; baseline -0.01 -11"><span class='ocrx_word' id='word_1_274' title='bbox 285 5329 450 5376; x_wconf 86' lang='lat' dir='ltr'>consensu</span> <span class='ocrx_word' id='word_1_275' title='bbox 482 5309 611 5372; x_wconf 89' lang='lat' dir='ltr'>abbatis</span> <span class='ocrx_word' id='word_1_276' title='bbox 640 5310 673 5370; x_wconf 96' lang='grc'>91</span> <span class='ocrx_word' id='word_1_277' title='bbox 703 5309 840 5386; x_wconf 90' lang='lat' dir='ltr'>majoris</span> <span class='ocrx_word' id='word_1_278' title='bbox 873 5324 912 5369; x_wconf 91' lang='lat' dir='ltr'>ac</span> <span class='ocrx_word' id='word_1_279' title='bbox 938 5306 1082 5368; x_wconf 87' lang='lat' dir='ltr'>sanioris</span> 
     </span>
    </p>
   </div>
   <div class='ocr_carea' id='block_1_3' title="bbox 884 341 1298 411">
    <p class='ocr_par' dir='ltr' id='par_1_3' title="bbox 884 341 1298 411">
     <span class='ocr_line' id='line_1_52' title="bbox 884 341 1298 411; baseline 0.005 -4"><span class='ocrx_word' id='word_1_280' title='bbox 884 341 1060 408; x_wconf 83' lang='lat' dir='ltr'>HONORlI</span> <span class='ocrx_word' id='word_1_281' title='bbox 1082 345 1127 407; x_wconf 89' lang='lat' dir='ltr'>Ill</span> <span class='ocrx_word' id='word_1_282' title='bbox 1149 349 1298 411; x_wconf 84' lang='lat' dir='ltr'><strong>OPERA.</strong></span> 
     </span>
    </p>
   </div>
   <div class='ocr_carea' id='block_1_4' title="bbox 1819 357 1864 421">
    <p class='ocr_par' dir='ltr' id='par_1_4' title="bbox 1819 357 1864 421">
     <span class='ocr_line' id='line_1_53' title="bbox 1819 357 1864 421; baseline 0 0"><span class='ocrx_word' id='word_1_283' title='bbox 1819 357 1864 421; x_wconf 76' lang='lat' dir='ltr'>tia</span> 
     </span>
    </p>
   </div>
   <div class='ocr_carea' id='block_1_5' title="bbox 1113 510 1875 1178">
    <p class='ocr_par' dir='ltr' id='par_1_5' title="bbox 1113 510 1875 1178">
     <span class='ocr_line' id='line_1_54' title="bbox 1114 510 1867 594; baseline 0.013 -24"><span class='ocrx_word' id='word_1_284' title='bbox 1114 511 1332 587; x_wconf 88' lang='lat' dir='ltr'>sumpserint,</span> <span class='ocrx_word' id='word_1_285' title='bbox 1363 525 1430 572; x_wconf 95' lang='lat' dir='ltr'>non</span> <span class='ocrx_word' id='word_1_286' title='bbox 1456 510 1608 574; x_wconf 88' lang='lat' dir='ltr'>teneatur</span> <span class='ocrx_word' id='word_1_287' title='bbox 1638 515 1801 576; x_wconf 87' lang='lat' dir='ltr'>conventus</span> <span class='ocrx_word' id='word_1_288' title='bbox 1823 533 1867 594; x_wconf 90' lang='lat' dir='ltr'>pro</span> 
     </span>
     <span class='ocr_line' id='line_1_55' title="bbox 1114 609 1869 686; baseline 0.008 -15"><span class='ocrx_word' id='word_1_289' title='bbox 1114 611 1167 671; x_wconf 91' lang='lat' dir='ltr'>his</span> <span class='ocrx_word' id='word_1_290' title='bbox 1183 609 1393 686; x_wconf 88' lang='lat' dir='ltr'>aliquatenus</span> <span class='ocrx_word' id='word_1_291' title='bbox 1403 609 1614 686; x_wconf 88' lang='lat' dir='ltr'>respondere.</span> <span class='ocrx_word' id='word_1_292' title='bbox 1627 609 1775 673; x_wconf 91' lang='lat' dir='ltr'>lndi&#39;ctum</span> <span class='ocrx_word' id='word_1_293' title='bbox 1784 616 1869 677; x_wconf 87' lang='lat' dir='ltr'>auten</span> 
     </span>
     <span class='ocr_line' id='line_1_56' title="bbox 1115 707 1871 774; baseline 0.007 -6"><span class='ocrx_word' id='word_1_294' title='bbox 1115 711 1201 771; x_wconf 91' lang='lat' dir='ltr'>sicut</span> <span class='ocrx_word' id='word_1_295' title='bbox 1214 707 1375 769; x_wconf 88' lang='lat' dir='ltr'>hactenus</span> <span class='ocrx_word' id='word_1_296' title='bbox 1388 707 1562 768; x_wconf 83' lang='lat' dir='ltr'>corbeien.</span> <span class='ocrx_word' id='word_1_297' title='bbox 1577 709 1796 772; x_wconf 86' lang='lat' dir='ltr'>monasterium</span> <span class='ocrx_word' id='word_1_298' title='bbox 1808 711 1871 774; x_wconf 82' lang='lat' dir='ltr'>cele</span> 
     </span>
     <span class='ocr_line' id='line_1_57' title="bbox 1113 805 1872 881; baseline 0.005 -15"><span class='ocrx_word' id='word_1_299' title='bbox 1113 806 1212 867; x_wconf 88' lang='lat' dir='ltr'>brare</span> <span class='ocrx_word' id='word_1_300' title='bbox 1234 805 1406 866; x_wconf 88' lang='lat' dir='ltr'>consuevit</span> <span class='ocrx_word' id='word_1_301' title='bbox 1428 805 1523 866; x_wconf 92' lang='lat' dir='ltr'>vobis</span> <span class='ocrx_word' id='word_1_302' title='bbox 1547 806 1779 881; x_wconf 86' lang='lat' dir='ltr'>confirmamus,</span> <span class='ocrx_word' id='word_1_303' title='bbox 1799 811 1872 871; x_wconf 89' lang='grc'><strong>9119</strong></span> 
     </span>
     <span class='ocr_line' id='line_1_58' title="bbox 1116 903 1872 982; baseline 0.004 -18"><span class='ocrx_word' id='word_1_304' title='bbox 1116 905 1190 982; x_wconf 92' lang='lat' dir='ltr'>quis</span> <span class='ocrx_word' id='word_1_305' title='bbox 1204 921 1260 964; x_wconf 91' lang='lat' dir='ltr'>eos</span> <span class='ocrx_word' id='word_1_306' title='bbox 1276 905 1332 981; x_wconf 92' lang='lat' dir='ltr'>qui</span> <span class='ocrx_word' id='word_1_307' title='bbox 1348 903 1388 964; x_wconf 97' lang='lat' dir='ltr'>ad</span> <span class='ocrx_word' id='word_1_308' title='bbox 1404 903 1513 981; x_wconf 88' lang='lat' dir='ltr'>ipsum</span> <span class='ocrx_word' id='word_1_309' title='bbox 1537 905 1759 977; x_wconf 79' lang='lat' dir='ltr'>convenerint,</span> <span class='ocrx_word' id='word_1_310' title='bbox 1781 907 1809 966; x_wconf 91' lang='lat' dir='ltr'>iu</span> <span class='ocrx_word' id='word_1_311' title='bbox 1829 922 1872 968; x_wconf 89' lang='lat' dir='ltr'>co-</span> 
     </span>
     <span class='ocr_line' id='line_1_59' title="bbox 1115 1001 1874 1080; baseline 0.004 -17"><span class='ocrx_word' id='word_1_312' title='bbox 1115 1019 1190 1064; x_wconf 94' lang='lat' dir='ltr'>rum</span> <span class='ocrx_word' id='word_1_313' title='bbox 1218 1002 1313 1063; x_wconf 88' lang='lat' dir='ltr'>honis</span> <span class='ocrx_word' id='word_1_314' title='bbox 1336 1002 1389 1062; x_wconf 87' lang='lat' dir='ltr'>vel</span> <span class='ocrx_word' id='word_1_315' title='bbox 1413 1002 1448 1063; x_wconf 94' lang='lat' dir='ltr'>in</span> <span class='ocrx_word' id='word_1_316' title='bbox 1475 1003 1625 1080; x_wconf 91' lang='lat' dir='ltr'>personis</span> <span class='ocrx_word' id='word_1_317' title='bbox 1659 1001 1812 1064; x_wconf 83' lang='lat' dir='ltr'>offendere</span> <span class='ocrx_word' id='word_1_318' title='bbox 1836 1007 1874 1066; x_wconf 85' lang='lat' dir='ltr'>vel</span> 
     </span>
     <span class='ocr_line' id='line_1_60' title="bbox 1117 1100 1875 1178; baseline 0.003 -17"><span class='ocrx_word' id='word_1_319' title='bbox 1117 1100 1294 1162; x_wconf 88' lang='lat' dir='ltr'>molestare</span> <span class='ocrx_word' id='word_1_320' title='bbox 1310 1101 1501 1176; x_wconf 88' lang='lat' dir='ltr'>praesumat,</span> <span class='ocrx_word' id='word_1_321' title='bbox 1516 1101 1712 1163; x_wconf 86' lang='lat' dir='ltr'>auctoritate</span> <span class='ocrx_word' id='word_1_322' title='bbox 1723 1102 1875 1178; x_wconf 78' lang='lat' dir='ltr'>Apostolica</span> 
     </span>
    </p>
   </div>
   <div class='ocr_carea' id='block_1_6' title="bbox 1930 704 1935 990">
    <p class='ocr_par' dir='ltr' id='par_1_6' title="bbox 1930 704 1936 1057">
     <span class='ocr_line' id='line_1_61' title="bbox 1930 704 1934 894; baseline 0 0"><span class='ocrx_word' id='word_1_323' title='bbox 1930 704 1934 894; x_wconf 96' lang='grc'>1</span> 
     </span>
     <span class='ocr_line' id='line_1_62' title="bbox 1932 914 1935 990; baseline 0 67"><span class='ocrx_word' id='word_1_324' title='bbox 1932 914 1935 990; x_wconf 63' lang='grc'>1</span> 
     </span>
    </p>
   </div>
   <div class='ocr_carea' id='block_1_7' title="bbox 1118 1197 1938 1296">
    <p class='ocr_par' dir='ltr' id='par_1_7' title="bbox 1118 1197 1938 1296">
     <span class='ocr_line' id='line_1_63' title="bbox 1118 1197 1938 1296; baseline 0.002 -38"><span class='ocrx_word' id='word_1_325' title='bbox 1118 1197 1343 1276; x_wconf 91' lang='lat' dir='ltr'>prohibemus.</span> <span class='ocrx_word' id='word_1_326' title='bbox 1361 1197 1419 1258; x_wconf 89' lang='lat' dir='ltr'>His</span> <span class='ocrx_word' id='word_1_327' title='bbox 1438 1198 1548 1260; x_wconf 89' lang='lat' dir='ltr'>autem</span> <span class='ocrx_word' id='word_1_328' title='bbox 1564 1199 1621 1276; x_wconf 92' lang='lat' dir='ltr'>qui</span> <span class='ocrx_word' id='word_1_329' title='bbox 1635 1200 1739 1261; x_wconf 93' lang='lat' dir='ltr'>locum</span> <span class='ocrx_word' id='word_1_330' title='bbox 1753 1199 1877 1275; x_wconf 89' lang='lat' dir='ltr'>ipsumin</span> <span class='ocrx_word' id='word_1_331' title='bbox 1937 1228 1938 1296; x_wconf 53' lang='lat' dir='ltr'>q</span> 
     </span>
    </p>
   </div>
   <div class='ocr_carea' id='block_1_8' title="bbox 1118 1295 1938 1368">
    <p class='ocr_par' dir='ltr' id='par_1_8' title="bbox 1118 1295 1938 1368">
     <span class='ocr_line' id='line_1_64' title="bbox 1118 1295 1938 1368; baseline 0 -10"><span class='ocrx_word' id='word_1_332' title='bbox 1118 1297 1181 1358; x_wconf 91' lang='lat' dir='ltr'>hac</span> <span class='ocrx_word' id='word_1_333' title='bbox 1204 1296 1257 1358; x_wconf 88' lang='lat' dir='ltr'>die</span> <span class='ocrx_word' id='word_1_334' title='bbox 1281 1295 1467 1357; x_wconf 88' lang='lat' dir='ltr'>devotionis</span> <span class='ocrx_word' id='word_1_335' title='bbox 1495 1296 1617 1358; x_wconf 90' lang='lat' dir='ltr'>intuitu</span> <span class='ocrx_word' id='word_1_336' title='bbox 1639 1297 1840 1368; x_wconf 84' lang='lat' dir='ltr'>visitaverint,</span> <span class='ocrx_word' id='word_1_337' title='bbox 1855 1299 1878 1358; x_wconf 88' lang='lat' dir='ltr'>et</span> <span class='ocrx_word' id='word_1_338' title='bbox 1937 1297 1938 1314; x_wconf 51' lang='lat'>,</span> 
     </span>
    </p>
   </div>
   <div class='ocr_carea' id='block_1_9' title="bbox 1118 1394 1881 1669">
    <p class='ocr_par' dir='ltr' id='par_1_9' title="bbox 1118 1394 1881 1669">
     <span class='ocr_line' id='line_1_65' title="bbox 1118 1394 1881 1472; baseline 0 -16"><span class='ocrx_word' id='word_1_339' title='bbox 1118 1395 1280 1456; x_wconf 86' lang='lat' dir='ltr'>benetiria</span> <span class='ocrx_word' id='word_1_340' title='bbox 1295 1410 1355 1455; x_wconf 92' lang='lat' dir='ltr'>sua</span> <span class='ocrx_word' id='word_1_341' title='bbox 1371 1395 1402 1454; x_wconf 90' lang='lat' dir='ltr'>ei</span> <span class='ocrx_word' id='word_1_342' title='bbox 1423 1394 1636 1467; x_wconf 89' lang='lat' dir='ltr'>contulerint,</span> <span class='ocrx_word' id='word_1_343' title='bbox 1648 1394 1688 1456; x_wconf 90' lang='lat' dir='ltr'>de</span> <span class='ocrx_word' id='word_1_344' title='bbox 1703 1395 1834 1472; x_wconf 85' lang='lat' dir='ltr'>injuncta</span> <span class='ocrx_word' id='word_1_345' title='bbox 1844 1396 1881 1456; x_wconf 88' lang='grc'>919</span> 
     </span>
     <span class='ocr_line' id='line_1_66' title="bbox 1120 1491 1880 1570; baseline 0 -16"><span class='ocrx_word' id='word_1_346' title='bbox 1120 1493 1315 1570; x_wconf 88' lang='lat' dir='ltr'>poenitentia</span> <span class='ocrx_word' id='word_1_347' title='bbox 1354 1491 1574 1568; x_wconf 77' lang='lat' dir='ltr'>quadraginta</span> <span class='ocrx_word' id='word_1_348' title='bbox 1609 1493 1680 1554; x_wconf 86' lang='lat' dir='ltr'>dies</span> <span class='ocrx_word' id='word_1_349' title='bbox 1718 1493 1880 1554; x_wconf 81' lang='lat' dir='ltr'>auctoritate</span> 
     </span>
     <span class='ocr_line' id='line_1_67' title="bbox 1120 1590 1880 1669; baseline -0.004 -16"><span class='ocrx_word' id='word_1_350' title='bbox 1120 1591 1308 1669; x_wconf 84' lang='lat' dir='ltr'>Apostolica</span> <span class='ocrx_word' id='word_1_351' title='bbox 1324 1590 1527 1651; x_wconf 81' lang='lat' dir='ltr'>relaxamus.</span> <span class='ocrx_word' id='word_1_352' title='bbox 1544 1590 1707 1668; x_wconf 89' lang='lat' dir='ltr'>Hospitali</span> <span class='ocrx_word' id='word_1_353' title='bbox 1722 1593 1818 1652; x_wconf 90' lang='lat' dir='ltr'>autem</span> <span class='ocrx_word' id='word_1_354' title='bbox 1828 1607 1880 1652; x_wconf 84' lang='grc'>199</span> 
     </span>
    </p>
   </div>
   <div class='ocr_carea' id='block_1_10' title="bbox 1120 1688 1943 1866">
    <p class='ocr_par' dir='ltr' id='par_1_10' title="bbox 1120 1688 1943 1866">
     <span class='ocr_line' id='line_1_68' title="bbox 1120 1688 1943 1791; baseline -0.01 -39"><span class='ocrx_word' id='word_1_355' title='bbox 1120 1691 1184 1758; x_wconf 90' lang='grc'><strong>119,</strong></span> <span class='ocrx_word' id='word_1_356' title='bbox 1201 1689 1287 1766; x_wconf 93' lang='lat' dir='ltr'>quod</span> <span class='ocrx_word' id='word_1_357' title='bbox 1312 1689 1464 1751; x_wconf 89' lang='lat' dir='ltr'>Portaria</span> <span class='ocrx_word' id='word_1_358' title='bbox 1489 1688 1621 1760; x_wconf 90' lang='lat' dir='ltr'>dicitur,</span> <span class='ocrx_word' id='word_1_359' title='bbox 1648 1689 1786 1750; x_wconf 88' lang='lat' dir='ltr'>decimas</span> <span class='ocrx_word' id='word_1_360' title='bbox 1804 1705 1820 1750; x_wconf 97' lang='grc'>9</span> <span class='ocrx_word' id='word_1_361' title='bbox 1839 1703 1882 1750; x_wconf 89' lang='lat' dir='ltr'>ca·</span> <span class='ocrx_word' id='word_1_362' title='bbox 1942 1752 1943 1791; x_wconf 96' lang='lat'>¹</span> 
     </span>
     <span class='ocr_line' id='line_1_69' title="bbox 1121 1785 1943 1866; baseline -0.01 -17"><span class='ocrx_word' id='word_1_363' title='bbox 1121 1787 1254 1849; x_wconf 90' lang='lat' dir='ltr'>tholicis</span> <span class='ocrx_word' id='word_1_364' title='bbox 1276 1787 1382 1866; x_wconf 92' lang='lat' dir='ltr'>ipsius</span> <span class='ocrx_word' id='word_1_365' title='bbox 1404 1787 1480 1858; x_wconf 89' lang='lat' dir='ltr'>loci,</span> <span class='ocrx_word' id='word_1_366' title='bbox 1506 1786 1691 1859; x_wconf 90' lang='lat' dir='ltr'>abbatibus,</span> <span class='ocrx_word' id='word_1_367' title='bbox 1707 1787 1738 1848; x_wconf 91' lang='lat' dir='ltr'>et</span> <span class='ocrx_word' id='word_1_368' title='bbox 1757 1785 1822 1846; x_wconf 90' lang='lat' dir='ltr'>aliis</span> <span class='ocrx_word' id='word_1_369' title='bbox 1839 1785 1883 1845; x_wconf 82' lang='lat' dir='ltr'>liei</span> <span class='ocrx_word' id='word_1_370' title='bbox 1942 1795 1943 1804; x_wconf 50' lang='lat'><strong>³</strong></span> 
     </span>
    </p>
   </div>
   <div class='ocr_carea' id='block_1_11' title="bbox 1122 1881 1885 2060">
    <p class='ocr_par' dir='ltr' id='par_1_11' title="bbox 1122 1881 1885 2060">
     <span class='ocr_line' id='line_1_70' title="bbox 1123 1881 1885 1946; baseline -0.005 1"><span class='ocrx_word' id='word_1_371' title='bbox 1123 1883 1274 1946; x_wconf 84' lang='lat' dir='ltr'>fidelibus</span> <span class='ocrx_word' id='word_1_372' title='bbox 1299 1884 1542 1946; x_wconf 90' lang='lat' dir='ltr'>rationabiliter</span> <span class='ocrx_word' id='word_1_373' title='bbox 1567 1899 1742 1946; x_wconf 88' lang='lat' dir='ltr'>concessas</span> <span class='ocrx_word' id='word_1_374' title='bbox 1767 1881 1885 1944; x_wconf 87' lang='lat' dir='ltr'>auctori·</span> 
     </span>
     <span class='ocr_line' id='line_1_71' title="bbox 1122 1981 1883 2060; baseline -0.009 -14"><span class='ocrx_word' id='word_1_375' title='bbox 1122 1984 1190 2046; x_wconf 89' lang='lat' dir='ltr'>tate</span> <span class='ocrx_word' id='word_1_376' title='bbox 1213 1981 1402 2060; x_wconf 78' lang='lat' dir='ltr'>Apostolica</span> <span class='ocrx_word' id='word_1_377' title='bbox 1429 1982 1676 2045; x_wconf 87' lang='lat' dir='ltr'>continuamus.</span> <span class='ocrx_word' id='word_1_378' title='bbox 1704 1981 1883 2043; x_wconf 87' lang='lat' dir='ltr'>Decernimus</span> 
     </span>
    </p>
   </div>
   <div class='ocr_carea' id='block_1_12' title="bbox 1124 2065 1946 2158">
    <p class='ocr_par' dir='ltr' id='par_1_12' title="bbox 1124 2065 1946 2158">
     <span class='ocr_line' id='line_1_72' title="bbox 1124 2065 1946 2158; baseline -0.012 -14"><span class='ocrx_word' id='word_1_379' title='bbox 1124 2098 1203 2158; x_wconf 82' lang='lat' dir='ltr'>ergo</span> <span class='ocrx_word' id='word_1_380' title='bbox 1224 2083 1259 2142; x_wconf 90' lang='grc'>111</span> <span class='ocrx_word' id='word_1_381' title='bbox 1280 2080 1364 2142; x_wconf 89' lang='grc'><strong>111111</strong></span> <span class='ocrx_word' id='word_1_382' title='bbox 1386 2081 1520 2144; x_wconf 90' lang='lat' dir='ltr'>omnino</span> <span class='ocrx_word' id='word_1_383' title='bbox 1535 2080 1708 2142; x_wconf 92' lang='lat' dir='ltr'>hominum</span> <span class='ocrx_word' id='word_1_384' title='bbox 1728 2079 1817 2141; x_wconf 87' lang='lat' dir='ltr'>liceat</span> <span class='ocrx_word' id='word_1_385' title='bbox 1832 2091 1886 2137; x_wconf 90' lang='lat' dir='ltr'>no-</span> <span class='ocrx_word' id='word_1_386' title='bbox 1945 2065 1946 2092; x_wconf 64' lang='lat'>¹</span> 
     </span>
    </p>
   </div>
   <div class='ocr_carea' id='block_1_13' title="bbox 1124 2174 1948 2354">
    <p class='ocr_par' dir='ltr' id='par_1_13' title="bbox 1124 2174 1948 2354">
     <span class='ocr_line' id='line_1_73' title="bbox 1125 2174 1947 2254; baseline -0.009 -13"><span class='ocrx_word' id='word_1_387' title='bbox 1125 2179 1462 2241; x_wconf 88' lang='lat' dir='ltr'>nasteriumvestrum</span> <span class='ocrx_word' id='word_1_388' title='bbox 1471 2195 1545 2240; x_wconf 93' lang='lat' dir='ltr'>cum</span> <span class='ocrx_word' id='word_1_389' title='bbox 1554 2178 1741 2254; x_wconf 81' lang='lat' dir='ltr'>saepedictis</span> <span class='ocrx_word' id='word_1_390' title='bbox 1750 2174 1886 2254; x_wconf 86' lang='lat' dir='ltr'>parochiis</span> <span class='ocrx_word' id='word_1_391' title='bbox 1946 2187 1947 2190; x_wconf 72' lang='grc'>’</span> 
     </span>
     <span class='ocr_line' id='line_1_74' title="bbox 1124 2273 1948 2354; baseline -0.011 -14"><span class='ocrx_word' id='word_1_392' title='bbox 1124 2281 1250 2341; x_wconf 89' lang='lat' dir='ltr'>temere</span> <span class='ocrx_word' id='word_1_393' title='bbox 1262 2277 1467 2354; x_wconf 88' lang='lat' dir='ltr'>perturbare,</span> <span class='ocrx_word' id='word_1_394' title='bbox 1482 2276 1535 2337; x_wconf 86' lang='lat' dir='ltr'>vel</span> <span class='ocrx_word' id='word_1_395' title='bbox 1550 2279 1684 2337; x_wconf 84' lang='lat' dir='ltr'>vestras</span> <span class='ocrx_word' id='word_1_396' title='bbox 1695 2273 1888 2352; x_wconf 77' lang='lat' dir='ltr'>possessiones</span> <span class='ocrx_word' id='word_1_397' title='bbox 1947 2276 1948 2290; x_wconf 63' lang='lat'>³</span> 
     </span>
    </p>
   </div>
   <div class='ocr_carea' id='block_1_14' title="bbox 1126 2368 1890 2647">
    <p class='ocr_par' dir='ltr' id='par_1_14' title="bbox 1126 2368 1890 2647">
     <span class='ocr_line' id='line_1_75' title="bbox 1126 2368 1888 2446; baseline -0.012 -10"><span class='ocrx_word' id='word_1_398' title='bbox 1126 2374 1269 2446; x_wconf 84' lang='lat' dir='ltr'>auterre,</span> <span class='ocrx_word' id='word_1_399' title='bbox 1293 2373 1346 2434; x_wconf 91' lang='lat' dir='ltr'>vel</span> <span class='ocrx_word' id='word_1_400' title='bbox 1368 2373 1496 2436; x_wconf 90' lang='lat' dir='ltr'>ablatas</span> <span class='ocrx_word' id='word_1_401' title='bbox 1516 2374 1673 2445; x_wconf 83' lang='grc'><strong>19111919,</strong></span> <span class='ocrx_word' id='word_1_402' title='bbox 1691 2368 1888 2440; x_wconf 86' lang='lat' dir='ltr'>minuere,ch</span> 
     </span>
     <span class='ocr_line' id='line_1_76' title="bbox 1126 2470 1889 2550; baseline -0.01 -16"><span class='ocrx_word' id='word_1_403' title='bbox 1126 2470 1889 2550; x_wconf 78' lang='lat' dir='ltr'>quibuslibetvexationibusfatigare,etc.‚usqve</span> 
     </span>
     <span class='ocr_line' id='line_1_77' title="bbox 1127 2565 1890 2647; baseline -0.012 -15"><span class='ocrx_word' id='word_1_404' title='bbox 1127 2570 1310 2647; x_wconf 85' lang='lat' dir='ltr'>protutura,</span> <span class='ocrx_word' id='word_1_405' title='bbox 1337 2569 1428 2630; x_wconf 89' lang='lat' dir='ltr'>salva</span> <span class='ocrx_word' id='word_1_406' title='bbox 1454 2569 1549 2630; x_wconf 88' lang='lat' dir='ltr'>Sedis</span> <span class='ocrx_word' id='word_1_407' title='bbox 1577 2567 1774 2645; x_wconf 87' lang='lat' dir='ltr'>Apostolicaa</span> <span class='ocrx_word' id='word_1_408' title='bbox 1797 2565 1890 2626; x_wconf 89' lang='lat' dir='ltr'>aucto-</span> 
     </span>
    </p>
   </div>
   <div class='ocr_carea' id='block_1_15' title="bbox 1126 2661 1956 3160">
    <p class='ocr_par' dir='ltr' id='par_1_15' title="bbox 1126 2661 1956 3160">
     <span class='ocr_line' id='line_1_78' title="bbox 1127 2661 1952 2743; baseline -0.012 -12"><span class='ocrx_word' id='word_1_409' title='bbox 1127 2669 1235 2731; x_wconf 89' lang='lat' dir='ltr'>ritate.</span> <span class='ocrx_word' id='word_1_410' title='bbox 1252 2667 1301 2729; x_wconf 86' lang='lat' dir='ltr'>Ad</span> <span class='ocrx_word' id='word_1_411' title='bbox 1322 2667 1483 2728; x_wconf 90' lang='lat' dir='ltr'>indicium</span> <span class='ocrx_word' id='word_1_412' title='bbox 1502 2668 1624 2738; x_wconf 88' lang='lat' dir='ltr'>autem,</span> <span class='ocrx_word' id='word_1_413' title='bbox 1648 2666 1734 2743; x_wconf 93' lang='lat' dir='ltr'>quod</span> <span class='ocrx_word' id='word_1_414' title='bbox 1756 2661 1892 2726; x_wconf 87' lang='lat' dir='ltr'>monaste-</span> <span class='ocrx_word' id='word_1_415' title='bbox 1951 2694 1952 2704; x_wconf 48' lang='lat'>1</span> 
     </span>
     <span class='ocr_line' id='line_1_79' title="bbox 1127 2759 1953 2842; baseline -0.015 -14"><span class='ocrx_word' id='word_1_416' title='bbox 1127 2768 1213 2829; x_wconf 94' lang='lat' dir='ltr'>rium</span> <span class='ocrx_word' id='word_1_417' title='bbox 1226 2767 1373 2826; x_wconf 88' lang='lat' dir='ltr'>vestrum</span> <span class='ocrx_word' id='word_1_418' title='bbox 1390 2764 1580 2842; x_wconf 90' lang='lat' dir='ltr'>specialiter</span> <span class='ocrx_word' id='word_1_419' title='bbox 1594 2765 1637 2826; x_wconf 91' lang='lat' dir='ltr'>ad</span> <span class='ocrx_word' id='word_1_420' title='bbox 1650 2767 1707 2841; x_wconf 89' lang='lat' dir='ltr'>jus</span> <span class='ocrx_word' id='word_1_421' title='bbox 1721 2764 1753 2825; x_wconf 89' lang='lat' dir='ltr'>et</span> <span class='ocrx_word' id='word_1_422' title='bbox 1766 2759 1891 2840; x_wconf 86' lang='lat' dir='ltr'>proprie-</span> <span class='ocrx_word' id='word_1_423' title='bbox 1952 2800 1953 2806; x_wconf 35' lang='lat'>1</span> 
     </span>
     <span class='ocr_line' id='line_1_80' title="bbox 1126 2859 1954 2944; baseline -0.018 -16"><span class='ocrx_word' id='word_1_424' title='bbox 1126 2865 1228 2928; x_wconf 86' lang='lat' dir='ltr'>tatem</span> <span class='ocrx_word' id='word_1_425' title='bbox 1249 2861 1338 2924; x_wconf 89' lang='lat' dir='ltr'>beati</span> <span class='ocrx_word' id='word_1_426' title='bbox 1358 2863 1448 2923; x_wconf 88' lang='lat' dir='ltr'>Petri</span> <span class='ocrx_word' id='word_1_427' title='bbox 1470 2863 1637 2939; x_wconf 87' lang='lat' dir='ltr'>pertineat</span> <span class='ocrx_word' id='word_1_428' title='bbox 1662 2862 1695 2924; x_wconf 91' lang='lat' dir='ltr'>et</span> <span class='ocrx_word' id='word_1_429' title='bbox 1720 2859 1893 2938; x_wconf 81' lang='lat' dir='ltr'>perceptae</span> <span class='ocrx_word' id='word_1_430' title='bbox 1953 2909 1954 2944; x_wconf 58' lang='lat'>¹</span> 
     </span>
     <span class='ocr_line' id='line_1_81' title="bbox 1128 2947 1954 3032; baseline -0.016 -8"><span class='ocrx_word' id='word_1_431' title='bbox 1128 2965 1278 3024; x_wconf 86' lang='lat' dir='ltr'>Romana</span> <span class='ocrx_word' id='word_1_432' title='bbox 1303 2961 1450 3022; x_wconf 84' lang='lat' dir='ltr'>Ecclesia</span> <span class='ocrx_word' id='word_1_433' title='bbox 1484 2959 1665 3032; x_wconf 86' lang='lat' dir='ltr'>libertatis,</span> <span class='ocrx_word' id='word_1_434' title='bbox 1693 2958 1816 3020; x_wconf 88' lang='lat' dir='ltr'>unciam</span> <span class='ocrx_word' id='word_1_435' title='bbox 1838 2951 1894 3015; x_wconf 89' lang='lat' dir='ltr'>auri</span> <span class='ocrx_word' id='word_1_436' title='bbox 1953 2947 1954 2950; x_wconf 72' lang='grc'>’</span> 
     </span>
     <span class='ocr_line' id='line_1_82' title="bbox 1129 3050 1956 3160; baseline -0.015 -39"><span class='ocrx_word' id='word_1_437' title='bbox 1129 3060 1223 3121; x_wconf 89' lang='lat' dir='ltr'>nobis</span> <span class='ocrx_word' id='word_1_438' title='bbox 1248 3059 1417 3135; x_wconf 86' lang='lat' dir='ltr'>notrisque</span> <span class='ocrx_word' id='word_1_439' title='bbox 1446 3057 1699 3119; x_wconf 88' lang='lat' dir='ltr'>successoribus</span> <span class='ocrx_word' id='word_1_440' title='bbox 1729 3055 1821 3118; x_wconf 88' lang='lat' dir='ltr'>annis</span> <span class='ocrx_word' id='word_1_441' title='bbox 1842 3050 1896 3112; x_wconf 90' lang='lat' dir='ltr'>sin·</span> <span class='ocrx_word' id='word_1_442' title='bbox 1955 3112 1956 3160; x_wconf 91' lang='lat'>¹</span> 
     </span>
    </p>
   </div>
   <div class='ocr_carea' id='block_1_16' title="bbox 1128 3154 1901 4120">
    <p class='ocr_par' dir='ltr' id='par_1_16' title="bbox 1128 3154 1901 3416">
     <span class='ocr_line' id='line_1_83' title="bbox 1128 3154 1895 3234; baseline -0.016 -16"><span class='ocrx_word' id='word_1_443' title='bbox 1128 3158 1217 3234; x_wconf 81' lang='lat' dir='ltr'>gulis</span> <span class='ocrx_word' id='word_1_444' title='bbox 1232 3155 1439 3234; x_wconf 75' lang='lat' dir='ltr'>persolvetis</span> <span class='ocrx_word' id='word_1_445' title='bbox 1458 3156 1492 3216; x_wconf 89' lang='lat' dir='ltr'>Si</span> <span class='ocrx_word' id='word_1_446' title='bbox 1508 3171 1571 3232; x_wconf 88' lang='lat' dir='ltr'>qua</span> <span class='ocrx_word' id='word_1_447' title='bbox 1596 3154 1710 3232; x_wconf 81' lang='lat' dir='ltr'>igitur,</span> <span class='ocrx_word' id='word_1_448' title='bbox 1728 3155 1798 3220; x_wconf 74' lang='lat' dir='ltr'>etc„</span> <span class='ocrx_word' id='word_1_449' title='bbox 1812 3159 1895 3222; x_wconf 76' lang='lat' dir='ltr'>aspir</span> 
     </span>
     <span class='ocr_line' id='line_1_84' title="bbox 1129 3248 1901 3327; baseline -0.016 -10"><span class='ocrx_word' id='word_1_450' title='bbox 1129 3255 1260 3318; x_wconf 90' lang='lat' dir='ltr'>ultioni.</span> <span class='ocrx_word' id='word_1_451' title='bbox 1282 3255 1420 3316; x_wconf 84' lang='lat' dir='ltr'>Cunctis</span> <span class='ocrx_word' id='word_1_452' title='bbox 1444 3253 1566 3322; x_wconf 89' lang='lat' dir='ltr'>autem,</span> <span class='ocrx_word' id='word_1_453' title='bbox 1592 3254 1675 3326; x_wconf 70' lang='grc'><strong>919,</strong></span> <span class='ocrx_word' id='word_1_454' title='bbox 1701 3248 1901 3327; x_wconf 67' lang='grc'><strong>1199991119-</strong></span> 
     </span>
     <span class='ocr_line' id='line_1_85' title="bbox 1130 3354 1235 3416; baseline -0.01 -2"><span class='ocrx_word' id='word_1_455' title='bbox 1130 3354 1235 3416; x_wconf 85' lang='lat' dir='ltr'>nient.</span> 
     </span>
    </p>

    <p class='ocr_par' dir='ltr' id='par_1_17' title="bbox 1130 3439 1901 4120">
     <span class='ocr_line' id='line_1_86' title="bbox 1172 3439 1897 3527; baseline -0.017 -15"><span class='ocrx_word' id='word_1_456' title='bbox 1172 3454 1290 3513; x_wconf 85' lang='lat' dir='ltr'>Datum</span> <span class='ocrx_word' id='word_1_457' title='bbox 1326 3450 1494 3522; x_wconf 87' lang='lat' dir='ltr'>Laterani,</span> <span class='ocrx_word' id='word_1_458' title='bbox 1519 3464 1580 3527; x_wconf 91' lang='lat' dir='ltr'>per</span> <span class='ocrx_word' id='word_1_459' title='bbox 1612 3464 1749 3510; x_wconf 89' lang='lat' dir='ltr'>manum</span> <span class='ocrx_word' id='word_1_460' title='bbox 1776 3439 1897 3509; x_wconf 86' lang='lat' dir='ltr'>Rauen&#39;i,</span> 
     </span>
     <span class='ocr_line' id='line_1_87' title="bbox 1130 3541 1899 3628; baseline -0.016 -17"><span class='ocrx_word' id='word_1_461' title='bbox 1130 3550 1252 3628; x_wconf 91' lang='lat' dir='ltr'>prioris</span> <span class='ocrx_word' id='word_1_462' title='bbox 1265 3549 1371 3610; x_wconf 88' lang='lat' dir='ltr'>sancti</span> <span class='ocrx_word' id='word_1_463' title='bbox 1391 3547 1539 3609; x_wconf 75' lang='lat' dir='ltr'>Fridiani</span> <span class='ocrx_word' id='word_1_464' title='bbox 1555 3547 1696 3619; x_wconf 88' lang='lat' dir='ltr'>Lucani,</span> <span class='ocrx_word' id='word_1_465' title='bbox 1717 3545 1830 3606; x_wconf 85' lang='lat' dir='ltr'>sanctae</span> <span class='ocrx_word' id='word_1_466' title='bbox 1848 3541 1899 3599; x_wconf 83' lang='lat' dir='ltr'>lio-</span> 
     </span>
     <span class='ocr_line' id='line_1_88' title="bbox 1131 3635 1900 3716; baseline -0.022 -6"><span class='ocrx_word' id='word_1_467' title='bbox 1131 3664 1238 3710; x_wconf 83' lang='lat' dir='ltr'>manae</span> <span class='ocrx_word' id='word_1_468' title='bbox 1262 3645 1420 3708; x_wconf 83' lang='lat' dir='ltr'>Ecclesiae</span> <span class='ocrx_word' id='word_1_469' title='bbox 1442 3643 1724 3716; x_wconf 88' lang='lat' dir='ltr'>vicecancellarii,</span> <span class='ocrx_word' id='word_1_470' title='bbox 1746 3639 1845 3704; x_wconf 90' lang='lat' dir='ltr'>idibus</span> <span class='ocrx_word' id='word_1_471' title='bbox 1862 3635 1900 3695; x_wconf 84' lang='lat' dir='ltr'>te·</span> 
     </span>
     <span class='ocr_line' id='line_1_89' title="bbox 1130 3731 1900 3816; baseline -0.022 -9"><span class='ocrx_word' id='word_1_472' title='bbox 1130 3746 1270 3814; x_wconf 90' lang='lat' dir='ltr'>bruarii,</span> <span class='ocrx_word' id='word_1_473' title='bbox 1286 3744 1468 3806; x_wconf 90' lang='lat' dir='ltr'>indictione</span> <span class='ocrx_word' id='word_1_474' title='bbox 1485 3745 1524 3816; x_wconf 87' lang='lat' dir='ltr'>V,</span> <span class='ocrx_word' id='word_1_475' title='bbox 1548 3739 1791 3804; x_wconf 88' lang='lat' dir='ltr'>incarnationis</span> <span class='ocrx_word' id='word_1_476' title='bbox 1810 3731 1900 3798; x_wconf 86' lang='lat' dir='ltr'>Domi-</span> 
     </span>
     <span class='ocr_line' id='line_1_90' title="bbox 1132 3833 1900 3906; baseline -0.025 -1"><span class='ocrx_word' id='word_1_477' title='bbox 1132 3845 1217 3906; x_wconf 85' lang='lat' dir='ltr'>nicae</span> <span class='ocrx_word' id='word_1_478' title='bbox 1239 3859 1327 3904; x_wconf 87' lang='lat' dir='ltr'>anno</span> <span class='ocrx_word' id='word_1_479' title='bbox 1349 3842 1526 3903; x_wconf 88' lang='lat' dir='ltr'>millesimo</span> <span class='ocrx_word' id='word_1_480' title='bbox 1549 3839 1776 3902; x_wconf 82' lang='lat' dir='ltr'>ducentesimo</span> <span class='ocrx_word' id='word_1_481' title='bbox 1797 3833 1900 3896; x_wconf 87' lang='lat' dir='ltr'>decimo</span> 
     </span>
     <span class='ocr_line' id='line_1_91' title="bbox 1133 3924 1901 4019; baseline -0.025 -15"><span class='ocrx_word' id='word_1_482' title='bbox 1133 3942 1282 4019; x_wconf 86' lang='lat' dir='ltr'>septimo,</span> <span class='ocrx_word' id='word_1_483' title='bbox 1300 3939 1509 4018; x_wconf 84' lang='lat' dir='ltr'>pontificatus</span> <span class='ocrx_word' id='word_1_484' title='bbox 1528 3938 1639 3999; x_wconf 89' lang='lat' dir='ltr'>autem</span> <span class='ocrx_word' id='word_1_485' title='bbox 1654 3924 1901 4000; x_wconf 84' lang='lat' dir='ltr'>dominitionorii</span> 
     </span>
     <span class='ocr_line' id='line_1_92' title="bbox 1133 4037 1523 4120; baseline -0.015 -17"><span class='ocrx_word' id='word_1_486' title='bbox 1133 4057 1226 4120; x_wconf 85' lang='lat' dir='ltr'>papae</span> <span class='ocrx_word' id='word_1_487' title='bbox 1239 4043 1285 4101; x_wconf 88' lang='lat' dir='ltr'>Ill</span> <span class='ocrx_word' id='word_1_488' title='bbox 1300 4055 1387 4100; x_wconf 91' lang='lat' dir='ltr'>anno</span> <span class='ocrx_word' id='word_1_489' title='bbox 1400 4037 1523 4115; x_wconf 78' lang='lat' dir='ltr'>primo.</span> 
     </span>
    </p>
   </div>
   <div class='ocr_carea' id='block_1_17' title="bbox 1468 4267 1601 4356">
    <p class='ocr_par' dir='ltr' id='par_1_18' title="bbox 1468 4267 1601 4356">
     <span class='ocr_line' id='line_1_93' title="bbox 1468 4267 1601 4356; baseline 0 0"><span class='ocrx_word' id='word_1_490' title='bbox 1468 4267 1601 4356; x_wconf 78' lang='lat' dir='ltr'>cdxx</span> 
     </span>
    </p>
   </div>
   <div class='ocr_carea' id='block_1_18' title="bbox 1233 4474 1827 4633">
    <p class='ocr_par' dir='ltr' id='par_1_19' title="bbox 1233 4474 1827 4633">
     <span class='ocr_line' id='line_1_94' title="bbox 1233 4474 1827 4548; baseline -0.017 -10"><span class='ocrx_word' id='word_1_491' title='bbox 1233 4479 1286 4538; x_wconf 83' lang='lat' dir='ltr'>Ad</span> <span class='ocrx_word' id='word_1_492' title='bbox 1315 4477 1508 4537; x_wconf 82' lang='lat' dir='ltr'>Henrtcnm</span> <span class='ocrx_word' id='word_1_493' title='bbox 1535 4474 1827 4548; x_wconf 71' lang='lat' dir='ltr'>archiepiscopium</span> 
     </span>
     <span class='ocr_line' id='line_1_95' title="bbox 1413 4575 1665 4633; baseline -0.012 0"><span class='ocrx_word' id='word_1_494' title='bbox 1413 4575 1665 4633; x_wconf 75' lang='lat' dir='ltr'>Gnezraensem.</span> 
     </span>
    </p>
   </div>
   <div class='ocr_carea' id='block_1_19' title="bbox 1432 4736 1631 4796">
    <p class='ocr_par' dir='ltr' id='par_1_20' title="bbox 1432 4736 1631 4796">
     <span class='ocr_line' id='line_1_96' title="bbox 1432 4736 1631 4796; baseline -0.015 0"><span class='ocrx_word' id='word_1_495' title='bbox 1432 4737 1465 4796; x_wconf 83' lang='lat' dir='ltr'>m</span> <span class='ocrx_word' id='word_1_496' title='bbox 1480 4736 1536 4795; x_wconf 86' lang='lat' dir='ltr'>leb.</span> <span class='ocrx_word' id='word_1_497' title='bbox 1551 4737 1631 4794; x_wconf 81' lang='grc'><strong>1117.</strong></span> 
     </span>
    </p>
   </div>
   <div class='ocr_carea' id='block_1_20' title="bbox 1198 4869 1855 4951">
    <p class='ocr_par' dir='ltr' id='par_1_21' title="bbox 1198 4869 1855 4951">
     <span class='ocr_line' id='line_1_97' title="bbox 1198 4869 1855 4951; baseline -0.021 -14"><span class='ocrx_word' id='word_1_498' title='bbox 1198 4883 1328 4951; x_wconf 71' lang='grc'><strong>[11191191</strong></span> <span class='ocrx_word' id='word_1_499' title='bbox 1339 4883 1506 4934; x_wconf 81' lang='grc'><strong>1919119119</strong></span> <span class='ocrx_word' id='word_1_500' title='bbox 1519 4877 1642 4938; x_wconf 73' lang='lat' dir='ltr'>roloniae,</span> <span class='ocrx_word' id='word_1_501' title='bbox 1653 4883 1673 4928; x_wconf 88' lang='lat' dir='ltr'>t.</span> <span class='ocrx_word' id='word_1_502' title='bbox 1684 4877 1705 4938; x_wconf 91' lang='lat'>1,</span> <span class='ocrx_word' id='word_1_503' title='bbox 1717 4892 1744 4942; x_wconf 93' lang='lat' dir='ltr'>p.</span> <span class='ocrx_word' id='word_1_504' title='bbox 1755 4875 1779 4936; x_wconf 83' lang='grc'>1,</span> <span class='ocrx_word' id='word_1_505' title='bbox 1791 4888 1814 4925; x_wconf 86' lang='lat' dir='ltr'>u.</span> <span class='ocrx_word' id='word_1_506' title='bbox 1823 4869 1855 4936; x_wconf 83' lang='grc'>1.]</span> 
     </span>
    </p>
   </div>
   <div class='ocr_carea' id='block_1_21' title="bbox 1135 5035 1908 5213">
    <p class='ocr_par' dir='ltr' id='par_1_22' title="bbox 1135 5035 1908 5213">
     <span class='ocr_line' id='line_1_98' title="bbox 1135 5035 1908 5126; baseline -0.032 -11"><span class='ocrx_word' id='word_1_507' title='bbox 1135 5053 1388 5126; x_wconf 79' lang='lat' dir='ltr'>hrchieptscopum</span> <span class='ocrx_word' id='word_1_508' title='bbox 1409 5051 1645 5107; x_wconf 85' lang='lat' dir='ltr'>Gneznensema</span> <span class='ocrx_word' id='word_1_509' title='bbox 1676 5053 1743 5104; x_wconf 87' lang='lat' dir='ltr'>voto</span> <span class='ocrx_word' id='word_1_510' title='bbox 1769 5035 1908 5118; x_wconf 83' lang='lat' dir='ltr'>peregriua·</span> 
     </span>
     <span class='ocr_line' id='line_1_99' title="bbox 1265 5134 1784 5213; baseline -0.015 -14"><span class='ocrx_word' id='word_1_511' title='bbox 1265 5143 1350 5200; x_wconf 89' lang='lat' dir='ltr'>tionis</span> <span class='ocrx_word' id='word_1_512' title='bbox 1370 5139 1634 5213; x_wconf 70' lang='lat' dir='ltr'>hierosolymitana</span> <span class='ocrx_word' id='word_1_513' title='bbox 1654 5134 1784 5194; x_wconf 88' lang='lat' dir='ltr'>absolvit.</span> 
     </span>
    </p>
   </div>
   <div class='ocr_carea' id='block_1_22' title="bbox 1136 5267 1905 5457">
    <p class='ocr_par' dir='ltr' id='par_1_23' title="bbox 1136 5267 1905 5457">
     <span class='ocr_line' id='line_1_100' title="bbox 1177 5267 1905 5362; baseline -0.021 -11"><span class='ocrx_word' id='word_1_514' title='bbox 1177 5287 1344 5351; x_wconf 86' lang='lat' dir='ltr'>Honorius</span> <span class='ocrx_word' id='word_1_515' title='bbox 1357 5284 1665 5362; x_wconf 74' lang='lat' dir='ltr'>episcopusservus</span> <span class='ocrx_word' id='word_1_516' title='bbox 1675 5291 1841 5342; x_wconf 84' lang='lat' dir='ltr'>servorum</span> <span class='ocrx_word' id='word_1_517' title='bbox 1851 5267 1905 5336; x_wconf 82' lang='lat' dir='ltr'>Dei,</span> 
     </span>
     <span class='ocr_line' id='line_1_101' title="bbox 1136 5365 1903 5457; baseline -0.03 -7"><span class='ocrx_word' id='word_1_518' title='bbox 1136 5385 1321 5451; x_wconf 90' lang='lat' dir='ltr'>venerabili</span> <span class='ocrx_word' id='word_1_519' title='bbox 1349 5383 1444 5445; x_wconf 88' lang='lat' dir='ltr'>tratri</span> <span class='ocrx_word' id='word_1_520' title='bbox 1463 5380 1714 5457; x_wconf 88' lang='lat' dir='ltr'>archiepiscopo</span> <span class='ocrx_word' id='word_1_521' title='bbox 1730 5365 1903 5438; x_wconf 78' lang='lat' dir='ltr'>Gnozneusi,</span> 
     </span>
    </p>
   </div>
   <div class='ocr_carea' id='block_1_23' title="bbox 283 5403 1841 5584">
    <p class='ocr_par' dir='ltr' id='par_1_24' title="bbox 283 5403 1841 5584">
     <span class='ocr_line' id='line_1_102' title="bbox 283 5403 1736 5489; baseline -0.017 -16"><span class='ocrx_word' id='word_1_522' title='bbox 283 5409 538 5489; x_wconf 89' lang='lat' dir='ltr'>partiscapituli</span> <span class='ocrx_word' id='word_1_523' title='bbox 554 5407 656 5470; x_wconf 88' lang='lat' dir='ltr'>vestri</span> <span class='ocrx_word' id='word_1_524' title='bbox 668 5407 853 5485; x_wconf 88' lang='lat' dir='ltr'>proaliquo</span> <span class='ocrx_word' id='word_1_525' title='bbox 868 5403 1079 5483; x_wconf 82' lang='lat' dir='ltr'>ddeJubeant,</span> <span class='ocrx_word' id='word_1_526' title='bbox 1475 5477 1481 5488; x_wconf 27' lang='lat'>¹</span> <span class='ocrx_word' id='word_1_527' title='bbox 1683 5476 1689 5487; x_wconf 35' lang='grc' dir='ltr'>Ι</span> <span class='ocrx_word' id='word_1_528' title='bbox 1730 5474 1736 5486; x_wconf 35' lang='grc'><em>.</em></span> 
     </span>
     <span class='ocr_line' id='line_1_103' title="bbox 285 5476 1841 5584; baseline -0.027 -12"><span class='ocrx_word' id='word_1_529' title='bbox 285 5508 338 5572; x_wconf 82' lang='lat' dir='ltr'>rel</span> <span class='ocrx_word' id='word_1_530' title='bbox 364 5508 406 5569; x_wconf 91' lang='lat' dir='ltr'>ab</span> <span class='ocrx_word' id='word_1_531' title='bbox 433 5507 546 5584; x_wconf 88' lang='lat' dir='ltr'>aliquo</span> <span class='ocrx_word' id='word_1_532' title='bbox 574 5506 749 5584; x_wconf 89' lang='lat' dir='ltr'>pecuniam</span> <span class='ocrx_word' id='word_1_533' title='bbox 775 5504 888 5566; x_wconf 90' lang='lat' dir='ltr'>mutuo</span> <span class='ocrx_word' id='word_1_534' title='bbox 917 5501 1084 5580; x_wconf 82' lang='lat' dir='ltr'>accipiant</span> <span class='ocrx_word' id='word_1_535' title='bbox 1138 5484 1279 5546; x_wconf 87' lang='lat' dir='ltr'>salutem</span> <span class='ocrx_word' id='word_1_536' title='bbox 1294 5485 1327 5544; x_wconf 93' lang='grc'>91</span> <span class='ocrx_word' id='word_1_537' title='bbox 1339 5477 1558 5559; x_wconf 80' lang='lat' dir='ltr'>apostoticam</span> <span class='ocrx_word' id='word_1_538' title='bbox 1573 5476 1841 5539; x_wconf 78' lang='lat' dir='ltr'>benedictionem.</span> 
     </span>
    </p>
   </div>
   <div class='ocr_carea' id='block_1_24' title="bbox 285 5561 1907 5775">
    <p class='ocr_par' dir='ltr' id='par_1_25' title="bbox 285 5561 1907 5775">
     <span class='ocr_line' id='line_1_104' title="bbox 286 5561 1904 5684; baseline -0.019 -14"><span class='ocrx_word' id='word_1_539' title='bbox 286 5609 373 5670; x_wconf 89' lang='lat' dir='ltr'>ultra</span> <span class='ocrx_word' id='word_1_540' title='bbox 386 5607 529 5684; x_wconf 87' lang='lat' dir='ltr'>pretium</span> <span class='ocrx_word' id='word_1_541' title='bbox 542 5602 678 5682; x_wconf 91' lang='lat' dir='ltr'>capituli</span> <span class='ocrx_word' id='word_1_542' title='bbox 688 5602 791 5665; x_wconf 89' lang='lat' dir='ltr'>vestri</span> <span class='ocrx_word' id='word_1_543' title='bbox 804 5599 996 5665; x_wconf 90' lang='lat' dir='ltr'>rationabili</span> <span class='ocrx_word' id='word_1_544' title='bbox 1012 5615 1084 5676; x_wconf 93' lang='lat' dir='ltr'>pro·</span> <span class='ocrx_word' id='word_1_545' title='bbox 1177 5581 1319 5642; x_wconf 64' lang='lat' dir='ltr'>Litteras</span> <span class='ocrx_word' id='word_1_546' title='bbox 1333 5581 1400 5638; x_wconf 69' lang='grc'><strong>13111</strong></span> <span class='ocrx_word' id='word_1_547' title='bbox 1419 5575 1660 5682; x_wconf 82' lang='lat' dir='ltr'>episcoporum,</span> <span class='ocrx_word' id='word_1_548' title='bbox 1684 5587 1782 5680; x_wconf 64' lang='grc'><strong>1118111</strong></span> <span class='ocrx_word' id='word_1_549' title='bbox 1796 5561 1904 5675; x_wconf 48' lang='lat' dir='ltr'>plinii·</span> 
     </span>
     <span class='ocr_line' id='line_1_105' title="bbox 285 5668 1907 5775; baseline -0.019 -5"><span class='ocrx_word' id='word_1_550' title='bbox 285 5705 434 5770; x_wconf 88' lang='lat' dir='ltr'>videntia</span> <span class='ocrx_word' id='word_1_551' title='bbox 462 5703 645 5766; x_wconf 88' lang='lat' dir='ltr'>dellnitum.</span> <span class='ocrx_word' id='word_1_552' title='bbox 676 5700 768 5775; x_wconf 87' lang='lat' dir='ltr'>Quod</span> <span class='ocrx_word' id='word_1_553' title='bbox 798 5701 826 5763; x_wconf 91' lang='lat' dir='ltr'>si</span> <span class='ocrx_word' id='word_1_554' title='bbox 857 5698 968 5762; x_wconf 84' lang='lat' dir='ltr'>tacere</span> <span class='ocrx_word' id='word_1_555' title='bbox 996 5713 1085 5775; x_wconf 83' lang='lat' dir='ltr'>prae-</span> <span class='ocrx_word' id='word_1_556' title='bbox 1137 5695 1215 5758; x_wconf 88' lang='lat' dir='ltr'>pum</span> <span class='ocrx_word' id='word_1_557' title='bbox 1230 5668 1907 5751; x_wconf 62' lang='lat' dir='ltr'>Gssezssffllsltl21l0ti¹¹01³³11012182100t³i¹¹¹¹¹¹s</span> 
     </span>
    </p>
   </div>
   <div class='ocr_carea' id='block_1_25' title="bbox 0 0 2026 6308">
    <p class='ocr_par' dir='ltr' id='par_1_26' title="bbox 0 0 2026 6308">
     <span class='ocr_line' id='line_1_106' title="bbox 0 0 2026 6308; baseline 0 0"><span class='ocrx_word' id='word_1_558' title='bbox 0 0 2026 6308; x_wconf 95' lang='lat' dir='ltr'> </span> 
     </span>
    </p>
   </div>
  </div>
 </body>
</html>
