3936 6318
87 295 134 359 aas
441 295 538 358 xix.
553 292 654 355 -ru
676 290 970 358 convansrona
991 291 1143 356 uanum
1164 291 1327 358 naara.
1653 299 1714 362 aaa

17 497 19 504 ν
116 453 276 536 sapientia
297 457 597 521 commendatoria
613 455 756 530 Christo,
783 454 861 534 quia
916 452 966 516 est
979 452 1044 516 lste
1063 453 1161 529 alius,
1183 456 1250 518 nisi
1263 455 1405 536 populus
1418 455 1620 534 Judacorum,
1635 461 1714 539 quie

86 571 144 619 cum
164 555 360 634 phasisaeue
386 556 443 635 qui
469 556 646 620 vocaverat
665 571 751 628 eum,
772 554 861 618 intra
915 550 986 630 ipse
1014 552 1155 616 debebat
1184 571 1320 619 servare
1350 557 1457 634 legem
1485 557 1644 636 scriptam
1677 558 1714 620 in

87 671 113 717 se
135 654 269 728 diceret,
299 655 354 716 hic
382 656 412 716 si
439 656 527 717 esset
554 655 731 732 propheta,
761 653 862 716 sciret
916 650 1060 728 quinque
1080 651 1173 712 libris
1196 655 1330 730 Moysis.
1351 655 1598 732 Quinquaginta
1623 656 1712 719 euim

87 753 178 830 utique
198 768 271 830 quae
287 755 320 814 et
333 752 442 831 qualis
461 754 512 815 est
532 753 653 814 mulier
667 755 740 830 quae
755 751 861 828 tangit
915 749 992 810 suut
1011 749 1290 828 quinquedecies.
1310 754 1375 814 Per
1388 752 1498 814 decies
1517 753 1714 830 designatur

87 867 154 923 eum,
166 849 241 928 quia
255 851 425 930 peccatrix
436 851 496 914 est.
513 854 587 929 Ipse
599 853 751 914 scrutans
762 867 861 914 renes
915 844 980 918 10¹,
1008 847 1086 924 quia
1108 847 1221 910 decem
1240 851 1318 912 sunt
1342 853 1507 928 praecepta
1532 852 1628 929 legis.
1646 857 1712 916 Per

87 951 112 1012 et
126 949 226 1023 corda,
244 949 280 1011 ut
293 950 482 1012 ostenderet
495 951 580 1028 quod
595 950 696 1014 vitam
710 950 860 1012 mulieris
915 945 1059 1022 quinque
1074 946 1292 1023 designantur
1306 949 1452 1027 quinque
1472 950 1551 1012 lihri
1572 952 1708 1029 Moysis

87 1065 139 1110 nou
157 1047 338 1124 ignorabat,
360 1049 418 1126 qui
432 1050 466 1110 et
479 1048 713 1126 cogitationem
739 1049 858 1126 phari·
914 1043 1080 1120 inquibus
1095 1044 1261 1124 descripta
1274 1049 1324 1108 est
1339 1047 1404 1108 lex.
1417 1049 1483 1109 lsta
1498 1049 1637 1126 populus
1650 1052 1711 1113 Ju-

86 1147 133 1208 saei
152 1146 338 1223 plenissime
362 1146 592 1223 cognoscebat,
619 1148 667 1209 ait
689 1147 731 1209 ad
752 1164 828 1210 eum
850 1169 857 1210 :
913 1140 1061 1202 daeorum
1073 1141 1187 1206 debuit
1195 1143 1374 1206 observare
1387 1146 1420 1207 et
1431 1159 1496 1207 lion
1510 1145 1708 1210 observavit.

86 1248 146 1305 heco
164 1245 329 1306 dectores
356 1244 458 1306 eram
483 1247 621 1306 cuidem
643 1247 856 1319 (oeneratort.
913 1239 953 1300 ht
966 1238 1091 1301 idcirco
1104 1240 1217 1304 debuit
1226 1244 1293 1304 Deo
1305 1243 1445 1305 reddere
1458 1245 1708 1322 quinquaginta.

88 1343 164 1402 tirsus
176 1341 308 1402 decebat
322 1343 708 1418 dananoaqmnqcntos,
723 1343 757 1405 cl
771 1347 859 1406 altus
913 1337 987 1398 Non
1011 1337 1209 1401 habentibus
1230 1339 1298 1401 illis
1319 1340 1407 1402 unde
1432 1341 1628 1419 redderent;
1658 1343 1710 1405 illi

83 1441 320 1514 qeeanqemptnta.
350 1442 430 1502 Non
453 1441 652 1502 pauentibus
677 1443 742 1503 mee
769 1445 859 1505 enee
913 1435 978 1496 duo
992 1436 1106 1513 populi
1120 1453 1186 1498 nou
1199 1437 1366 1501 habehant
1378 1439 1465 1501 unde
1477 1439 1710 1504 satisfacerent

82 1537 257 1610 redderent,
280 1537 856 1620 aonaaitutraeque(1,ue.v11‚41),
912 1534 991 1594 Deo.
1005 1534 1157 1606 Donavit,
1177 1533 1274 1609 idest,
1291 1537 1420 1599 remisit
1440 1539 1601 1616 utrisque.
1619 1540 1709 1602 istud

81 1633 123 1694 lle
135 1635 289 1712 corporali
302 1635 412 1698 debito
427 1635 679 1699 similitudinem
693 1638 797 1702 traxit
816 1639 857 1701 ad
912 1630 1069 1694 debemus
1089 1632 1277 1710 inlelligere
1296 1634 1337 1696 de
1358 1634 1472 1698 electis
1498 1652 1541 1698 ex
1570 1638 1709 1716 utroque

81 1733 247 1809 spirituale,
277 1733 335 1796 sed
359 1750 427 1795 nou
452 1735 584 1812 penitus
610 1735 753 1813 plenam,
780 1737 857 1814 quia
912 1728 1044 1806 populo.
1061 1732 1108 1792 lle
1123 1731 1402 1801 malisuondicit
1416 1733 1710 1811 quianondimisit

80 1833 139 1890 tam
151 1831 183 1891 iu
198 1831 270 1904 hoc,
285 1848 384 1910 quam
396 1832 515 1909 inille,
532 1834 587 1895 cui
601 1833 778 1897 dimittitur
794 1835 856 1896 de·
912 1827 1009 1889 malis
1024 1829 1058 1893 et
1071 1829 1235 1905 pessimis.

80 1927 180 2000 litum,
193 1929 300 2006 gretia
313 1930 501 1993 exhibetur.
529 1932 593 1994 Sed
616 1931 663 1993 ibi
683 1934 856 2010 pecuniam
950 1925 1059 1988 Aliter
1071 1947 1079 1987 :
1091 1929 1285 1992 Foenerator
1305 1929 1368 2018 iste
1380 1931 1431 1996 est
1445 1931 1635 2011 unigenitus
1647 1929 1712 1997 Dei'

81 2026 337 2102 quaedimittitur‚
352 2027 481 2090 debitor
495 2029 622 2107 aceepit
643 2030 854 2094 acreditore.
911 2023 1016 2085 Filius
1038 2026 1136 2088 Jesus
1162 2026 1324 2102 ChristuS,
1347 2030 1403 2108 qui
1427 2030 1554 2092 duobus
1577 2033 1709 2110 populis

81 2123 132 2184 liic
149 2139 224 2186 vero
244 2125 375 2205 culpam
397 2143 472 2205 quae
493 2127 675 2201 relaxatur,
702 2130 857 2206 peccator
911 2122 1085 2199 pecuniam
1099 2139 1192 2186 suam
1205 2125 1321 2191 tribuit
1332 2127 1374 2189 ad
1385 2145 1532 2202 usuram,
1547 2130 1624 2208 quia
1632 2131 1709 2193 ilde·

80 2237 134 2282 non
147 2223 269 2301 aceepit
283 2239 303 2285 a
317 2224 501 2288 salvatore.
911 2220 998 2284 libus
1012 2221 1082 2284 suis
1098 2239 1158 2285 sua
1174 2223 1261 2286 dona
1272 2225 1424 2303 largitur,
1441 2227 1477 2289 ut
1489 2243 1531 2289 ex
1545 2227 1627 2305 ipsis
1642 2228 1706 2291 ho-

110 2319 310 2397 allegorice:
325 2322 419 2385 sreut
437 2323 622 2402 phariseus
645 2326 858 2405 reprehendit
911 2335 1029 2382 norum
1052 2337 1188 2398 eperum
1222 2322 1370 2385 referant
1399 2323 1553 2398 nectum,
1588 2325 1707 2403 quihus

79 2417 228 2480 Christum
240 2419 276 2481 in
292 2419 392 2482 corde
404 2437 476 2495 suo,
493 2423 571 2502 quia
587 2427 760 2502 receperat
773 2443 855 2504 pee-
911 2419 1083 2496 praemium
1098 2418 1270 2482 lucrantur
1284 2422 1455 2482 aeternum.
1473 2423 1560 2484 Sane
1572 2423 1601 2484 si
1616 2425 1706 2486 mul-

80 2517 217 2579 catricem
234 2519 419 2594 mulierem,
442 2521 490 2584 ita
503 2523 645 2600 populus
665 2525 855 2589 ludaeorum
909 2516 1103 2594 fillissdssiut
1134 2518 1280 2596 dumille
1305 2533 1365 2596 1²0¹·
1397 2519 1523 2593 dacem,
1557 2521 1707 2585 efficiunt

79 2616 272 2692 reprehendit
286 2618 463 2692 Christum,
478 2621 557 2702 quia
570 2623 696 2700 recepit
710 2638 854 2700 congre-
910 2613 1162 2693 quinquaginta.
1188 2617 1339 2694 Quinque
1357 2631 1438 2680 V01'0
1461 2618 1538 2680 ⁸1¹¹st
1558 2621 1707 2698 cOlll⁰tis

80 2714 227 2788 gatonem
252 2717 399 2792 gentium
427 2719 469 2780 ed
495 2720 733 2796 poenitentiam,
762 2721 855 2785 Unde
910 2727 1039 2785 seusus,
1071 2712 1235 2796 videlicet,
1264 2713 1367 2786 visus,
1403 2714 1546 2784 auditus,
1576 2717 1705 2793 gustus,

78 2810 145 2874 dicit
163 2814 336 2892 Apostolus
357 2814 398 2878 ed
420 2819 534 2893 gentes
554 2816 594 2880 de
617 2819 766 2882 iudaeis:
788 2822 854 2882 se·
910 2809 1067 2872 odoratus
1082 2812 1114 2873 et
1125 2810 1244 2873 tactus.
1257 2812 1297 2873 iit
1309 2811 1421 2873 decem
1432 2813 1599 2889 suntlegis
1612 2830 1709 2875 man-

77 2913 209 2974 endum
231 2917 459 2992 heanpecum
477 2919 609 2979 sesamae
627 2918 775 2994 propter
795 2933 855 2981 voe
910 2906 987 2969 data
1004 2924 1011 2968 τ
1027 2907 1232 2986 uiesenpta
1253 2909 1288 2970 in
1312 2909 1518 2984 meacula,
1535 2912 1707 2989 essentem
1751 2957 1752 2962 κ

77 3007 171 3082 (pom,
197 3027 244 3084 ῃ,
261 3012 327 3092 23),
351 3012 660 3090 subintelligendum
688 3014 738 3077 est
752 3036 760 3076 :
773 3019 854 3077 seps
909 3005 946 3065 in
960 3005 1077 3067 altera.
1092 3005 1154 3080 Qui
1168 3020 1249 3082 ergo
1261 3007 1463 3085 multiplicat
1474 3009 1619 3087 quinque
1631 3027 1708 3072 cor-

73 3107 182 3170 Judoei.
196 3111 288 3184 Item,
305 3111 371 3174 duo
383 3111 548 3174 debitores
561 3115 638 3175 sunt
649 3113 714 3175 duo
729 3113 853 3191 populi,
909 3102 999 3180 poris
1014 3119 1131 3166 sensus
1143 3119 1204 3182 per
1215 3102 1301 3166 hona
1316 3120 1418 3183 opera
1429 3106 1608 3168 secundum
1623 3108 1707 3186 legis

72 3205 199 3282 populus
231 3209 379 3284 gentium
413 3211 445 3272 et
477 3211 618 3288 populus
651 3211 853 3274 Judaeorum,
910 3201 1075 3276 mandata,
1100 3202 1131 3264 is
1154 3203 1394 3283 quinquaginta
1414 3204 1627 3268 denariorum
1642 3223 1706 3285 po·

71 3304 206 3381 Populus
230 3307 379 3384 gentium
407 3307 547 3372 debebat
575 3309 731 3373 denarios
757 3311 856 3389 quin·
910 3299 973 3362 test
984 3300 1122 3362 reddere
1132 3301 1289 3375 debitum,
1302 3303 1379 3380 quia
1397 3300 1461 3366 ista
1476 3303 1707 3382 multiphcatio

69 3405 186 3478 gentes,
215 3405 358 3484 populus
385 3407 575 3470 Judaeerum
602 3409 853 3487 quinquaginta,
909 3399 960 3459 est
973 3397 1080 3460 toenus
1090 3399 1177 3476 quod
1192 3398 1324 3462 debitor
1338 3401 1471 3462 tenetur
1480 3401 1619 3464 reddere
1632 3419 1709 3465 cre-

68 3499 253 3567 Foeneretop
264 3506 315 3567 est
328 3507 426 3567 Deus,
441 3506 588 3584 populus
600 3507 748 3582 gentium
761 3506 856 3570 debe.
910 3495 1020 3558 ditori.
1032 3497 1194 3558 Caeterum
1208 3497 1237 3558 si
1253 3497 1365 3560 decem
1379 3498 1640 3577 multiplicentur
1649 3517 1710 3578 per

65 3595 113 3660 bat
126 3600 283 3664 denarios
295 3603 504 3682 quingentos,
521 3605 600 3682 quia
612 3620 746 3667 servare
761 3605 856 3667 dehe-
910 3593 1160 3672 quinquaginta»
1171 3593 1361 3658 efficiuntur
1370 3597 1561 3674 quingenta·
1575 3597 1637 3692 §ed
1648 3615 1708 3675 per

64 3691 112 3758 bat
131 3698 242 3778 legem
257 3701 443 3764 naturalem
464 3702 498 3765 in
514 3703 659 3781 quinque
678 3703 778 3766 rebus
795 3725 803 3765 ι
819 3704 854 3766 in
910 3691 1230 3769 quinquagenarium
1271 3693 1518 3769 praedicationis
1560 3693 1706 3758 Officium

64 3793 182 3860 duabus
198 3798 299 3860 rebus
314 3816 386 3877 quae
408 3800 575 3877 pertinent
592 3801 633 3863 ad
650 3802 852 3879 ,pp-oximum,
910 3789 1113 3865 designatur,
1124 3790 1226 3866 dipel
1235 3789 1408 3851 denarium
1416 3791 1704 3870 Decfllogllslegis,

62 3893 133 3956 eim
146 3897 259 3960 ciuus
272 3897 372 3960 reum
390 3915 462 3976 que
488 3899 716 3976 pertinentes
737 3902 852 3962 neum.
909 3884 987 3964 cuia
1003 3887 1276 3964 quinquagesimo
1291 3887 1397 3949 oreas
1411 3903 1549 3966 egressu
1563 3890 1706 3953 filiorum

61 3991 92 4052 111
111 3995 185 4058 istu
202 3995 333 4058 suenus
347 3994 447 4058 renus
465 3995 674 4058 naturarum
688 3997 776 4060 istuc
791 3997 854 4060 ue·
910 3983 1014 4048 isreel
1037 4001 1079 4047 ex
1100 3987 1256 4064 AEerrte
1286 3987 1374 4048 Deus
1395 3987 1485 4050 aeon
1504 3989 1705 4067 Decaloaum

58 4085 165 4156 bemus
195 4094 328 4167 faeere,
356 4094 498 4168 scilieet,
521 4094 607 4175 quod
635 4096 787 4159 volumus
813 4096 854 4158 ab
910 4083 994 4159 legis
1008 4082 1043 4144 iu
1057 4097 1138 4144 sono
1153 4082 1302 4146 buccinae
1318 4083 1351 4146 et
1364 4083 1496 4161 fulgure
1518 4090 1552 4149 et
1567 4088 1704 4150 tonitru.
1742 4153 1747 4164 ,

57 4188 125 4251 aliis
141 4193 221 4255 deri
232 4192 342 4267 nobis,
358 4209 420 4256 nos
434 4193 510 4255 aliis
525 4193 697 4268 iaciamus,
713 4195 746 4258 et
769 4197 854 4274 quod
909 4180 1620 4265 Dfldfflbu⁸ffl⁰d⁰11¹¹¹¹0⁰⁸id10011d¹1ml³0¹¹
1634 4187 1706 4248 ⁸1¹¹·

55 4287 205 4354 uolumus
222 4291 321 4356 nobis
336 4292 409 4354 tleri
421 4291 463 4354 ab
476 4292 563 4363 aliis,
579 4309 721 4386 nosnon
745 4292 854 4357 iacia—
908 4279 998 4357 8⁰1³·

55 4400 120 4448 mus
134 4390 199 4452 eis.
218 4393 259 4452 In
273 4391 328 4452 his
340 4389 467 4453 duobus
480 4391 530 4454 est
541 4392 597 4454 lex
609 4393 738 4454 natura
753 4409 856 4472 quan·
949 4377 1012 4452 Qui
1027 4394 1107 4455 0180
1122 4377 1320 4456 multiplicat
1333 4379 1417 4457 108ss
1432 4381 1707 4460 D00³l⁰d¹111ll²0¹¹

54 4483 113 4546 tum
127 4487 171 4549 ad
187 4489 379 4566 proximos.
395 4488 473 4552 Tria
493 4504 572 4552 vero
598 4505 671 4568 quae
688 4491 855 4568 pertinent
908 4485 1155 4562 praedicationis
1171 4485 1317 4548 cilicium
1327 4485 1474 4550 docendo
1489 4489 1522 4550 et
1531 4503 1704 4566 exponen-

54 4581 87 4640 ad
102 4587 223 4660 Deum,
241 4587 321 4648 sunt
334 4587 398 4648 iste
413 4607 421 4647 ε
438 4601 498 4664 per
510 4587 719 4662 rationalem,
735 4588 856 4652 intelli·
909 4583 961 4657 dc,
987 4583 1018 4645 is
1043 4583 1190 4662 prolecto
1216 4584 1471 4661 quingentorum
1493 4585 1704 4648 denariorum

53 4684 193 4754 gentiam
226 4688 335 4747 Deum
367 4701 583 4762 cognoscere,
613 4702 672 4764 per
698 4688 853 4750 virtutem
909 4681 1055 4744 debitum
1069 4681 1209 4744 reddere
1224 4682 1348 4758 potest3
1365 4682 1442 4758 quia
1459 4681 1533 4743 talis
1545 4683 1708 4760 multipli-

54 4781 349 4858 concupiscibilem
364 4781 473 4859 ipsum
486 4797 610 4856 amere,
625 4798 686 4861 per
696 4783 854 4847 virtutem
909 4777 1706 4856 catioestloenus,quoddebitorteneturreddere

53 4873 258 4943 irascibilem
277 4878 378 4952 mala,
404 4896 477 4957 quae
499 4881 613 4943 contra
635 4881 742 4959 ipsum
764 4883 852 4954 sunt,
910 4876 1161 4948 creditori-Qui
1182 4889 1262 4938 vero
1277 4875 1329 4938 vel
1345 4876 1540 4939 exercitium
1560 4879 1705 4957 quinque

53 4973 202 5041 detestari
218 4978 259 5040 et
284 4976 476 5055 reprobare.
502 4980 568 5041 Ista
587 4979 731 5058 quinque
754 4996 853 5042 man·
910 4990 1067 5038 sensuum
1089 4973 1269 5036 secundum
1296 4973 1409 5036 decem
1434 4973 1517 5051 legis
1537 4977 1703 5050 mandata,

53 5070 118 5136 deu
141 5076 300 5156 populus
314 5075 464 5151 gentium
485 5075 598 5138 debuit
621 5075 798 5141 obseruare
822 5077 855 5140 et
908 5075 962 5136 vel
975 5071 1224 5152 praedicationis
1237 5071 1384 5134 officium
1403 5073 1584 5136 secundum
1596 5077 1705 5138 Deca-

53 5183 108 5232 nou
122 5173 342 5238 observavit.
909 5173 1022 5250 logum
1050 5171 1134 5248 legis
1159 5169 1299 5247 negligit
1324 5170 1517 5249 adimplere,
1542 5173 1597 5236 hic
1619 5173 1706 5234 unde

85 5273 259 5336 recursa
275 5269 391 5332 debuit
406 5271 504 5333 homo
523 5272 677 5334 denarios
692 5273 856 5352 quingen·
908 5269 1101 5333 toeneratori
1125 5267 1242 5331 reddet
1255 5284 1391 5330 usuram
1413 5269 1604 5344 nonhabet,
1628 5271 1705 5349 quia

53 5367 105 5442 tos,
124 5372 205 5450 quia
220 5371 288 5434 lex
302 5369 465 5432 naturalis
480 5367 543 5432 tuit
557 5370 735 5433 constituta
751 5371 786 5432 in
802 5370 854 5433 his
910 5370 996 5450 quod
1012 5382 1252 5448 supererogare
1267 5366 1436 5440 debuerat,
1460 5366 1650 5431 intermisit.
1666 5371 1706 5429 lli

55 5470 187 5548 quinque
199 5467 390 5539 mandatis,
407 5467 486 5546 quia
500 5468 565 5530 ista
580 5468 724 5547 quinque
742 5471 855 5532 cente-
910 5468 1042 5547 quidem
1064 5465 1171 5542 magis
1195 5463 1358 5541 delinquit
1378 5463 1434 5540 qui
1452 5464 1592 5542 negligit
1614 5482 1706 5543 prae-

56 5568 137 5633 daria
151 5571 203 5634 nil
220 5567 322 5633 aliud
338 5565 529 5643 significant
541 5565 606 5629 nisi
621 5567 683 5630 ista
697 5567 854 5630 mandata
910 5565 1086 5628 dicationis
1098 5563 1256 5635 olllcium,
1269 5577 1368 5640 quam
1383 5562 1438 5639 qui
1454 5562 1593 5640 negligit
1607 5580 1705 5628 exer-

58 5667 126 5746 legis
145 5665 335 5734 naturalis.
354 5665 493 5729 litalius
505 5665 757 5744 quinquaginta.
774 5667 854 5740 Quis
910 5664 1025 5728 citium
1049 5660 1203 5726 actionis.
1226 5661 1307 5720 Cum
1331 5661 1440 5720 autem
1461 5661 1550 5720 Deus
1570 5661 1653 5723 illud
1673 5664 1706 5723 et

92 5865 94 5870 ,
183 5801 451 5866 i.tn01..i'ollitll.
1485 5787 1533 5846 dd
