3936 6318
77 317 123 378 lai
508 314 597 377 xlii.
611 337 653 369 ι·-
667 311 712 378 IN
735 315 865 378 FESTO
887 315 1038 384 sancii
1061 315 1274 382 GRhGomi.
1656 324 1716 390 iot

76 475 112 536 ita
124 473 188 536 sita
202 475 237 537 et
253 471 343 536 tama
362 471 449 537 beati
466 474 621 552 Gregorii
638 474 702 538 tuit
722 474 862 554 pulchra
916 474 1046 552 praelatl
1070 477 1219 554 pastores
1241 477 1462 557 appellantur,
1490 479 1577 545 sicut
1595 481 1721 548 dicitur

73 575 100 634 et
109 572 262 650 pretiosa,
278 571 418 635 honesta
438 573 471 636 et
486 574 647 651 preclara
663 590 775 637 coram
794 577 861 638 Deo
916 574 950 635 in
966 575 1146 661 Evangelio
1163 577 1232 638 :iit
1241 577 1414 652 pastores,
1431 579 1547 657 inquit,
1564 584 1667 646 erant
1679 587 1717 646 tn

74 673 100 732 ot
116 669 318 732 hominihus.
343 671 385 732 at
398 671 485 733 sicut
505 671 587 733 illud
609 688 669 734 vas
684 671 760 734 auri
781 673 863 734 soii·
916 675 1057 748 regione
1067 676 1187 736 cadem
1197 676 1378 752 violantes
1388 677 1421 738 et
1430 679 1661 742 custodientes
1670 684 1718 742 oi·

75 769 136 828 dum
156 768 232 837 luit,
254 769 302 831 ila
321 768 439 832 beatus
457 771 638 846 Gregorius
657 769 721 833 suit
734 769 862 834 stabilis
915 773 1017 846 ptiias
1026 771 1504 849 noctissuperprcpemsuum
1514 774 1609 856 (Luc.
1619 791 1656 850 ιι,
1668 775 1714 857 8).

77 871 102 928 ei
113 867 222 928 tirmus
235 868 272 929 in
286 867 367 943 fide;
381 868 459 946 quia
474 868 679 946 impossihile
696 871 757 942 est,
774 870 861 931 sicut
916 869 1007 929 'lunc
1023 868 1155 944 quidem
1174 885 1253 931 vere
1272 871 1421 946 pastores
1441 873 1658 950 appellamur,
1687 875 1717 937 si

78 965 145 1026 dicit
159 965 354 1042 Apostolus,
379 966 451 1028 sine
472 966 537 1028 lide
565 967 698 1044 placere
721 970 800 1030 Deo.
823 965 862 1029 m
916 965 1095 1041 vigilamus
1110 967 1144 1029 et
1159 967 1365 1031 custodimus
1384 969 1517 1045 vigilias
1531 973 1639 1035 noctis
1659 989 1718 1034 su·

76 1063 146 1124 sicui
167 1063 252 1124 illud
279 1079 339 1125 vas
369 1063 432 1126 luit
458 1066 612 1127 ornatum
639 1065 731 1128 omni
751 1065 863 1143 lapide
916 1065 1564 1146 perpopulonohiscommisso.1taque,
1582 1068 1714 1144 iratres,

75 1161 221 1238 pretioso,
237 1161 284 1222 ita
305 1161 421 1224 heatus
435 1163 616 1240 Gregorius
638 1163 703 1227 init
725 1166 862 1227 ornatus
916 1160 946 1222 si
967 1177 1028 1224 nos
1052 1179 1166 1224 sumus
1188 1163 1338 1240 pastores
1353 1165 1464 1226 ovium
1487 1166 1607 1243 quihus
1626 1168 1716 1232 dici·

75 1259 245 1332 nobilitate,
269 1260 446 1337 sapientia,
469 1261 622 1336 scientia,
648 1260 811 1326 charitate
830 1264 862 1326 et
915 1258 981 1332 tur,
1000 1275 1106 1334 pasce
1132 1275 1213 1324 oves
1242 1276 1354 1334 meat,
1380 1262 1429 1324 ⁸10
1457 1262 1613 1326 debemus
1637 1279 1717 1328 oves

74 1358 149 1419 omni
162 1357 302 1420 virtute.
917 1373 995 1419 suas
1013 1374 1161 1436 pascere,
1189 1359 1236 1433 ut,
1258 1359 1413 1424 veniente
1436 1361 1513 1438 lupo
1536 1378 1610 1424 cum
1629 1361 1717 1426 hono
1811 1402 1814 1408 ·

106 1456 266 1528 secundo,
290 1455 381 1533 quia,
405 1456 492 1520 sicut
517 1458 566 1518 sal
588 1459 701 1521 condit
722 1457 860 1531 cibaria,
916 1457 1049 1533 pastore
1068 1456 1197 1518 animas
1219 1457 1351 1519 nostras
1373 1473 1536 1535 ponamus
1555 1475 1615 1537 pro
1638 1461 1716 1524 ovi-

76 1569 109 1613 ne
120 1553 185 1614 sini
203 1553 363 1630 insipida,
380 1554 439 1616 sed
450 1555 619 1617 uthonum
635 1571 788 1634 saporem
800 1557 863 1618 ha·
917 1551 979 1614 hus
995 1554 1130 1616 nostris.

74 1650 230 1724 mentita
246 1651 405 1729 praelatus
418 1652 515 1716 dehet
526 1653 650 1716 hahere
665 1652 860 1717 condimen·
959 1651 995 1713 Si
1009 1667 1123 1714 sumus
1138 1652 1299 1730 clavigeri
1313 1653 1410 1730 regui
1424 1653 1580 1725 coelestis,
1597 1655 1717 1734 quihus

74 1749 132 1808 tum
144 1747 293 1809 scientiae
307 1748 343 1810 in
358 1764 406 1822 se,
420 1749 518 1819 idest,
534 1766 649 1812 sanam
664 1751 860 1826 doctrinam,
917 1748 1039 1810 dicitur
1058 1771 1067 1811 ι
1089 1749 1163 1812 mhi
1182 1750 1268 1812 daho
1291 1751 1402 1813 claves
1424 1753 1520 1828 regni
1544 1754 1715 1828 coelorum,

76 1847 104 1906 ut
116 1846 197 1906 sciat
209 1845 381 1922 corrigere
395 1846 555 1920 subditos,
576 1864 723 1922 monere,
740 1849 863 1927 praedi·
917 1847 951 1908 et
972 1848 1200 1925 quodcumque
1224 1848 1364 1910 solveris
1388 1848 1453 1910 erit
1474 1849 1634 1927 solutum3
1667 1851 1718 1914 sic

75 1959 151 2014 care,
172 1942 292 2006 docere
313 1944 471 2022 populum
495 1945 559 2007 sihi
579 1947 804 2020 commissum,
830 1949 863 2009 et
918 1943 1075 2006 dehemus
1087 1944 1277 2009 discernere
1287 1945 1375 2010 inter
1386 1946 1513 2024 lepram
1527 1950 1561 2010 et
1575 1947 1713 2026 lepram,

75 2040 232 2104 retrahere
248 2057 268 2103 a
282 2042 338 2104 via
350 2043 475 2104 erroris
490 2043 524 2105 et
542 2044 701 2106 reducere
714 2044 756 2106 ad
772 2045 862 2107 riam
917 2042 950 2104 et
959 2044 1088 2119 justum
1103 2042 1136 2105 et
1150 2044 1321 2121 injustum,
1339 2059 1380 2106 ne
1395 2046 1632 2108 mortificemus
1646 2048 1719 2110 ani·

73 2139 211 2200 veritatis
237 2155 299 2217 per
327 2142 544 2204 auctoritates
572 2143 695 2206 vetoris
725 2144 759 2206 et
783 2143 861 2205 novi
916 2155 988 2202 mas
998 2157 1072 2218 quaa
1083 2157 1150 2204 non
1165 2142 1364 2215 moriuntur,
1378 2143 1411 2205 et
1424 2143 1632 2206 vivificemus
1646 2145 1718 2207 ani·

74 2238 278 2311 Testamenti,
315 2254 374 2316 por
406 2239 572 2313 rationes,
606 2241 859 2316 similitudines,
916 2254 988 2300 mas
1012 2255 1084 2316 quae
1108 2255 1176 2302 non
1199 2241 1328 2314 vivunt,
1358 2241 1392 2302 et
1418 2240 1567 2302 dicamus
1591 2243 1716 2305 malum

74 2337 212 2413 exempla
226 2338 418 2400 sanctorum
432 2339 580 2416 patrum3
596 2339 644 2401 ita
662 2340 861 2402 utdoctrina
915 2335 1038 2399 honum
1058 2336 1233 2400 othonum
1254 2338 1395 2410 malum,
1420 2341 1579 2415 ponentes
1607 2339 1716 2402 lucem

74 2449 124 2494 sna
144 2435 187 2496 sit
206 2451 308 2507 sana,
333 2435 378 2497 sit
401 2436 546 2514 integra,
573 2439 617 2500 sit
639 2438 712 2500 sine
734 2454 859 2512 errore,
914 2433 1070 2496 tenchrae
1084 2435 1118 2496 et
1131 2434 1414 2496 tenebraslucem.
1433 2435 1469 2496 Si
1481 2435 1577 2497 nohis
1592 2436 1716 2499 dictum

75 2531 137 2592 sine
157 2533 363 2596 admixtione
383 2533 554 2607 falsitatis,
584 2536 622 2598 ut
642 2536 728 2615 quod
753 2535 858 2610 dccet,
915 2533 965 2594 est
981 2553 989 2592 :
1006 2531 1157 2594 Praedioa
1171 2532 1320 2605 verbum,
1338 2532 1424 2595 insta
1440 2535 1634 2610 opportune,
1651 2533 1719 2596 im-

75 2627 164 2692 iaciat
184 2631 367 2694 secundum
389 2633 576 2710 exemplum
599 2634 751 2711 Magistri
775 2633 828 2696 sui
851 2656 858 2694 ι
915 2632 1066 2708 portune,
1089 2646 1205 2708 argue,
1221 2630 1370 2702 obsecra,
1385 2631 1533 2708 increpa,
1559 2632 1609 2693 sic
1623 2631 1714 2708 vigi-

75 2729 276 2805 capillosus
290 2730 402 2792 tacere
415 2733 447 2793 et
460 2732 591 2794 docere.
607 2733 862 2810 Namquiiece·
915 2728 1022 2791 lemus
1046 2728 1079 2790 et
1104 2730 1139 2790 in
1163 2727 1317 2792 omnihus
1337 2727 1537 2800 laboremus,
1568 2731 1604 2792 ut
1631 2745 1715 2808 opus

75 2825 111 2885 rii
123 2827 207 2904 quod
222 2827 384 2902 docuerit,
405 2828 461 2892 hic
479 2845 620 2906 magnus
637 2829 810 2895 vocabitur
824 2831 859 2893 in
915 2825 1077 2889 iaciamus
1100 2826 1324 2903 evangelista,
1349 2827 1383 2890 et
1394 2826 1543 2888 nostrum
1559 2828 1715 2890 ministe-

74 2926 351 2998 regnocoelorum.
914 2925 1001 2986 rium
1016 2925 1224 3003 impleamus.

105 3021 176 3084 Non
198 3023 321 3086 suflicit
343 3024 507 3088 sacerdoti
527 3024 651 3088 habere
672 3027 861 3105 exemplum
955 3025 992 3085 Gi
1006 3039 1120 3086 sumus
1141 3023 1319 3096 salterrae,
1346 3023 1394 3086 sio
1412 3023 1499 3086 alios
1522 3023 1716 3086 condiamus

72 3118 141 3180 m'tae
161 3121 233 3183 sine
248 3121 351 3184 verbo
363 3122 534 3188 doctrinm.
548 3127 656 3187 Unum
669 3124 742 3186 sine
756 3126 861 3188 altero
916 3123 1038 3184 nostrae
1056 3120 1318 3184 conversationis
1333 3122 1497 3199 exemplo,
1514 3122 1550 3184 ut
1562 3137 1714 3200 saporem

73 3217 228 3280 modicum
240 3219 341 3283 valet.
359 3221 452 3284 Unde
469 3222 504 3284 in
522 3223 702 3299 Evangelio
722 3226 862 3287 :Omnis
916 3220 1061 3283 habeant
1079 3219 1120 3281 de
1138 3219 1226 3282 salle
1245 3218 1440 3282 salinarum.
1470 3222 1517 3282 De
1540 3236 1605 3298 qua
1628 3221 1716 3284 valle

72 3319 175 3378 scitha
201 3321 322 3381 doctus
347 3323 385 3382 tn
403 3336 513 3398 regno
538 3328 703 3386 coelorum
724 3324 862 3398 profert
915 3317 1038 3380 dicitur
1056 3318 1092 3380 in
1114 3317 1200 3379 libro
1226 3319 1363 3394 Regum,
1394 3317 1480 3394 quod
1501 3315 1605 3380 David
1633 3333 1715 3396 per-

70 3415 276 3479 dethesmrro
288 3434 379 3481 novo
388 3419 422 3481 ct
431 3420 552 3482 uetera
563 3418 693 3499 (Matth.
708 3437 783 3491 xm,
794 3419 859 3500 52).
916 3417 1020 3478 cussit
1036 3414 1191 3478 inimicos
1209 3414 1244 3476 in
1266 3415 1355 3478 valle
1380 3415 1574 3477 salinarum.
1596 3415 1711 3488 David,

72 3511 180 3575 Scriba
203 3514 320 3577 doctus
338 3518 391 3578 cst
409 3517 609 3596 praedicator
626 3519 681 3582 vel
703 3519 861 3597 prelatus
916 3513 1022 3576 honus
1048 3514 1221 3592 praelatus,
1250 3513 1405 3576 inimicos
1429 3513 1587 3590 percutit,
1617 3513 1714 3586 idest,

70 3610 115 3670 rel
137 3611 255 3675 doctor
282 3613 431 3676 eruditus
455 3615 491 3676 in
512 3615 635 3678 divinis
664 3618 860 3695 scripturis3
916 3613 1017 3675 verbo
1038 3611 1285 3690 praedicaiionis
1299 3612 1491 3689 peccatores
1505 3611 1661 3682 concutit,
1683 3611 1717 3673 et

70 3722 202 3784 regnum
218 3711 389 3785 emiorum,
403 3713 863 3793 divinascriptura3thesau-
917 3711 980 3772 hoc
1001 3711 1037 3773 in
1056 3711 1145 3774 valle
1166 3709 1349 3772 salinarum
1370 3709 1460 3780 iacit,
1477 3709 1555 3786 quia
1578 3707 1718 3770 humili·

69 3821 120 3866 ms
137 3811 189 3871 est
213 3810 389 3887 sapientia,
410 3811 506 3884 idest,
528 3827 650 3876 novum
666 3813 862 3876 Testamen-
916 3810 984 3872 tate
999 3824 1061 3870 sua
1075 3809 1124 3869 eis
1139 3807 1385 3870 condimentum
1397 3805 1525 3868 tribuit.

68 3905 130 3966 inm
146 3909 303 3970 etvetus.
321 3910 413 3972 Tunc
429 3909 555 3988 profert
571 3911 612 3973 de
627 3911 787 3974 thesauro
801 3928 862 3974 suo
958 3907 1014 3969 Sic
1028 3921 1107 3983 ergo
1130 3904 1236 3967 honus
1261 3905 1419 3984 praelatus
1442 3901 1554 3976 satiat,
1574 3901 1716 3966 ¹10f0rtt

68 4017 146 4067 nova
160 4005 196 4068 ot
210 4008 337 4081 vetera,
354 4009 485 4085 quando
499 4010 716 4073 auctoritates
738 4011 863 4073 veteris
917 4007 1085 4083 tamquam
1100 4003 1151 4066 sal
1169 4002 1370 4066 infatuatum
1391 4001 1431 4063 ad
1447 4001 1590 4063 nihilum
1605 4000 1716 4064 valeat

68 4105 97 4161 et
121 4105 201 4166 novi
219 4105 435 4176 Testamenti,
456 4107 510 4169 vel
530 4108 769 4185 promissiones
791 4110 865 4187 gio·
918 4105 1068 4176 ulterius,
1086 4103 1153 4165 nisi
1166 4102 1202 4164 ut
1215 4101 1412 4181 proiioiatur
1428 4101 1519 4163 toras
1534 4103 1568 4165 et
1579 4101 1718 4164 concul-

67 4201 121 4262 rire
139 4203 305 4276 eoelestis,
328 4204 382 4266 vel
399 4207 673 4269 comminationes
690 4223 863 4285 poenarum
918 4202 1063 4265 ceturah
1077 4200 1279 4264 hominihus.
1292 4197 1377 4277 Erg'o
1392 4199 1421 4262 si
1441 4215 1502 4262 nos
1520 4199 1651 4277 praelati
1664 4199 1716 4262 sal

67 4295 182 4362 inferni
191 4301 355 4380 praedicat
365 4304 486 4381 populo
496 4303 560 4365 sihi
568 4305 756 4368 commisso.
770 4307 863 4369 Unde
917 4301 1017 4363 tarrae
1040 4316 1166 4373 sumus,
1186 4298 1323 4362 condire
1345 4299 1473 4360 mentes
1492 4297 1639 4360 fidelium
1652 4297 1733 4390 ιιι(

67 4396 186 4460 Paulus
199 4399 284 4462 dicii
300 4401 480 4479 unicuique
496 4402 633 4480 praeiato
648 4401 757 4468 :Esto
775 4407 865 4482 vigi·-
918 4398 1045 4460 hernus.
1064 4398 1149 4470 Quia
1161 4396 1248 4459 sicut
1262 4395 1404 4474 coquina
1417 4397 1468 4458 est
1483 4395 1627 4473 insipida
1644 4394 1717 4457 sine

65 4496 144 4568 tans,
159 4501 376 4561 indemnibus
388 4502 523 4573 miore,
542 4515 627 4575 opus
651 4504 707 4576 sac
720 4517 866 4578 coange-
919 4497 1004 4568 salo,
1025 4495 1073 4558 ita
1092 4493 1285 4574 praedicatio
1306 4509 1423 4572 parum
1449 4493 1539 4556 valet
1562 4493 1635 4556 sine
1657 4505 1716 4554 sa-

65 4593 809 4678 lntoe‚m122utmumtuumsmpe(11mmnv,
817 4600 862 4680 5).
919 4594 1045 4673 pientia
1060 4592 1094 4657 et
1112 4593 1323 4656 discretione.
1341 4592 1435 4655 Unde
1450 4591 1609 4654 Dominus
1631 4605 1719 4667 prae-

99 4691 204 4756 Dehet
218 4693 322 4755 etiam
335 4693 474 4772 quisque
484 4695 641 4775 praelatus
652 4697 793 4774 vigilare
806 4713 866 4775 per
919 4693 1000 4771 cipit
1013 4693 1049 4754 in
1067 4691 1142 4769 lege
1156 4708 1164 4748 ι
1180 4695 1224 4752 In
1236 4693 1331 4752 omrai
1340 4691 1513 4762 sacrificio
1522 4695 1575 4751 sal
1588 4689 1718 4763 offerus

66 4801 174 4852 curam
194 4793 233 4854 et
256 4792 516 4854 sollicitudinem
539 4810 640 4872 super
660 4795 781 4873 populo
801 4797 865 4858 sihi
921 4791 1013 4871 (Les.
1026 4805 1063 4863 ιι,
1080 4788 1145 4868 13),
1161 4788 1258 4861 idest,
1274 4788 1311 4849 in
1330 4787 1421 4848 omni
1441 4785 1527 4864 quod
1547 4786 1638 4848 dices
1659 4787 1718 4848 aut

67 4890 254 4952 commisso.
277 4894 390 4968 Aque
409 4891 498 4952 enim
518 4893 625 4970 maior
639 4909 720 4956 cura
742 4895 775 4956 et
795 4895 865 4956 oir-
920 4889 1034 4960 iacies,
1058 4886 1178 4949 adhibe
1197 4884 1411 4962 sapientiam,
1428 4899 1471 4947 ne
1493 4883 1571 4962 quid
1595 4883 1717 4948 offeras

66 4987 269 5066 cumspectio
284 4989 442 5065 exigitur,
457 5005 554 5066 quam
567 4990 679 5054 abillo
694 5007 754 5070 per
768 5009 865 5070 quem
920 4985 1100 5065 insipidum
1115 4984 1169 5048 vel
1183 4983 1359 5046 insulsum:
1385 4983 1425 5045 m
1444 4982 1506 5046 Joh
1521 5004 1529 5043 ι
1542 4985 1719 5058 Numquid

69 5097 142 5158 grex
155 5086 297 5149 Domini
311 5086 347 5148 in
362 5087 471 5150 medio
492 5087 646 5166 luporum
666 5091 866 5153 custodituri
918 5081 1031 5158 polest
1049 5083 1181 5144 Omnem
1197 5083 1368 5142 intuitum
1381 5081 1470 5152 Gtwd
1488 5093 1558 5141 non
1579 5078 1632 5140 θεέ
1646 5082 1719 5141 8111ss

69 5197 104 5242 ne
122 5185 204 5262 lupi,
229 5184 329 5257 idest,
354 5184 505 5248 haeretici
525 5187 658 5264 rapiant
677 5191 711 5250 et
731 5188 865 5268 disper-
920 5174 1203 5258 oeconomici.
1226 5191 1274 5248 vr,
1298 5174 1345 5256 6).
1371 5175 1522 5238 insulsus
1546 5176 1597 5237 est
1624 5175 1718 5237 cibus

69 5285 139 5354 gan
156 5299 254 5348 oves.
279 5283 558 5346 sicliniensem
581 5286 866 5362 evangelicum
921 5278 1100 5350 doctrine,
1127 5275 1183 5354 sui
1204 5289 1272 5337 non
1292 5274 1393 5336 merit
1408 5273 1559 5336 conditus
1575 5273 1644 5336 sale
1658 5289 1718 5336 sa·

70 5381 140 5440 srmt
160 5385 222 5456 qui
250 5381 424 5443 emanant
448 5384 486 5443 in
511 5383 727 5447 vestimentis
749 5389 867 5448 ovium
922 5376 1068 5456 pientiae.
1083 5373 1330 5453 EtApostolus:
1350 5373 1405 5436 Sit
1420 5385 1536 5434 semo
1552 5373 1669 5436 vester
1682 5377 1720 5434 ιἰι

73 5471 193 5554 (liatth.
220 5493 284 5550 sn,
313 5478 377 5558 15).
410 5479 467 5541 isti
488 5480 636 5558 quotidie
654 5483 806 5546 nituntur
824 5485 865 5546 ad
922 5479 1040 5556 pratia
1056 5489 1196 5550 sempor
1213 5477 1285 5536 sale
1305 5471 1463 5534 conditus
1479 5469 1716 5554 (Colos.1v,6).

73 5576 267 5640 auferendas
291 5577 421 5638 animas
444 5576 634 5652 hominum,
663 5581 719 5658 qui
740 5581 865 5646 intrin-
963 5575 1056 5638 Unde
1087 5573 1230 5650 legimus
1256 5569 1297 5632 de
1324 5568 1421 5631 heato
1449 5569 1610 5645 Gregorio
1633 5570 1717 5632 illud

76 5689 160 5739 secus
182 5676 266 5738 sunt
290 5674 358 5753 lupi
380 5691 530 5753 rapaces.
558 5678 598 5740 m
623 5677 698 5740 ideo
722 5695 867 5756 congrue
923 5673 1010 5752 quod
1037 5671 1160 5735 dicitur
1184 5670 1219 5732 in
1243 5667 1476 5732 Ecclesiastico
1497 5667 1538 5730 de
1560 5668 1719 5732 Simone}
