3988 6308
315 312 373 374 187

357 471 424 549 ugo
438 473 617 544 Romanus,
632 472 791 534 diaconus
806 472 997 536 cardinalis.

358 595 427 668 Ego
442 589 640 667 Stephanus,
662 590 776 652 Sancti
790 589 929 652 Adriani
948 591 1108 654 diaconus

316 688 507 752 cardinalis.

355 807 423 881 Ego
453 803 711 876 Alebrandinus‚
737 806 769 866 S.
797 804 968 866 Eustachii
995 804 1109 868 diaeo-

316 919 378 964 nus
395 903 588 965 cardinalis.

355 1066 475 1126 Datum
510 1064 677 1136 Laterani,
700 1078 760 1142 per
791 1079 924 1124 manum
957 1063 1107 1135 Ranerii,

315 1162 438 1240 prioris
453 1162 566 1224 Sancti
582 1161 730 1224 Fridiani
745 1162 882 1234 Lucani,
899 1161 1021 1223 sanctae
1037 1165 1107 1223 Ro·

316 1277 425 1322 manae
466 1261 623 1322 Ecclesiae
658 1260 944 1332 vicecancellarii,
981 1260 1108 1322 decimo

316 1358 445 1420 decimo
476 1358 569 1420 scuto
603 1358 763 1418 kalendas
796 1357 975 1430 februarii,
1007 1357 1109 1418 indio-

315 1455 406 1518 tione
421 1458 460 1528 V,
474 1457 716 1518 incarnationis
729 1456 908 1518 Dominicaa
924 1471 1011 1517 anno
1033 1454 1110 1516 mil-

316 1553 434 1615 lesimo
457 1553 682 1615 ducentesimo
706 1553 1004 1630 decimoseptimo,
1025 1569 1110 1631 pon-

317 1651 460 1714 titicatus
486 1667 565 1713 vero
585 1651 710 1713 domini
729 1651 870 1714 Honorii
896 1654 995 1728 Papae
1019 1651 1109 1716 tertii

316 1764 405 1810 auno
420 1749 538 1826 primo.

671 1970 751 2057 dul

315 2215 368 2274 nd
392 2213 579 2274 Androeom
611 2215 827 2288 propensam
859 2211 891 2274 ct
924 2212 1110 2274 ltobcrtzon

356 2311 609 2373 Olorrttcccoscm
634 2313 807 2386 episcopos
828 2311 863 2373 et
882 2311 1110 2387 proposition

355 2408 650 2484 Rottsponenscm.

609 2539 642 2597 18
658 2538 719 2612 jun.
741 2540 820 2598 lali.

347 2680 464 2746 [besueta
483 2679 569 2732 Codex
579 2679 756 2745 diplomaticus
767 2680 894 2742 bloraviar,
908 2685 926 2730 t.
938 2681 970 2744 Il,
987 2696 1013 2746 p.
1026 2680 1077 2745 svp

323 2858 465 2916 lionorius
486 2871 558 2930 papa
574 2860 613 2916 lll
628 2857 663 2914 de
678 2857 854 2916 restituendo
869 2856 992 2930 quodam
1005 2865 1108 2928 castro,

354 2946 429 3019 quod
454 2946 643 3016 Tboobeldus,
664 2947 742 3020 regis
763 2945 907 3004 Bobemiae
926 2961 1027 3020 nepos,
1046 2961 1109 3006 cru·

322 3103 326 3112 Ι
352 3037 517 3109 assignatus
532 3035 684 3109 proditorie
699 3042 898 3109 occupaverat.

358 3217 525 3278 Honorius
559 3214 749 3293 episcopus,
784 3232 900 3278 servus
938 3231 1110 3277 servorum

317 3312 388 3386 Dei,
403 3312 648 3374 venerabilibus
670 3312 832 3388 Pragensi
854 3313 885 3374 et
901 3313 1109 3375 Olomuceusi

316 3411 494 3488 episcopis,
511 3412 544 3473 et
564 3410 682 3472 dilecto
705 3411 824 3472 lilio...
848 3411 1024 3489 praeposito
1040 3413 1109 3472 Ra-

316 3509 511 3586 tisponeusi,
522 3508 662 3570 salutem
675 3511 709 3570 et
723 3509 939 3585 apostolicam
954 3507 1111 3570 benedic-

317 3607 452 3668 tionem.

356 3705 404 3766 Ad
445 3702 649 3766 audientiam
690 3705 838 3766 nostram
864 3703 1037 3766 carissimo
1074 3705 1109 3765 iu

317 3803 447 3864 Christo
466 3801 535 3863 illio
547 3805 660 3864 nostro
675 3805 712 3864 0.
735 3803 858 3864 illustri
872 3819 950 3878 rege
965 3803 1109 3864 Boemiae

316 3900 523 3975 significante
538 3900 697 3976 pervenit,
708 3900 793 3976 quod
805 3900 926 3961 nobilis
941 3900 994 3962 vir
1006 3903 1041 3960 T.
1055 3917 1110 3961 ne·

927 311 1103 376 dodoau
1125 314 1169 374 111
1191 314 1338 378 OPERA.

1507 483 1608 571 uili

1222 709 1274 768 Ad
1295 708 1505 778 willelmum,
1522 709 1674 770 comitem
1684 713 1846 776 Pcmbrocl.
1945 681 1946 690 ἵ

1359 804 1596 877 justitiarium
1608 809 1736 883 Attalica.

1459 935 1492 994 re
1508 935 1569 1010 ran.
1585 936 1659 996 1111.

1202 1070 1314 1135 [depost.
1325 1068 1371 1120 lib.
1382 1071 1403 1127 i,
1420 1070 1494 1134 epist.
1507 1070 1561 1122 tro.
1573 1097 1604 1108 —
1612 1071 1727 1136 bouquet,
1740 1072 1825 1126 ltmueil
1833 1074 1864 1123 des

1380 1149 1525 1212 historiens,
1534 1156 1552 1200 t.
1563 1151 1661 1218 XlX‚p.
1669 1152 1729 1215 aas]

1163 1319 1299 1378 Willelmi
1319 1319 1355 1377 de
1371 1317 1574 1390 Pembrochio‚
1590 1328 1744 1377 coronatum
1758 1319 1787 1377 ab
1799 1321 1825 1378 l.
1839 1321 1859 1378 S.
1868 1323 1893 1378 le·

1199 1416 1268 1482 gato
1283 1423 1380 1482 regom
1398 1409 1550 1467 ilenrioum
1564 1407 1896 1479 defendentis,coustautim

1199 1497 1295 1555 laudat
1315 1496 1453 1567 Pontifex,
1470 1507 1497 1555 ot
1513 1498 1549 1556 ad
1578 1498 1771 1570 persistendum
1791 1498 1815 1554 iu
1831 1497 1896 1555 debila

1199 1585 1334 1644 fidelitate
1349 1587 1481 1644 eumdem
1500 1585 1638 1644 hortatur.

1204 1749 1372 1811 Honorius
1385 1749 1611 1827 episcopus...‚
1631 1748 1743 1810 dilecto
1759 1747 1817 1808 tilio
1828 1745 1899 1808 nobil

1164 1846 1237 1908 viro
1261 1849 1315 1908 W.
1332 1849 1444 1910 comiti
1466 1847 1661 1924 Pamproch.
1680 1845 1837 1924 Justitiario
1851 1847 1899 1904 11-
1948 1873 1949 1898 i

1164 1944 1252 2020 gliae,
1270 1945 1421 2017 salutem,
1436 1946 1498 2008 eto.

1204 2043 1303 2104 Duris
1328 2043 1423 2105 nobis
1452 2042 1642 2105 rumoribus
1662 2039 1820 2110 nunciatis,
1834 2037 1901 2097 vidc-

1165 2140 1243 2202 licet
1261 2141 1347 2218 quod
1380 2142 1479 2202 clarae
1506 2141 1675 2202 memoriae
1692 2141 1721 2202 1.
1745 2153 1799 2198 reu
1813 2134 1903 2210 lugia

1164 2237 1252 2298 viam
1272 2238 1361 2300 esset
1381 2239 1548 2301 universae
1566 2239 1677 2300 carnis
1692 2238 1849 2312 ingressus,
1865 2246 1902 2290 re·
1949 2255 1950 2264 ¹

1165 2336 1244 2413 pieu
1260 2337 1337 2398 sunt
1350 2336 1453 2398 lumbi
1469 2337 1574 2398 nostri
1588 2337 1711 2407 dolore,
1727 2335 1757 2396 et
1774 2331 1904 2406 sicutpar·

1164 2433 1318 2496 turientis
1343 2436 1497 2512 angustia
1523 2451 1585 2496 uos
1612 2433 1761 2512 possedit,
1781 2432 1838 2491 tum
1854 2426 1904 2502 quia

1164 2531 1283 2605 ipsum,
1302 2534 1413 2609 utpote
1425 2533 1581 2595 Ecclesiae
1594 2535 1748 2595 Romanae
1759 2525 1904 2592 vassallum
1950 2511 1951 2544 ¹

1164 2631 1197 2690 et
1216 2631 1320 2706 ipsius
1347 2631 1452 2692 fllium
1467 2630 1658 2707 specialem,
1679 2630 1800 2690 sincera
1818 2619 1904 2683 dilexi·

1164 2743 1238 2788 mus
1260 2729 1295 2790 in
1315 2729 1454 2790 Domino
1479 2728 1629 2800 caritate,
1657 2729 1724 2788 tum
1750 2724 1817 2801 quia
1835 2721 1906 2794 major

1164 2825 1259 2886 nobis
1284 2825 1385 2887 instat
1406 2825 1586 2887 necessitas
1612 2820 1816 2886 subveniendi
1835 2815 1907 2878 caris·

1165 2923 1249 2984 simo
1266 2923 1302 2982 in
1315 2923 1445 2986 Christo
1459 2923 1527 2984 tilio
1543 2923 1658 2984 nostro
1674 2920 1806 2982 Henrico
1818 2915 1907 2993 prino·
1951 2947 1952 2982 v

1164 3020 1275 3096 genito
1298 3023 1382 3097 ejus,
1399 3021 1472 3096 regi
1484 3020 1668 3096 anglorum
1682 3015 1805 3084 illustri,
1819 3027 1864 3090 per
1877 3007 1909 3068 di·

1165 3119 1286 3180 lectum
1303 3117 1407 3178 filium
1422 3119 1571 3180 nostrum
1587 3121 1625 3178 G.
1644 3116 1754 3179 *tituli
1769 3116 1798 3174 S.
1814 3103 1910 3171 llariui

1165 3215 1393 3293 presbyterum
1422 3215 1640 3288 cardinalem,
1670 3216 1708 3276 Α.
1738 3215 1769 3274 S.
1795 3207 1909 3284 legatum

1165 3313 1301 3389 provide
1316 3314 1489 3388 coronat0;
1513 3313 1684 3390 assumpto
1704 3311 1804 3374 autem
1817 3301 1911 3367 tortitu-
1952 3359 1953 3368 ,

1165 3411 1253 3472 dinis
1269 3411 1388 3488 spiritu
1410 3411 1446 3472 in
1468 3427 1507 3472 eo
1533 3412 1590 3487 qui
1618 3409 1805 3472 consolatur
1827 3417 1872 3464 uos
1890 3397 1911 3456 il

1164 3509 1254 3570 omni
1281 3508 1497 3570 tribulatione
1523 3509 1650 3581 nostra,
1678 3507 1714 3569 ut
1736 3504 1874 3584 possimus
1892 3491 1912 3554 et

1164 3605 1230 3682 ipsi
1248 3622 1304 3668 eos
1320 3607 1376 3684 qui
1396 3607 1431 3668 in
1454 3621 1612 3684 pressura
1631 3607 1710 3667 sunt
1725 3596 1876 3666 consolari,
1887 3589 1913 3651 at

1165 3703 1270 3780 ipsius
1299 3705 1331 3766 et
1356 3705 1453 3781 regni
1475 3707 1547 3782 ejus
1562 3705 1740 3766 consilium
1763 3702 1793 3762 et
1815 3693 1912 3759 tutelau

1165 3803 1287 3866 affectu
1300 3802 1415 3864 intimo
1431 3802 1632 3879 aspirantes,
1648 3802 1727 3864 licet
1742 3800 1780 3860 de
1798 3799 1847 3859 tua
1861 3803 1915 3851 rou·

1165 3901 1287 3963 stantia
1302 3916 1457 3976 geramus
1477 3917 1568 3976 spem
1588 3901 1714 3962 certam
1731 3899 1763 3960 et
1782 3889 1914 3956 indubita-

316 4013 377 4074 pos
402 4013 493 4068 suus,
515 3997 571 4074 qui
588 3997 682 4072 signo
703 3997 811 4058 vivice
827 3995 903 4078 (stc)
922 3998 1031 4059 crucis
1046 3998 1111 4058 bu·
1164 4000 1231 4060 tam
1255 3998 1410 4059 fiduciam
1431 3997 1623 4069 habeamus,
1647 3999 1679 4060 te
1698 3997 1803 4060 tamm
1819 3985 1916 4066 aposto

317 4095 419 4154 meris
432 4095 501 4154 suis
516 4094 615 4154 affixo
628 4093 746 4154 taciem
758 4093 865 4156 euntis
881 4096 915 4156 in
925 4095 1109 4157 Jerusalem
1164 4096 1238 4158 licis
1248 4095 1534 4158 exhortationibus
1545 4085 1915 4184 confortandumduuiuuu¹

317 4191 481 4263 induerat,
503 4191 538 4250 in
558 4206 712 4267 sempnar
737 4189 813 4270 (stc)
834 4209 984 4269 campum
1000 4194 1110 4254 diver·
1164 4195 1197 4256 et
1218 4194 1429 4266 hortandum,
1453 4211 1494 4259 ue
1514 4210 1573 4255 cor
1593 4195 1689 4256 tuum
1713 4192 1748 4253 in
1769 4177 1916 4265 hujusmodl

315 4291 402 4362 tens,
431 4289 595 4365 adjunctis
620 4288 814 4367 quibusdam
840 4289 903 4352 sibi
925 4291 1109 4369 iniquitatis
1164 4291 1433 4358 tribulationibus
1461 4293 1715 4363 consternetur,
1750 4287 1803 4350 sed
1828 4277 1916 4360 quanto

317 4386 411 4460 tiliis,
437 4385 602 4464 quoddam
628 4387 772 4450 castrum
800 4387 905 4465 ipsius
929 4390 1108 4466 proditorie
1163 4389 1296 4452 fortuna
1324 4389 1455 4452 videtur
1478 4390 1647 4466 asperior,
1679 4388 1769 4451 tanto
1794 4386 1917 4450 exsilits

317 4485 500 4562 occupavit,
511 4487 626 4546 contra
637 4487 863 4563 juramentum
879 4503 975 4547 suum
985 4489 1108 4550 temere
1164 4489 1369 4550 constantior
1394 4489 1512 4550 contra
1539 4504 1630 4560 eam,
1659 4503 1734 4548 cum
1760 4478 1873 4544 virtutis
1890 4469 1917 4529 sit

316 4584 490 4653 veniendo,
507 4600 566 4660 per
580 4583 665 4661 quod
686 4585 753 4644 tam
772 4584 878 4661 ipsius
893 4585 994 4660 regis,
1010 4603 1108 4662 quam
1163 4585 1324 4662 prolicere
1338 4586 1374 4648 in
1389 4585 1550 4646 adversis.

249 4667 251 4674 ’
315 4683 535 4745 ecclesiarum
567 4682 653 4744 bona
681 4682 855 4744 devastare
890 4699 957 4744 non
988 4685 1106 4746 cessat.
1203 4686 1305 4744 Tuam
1329 4697 1409 4760 ergo
1430 4683 1635 4746 nobilitatem
1650 4695 1816 4744 monemus
1833 4675 1861 4736 et
1877 4681 1919 4772 0¹ss

316 4780 458 4857 Ideoque
482 4779 651 4841 dilectioni
679 4781 798 4842 vostrae
827 4797 887 4858 per
918 4781 1107 4858 Apostolica
1163 4779 1336 4844 hortamur
1362 4782 1396 4844 in
1418 4783 1577 4854 Domino,
1605 4798 1665 4858 per
1689 4776 1859 4858 apostolica
1878 4764 1920 4826 libr

315 4878 439 4954 scripta
451 4879 656 4950 mandamus,
676 4880 838 4956 quatenus
854 4879 1027 4955 praelatum
1042 4895 1107 4941 no·
1163 4880 1285 4956 scripta
1298 4879 1503 4952 mandantes,
1521 4881 1684 4957 quatenus
1698 4879 1781 4940 sicut
1799 4873 1844 4934 vir
1855 4875 1922 4928 cous

314 4975 413 5037 bilem
425 4977 464 5062 Ι111
478 4977 621 5037 castrum
636 4975 830 5052 praedictum
854 4977 926 5054 ipso
942 4975 1019 5058 (stc)
1036 4979 1107 5054 regi
1162 4979 1237 5039 taus
1258 4979 1291 5039 et
1314 4976 1409 5039 sortis
1428 4977 1639 5042 infidelitate
1664 4977 1771 5054 ipsius
1792 4968 1868 5044 retiiS
1882 4961 1922 5020 fis‘

315 5074 469 5136 restituat
481 5075 566 5134 sicut
579 5073 684 5146 debet,
702 5075 883 5136 monitione
898 5077 1033 5152 previa,
1048 5093 1109 5153 per
1163 5075 1260 5138 miter
1275 5090 1480 5152 perseveres,
1503 5075 1591 5138 circa
1606 5075 1705 5151 regni
1720 5067 1920 5134 defensionen,

314 5187 490 5235 censuram
512 5171 782 5244 ecclesiasticam,
813 5173 1034 5250 appellatione
1052 5191 1108 5236 re·
1162 5175 1195 5236 et
1222 5190 1336 5236 curam
1355 5173 1503 5250 ejusdem
1525 5175 1630 5250 regis,
1656 5169 1832 5248 invigilans
1854 5153 1924 5220 solli-

311 5274 412 5344 mota,
430 5269 566 5347 cogatis
577 5269 668 5340 Quod
686 5269 714 5330 si
732 5279 798 5331 uon
814 5287 927 5332 omnes
943 5271 995 5332 bis
1011 5289 1109 5334 euse-
1162 5272 1308 5335 citudine
1335 5272 1596 5349 circumspecta,
1622 5271 1654 5333 et
1681 5264 1838 5334 cardinali
1859 5267 1923 5336 prae·

313 5369 452 5446 quendis
477 5366 651 5445 potueritis
670 5367 842 5444 interesse,
871 5369 935 5430 duo
960 5373 1107 5432 vestrum
1148 5370 1261 5439 dioto,
1276 5369 1330 5430 cui
1346 5369 1479 5446 plenam
1490 5368 1690 5432 contulimus
1703 5347 1924 5444 potestatemut

312 5483 352 5528 ea
377 5465 591 5528 nihilominus
614 5467 848 5543 exsequantur.
876 5469 994 5529 Datum
1009 5471 1108 5531 Late-
1161 5483 1201 5530 ea
1217 5483 1290 5546 quae
1306 5467 1347 5529 ad
1361 5467 1586 5531 defensionem
1601 5471 1633 5530 et
1647 5465 1822 5530 utilitatem
1839 5463 1923 5528 stit·

311 5564 397 5637 rani,
424 5565 484 5626 XV
518 5563 679 5626 kalendas
703 5564 874 5638 februarii,
897 5567 1106 5643 pontificatus

311 5663 416 5726 nostri
430 5678 517 5726 anuo
532 5662 649 5740 primo.

1198 5671 1239 5748 (l)
1260 5672 1427 5732 Guulonem.
