4106 6328
141 437 179 496 13
534 433 699 496 Vin-IN
720 434 1019 498 ASSUMP'I'IONE
1040 433 1191 496 BEATAE
1213 435 1377 510 MARIAE.
1600 431 1668 474 ·‘''²·'‘·
1741 438 1779 496 ts

142 594 190 658 est
201 607 306 670 genus
320 592 514 656 humanum.
530 595 610 658 Haec
625 595 782 672 est-porta
795 611 868 674 quas
884 609 934 658 se·
987 593 1165 670 languores
1182 595 1325 668 nostros,
1343 595 1484 658 accessit
1499 593 1653 673 proprius
1665 595 1784 656 Sama-

143 691 281 756 cundum
302 690 509 756 Ezechielem
527 690 563 756 in
580 692 677 756 domo
692 693 824 758 Domini
841 708 932 756 sem-
988 692 1117 754 ritauus
1133 691 1175 756 ad
1194 693 1390 766 sauciatum,
1410 694 1524 771 pastor
1542 692 1584 756 ad
1599 709 1694 756 ovem
1709 709 1787 771 per-

141 805 198 870 per
209 789 324 854 clausa
338 788 552 868 conspicitur.
657 811 664 820 -
988 791 1100 864 ditem,
1113 791 1182 853 vita
1191 791 1234 852 ad
1243 792 1480 864 morticinium,
1491 793 1623 870 Moyses
1634 791 1675 852 ad
1686 807 1787 870 popu-

176 889 255 950 llaec
279 887 332 956 est
353 887 450 966 virga
475 889 598 964 Aaron,
629 888 806 968 quaelicet
833 889 935 952 luerit
989 888 1056 950 lum
1069 888 1240 960 afflictum,
1251 889 1392 950 Elisaeus
1403 889 1443 950 ad
1455 906 1594 967 puerum
1607 891 1784 962 mortuum,

138 982 229 1052 arida
249 982 291 1047 ah
310 982 449 1050 humore
467 983 571 1060 uirili,
594 984 703 1048 subito
723 985 836 1050 nmen
857 1003 935 1064 ger·
989 985 1083 1062 pater
1093 983 1135 1046 ad
1146 983 1264 1056 lilium,
1278 983 1434 1052 dominus
1447 985 1488 1046 ad
1499 1000 1644 1058 servum,
1656 985 1788 1046 creator

139 1098 209 1144 men
224 1081 375 1160 protulit,
390 1083 424 1144 et
436 1081 472 1145 in
486 1081 631 1146 fructum
643 1083 779 1146 uberius
795 1083 935 1162 pullula·
988 1082 1030 1145 ad
1045 1082 1244 1156 creaturam,
1261 1081 1383 1160 ligulas
1398 1081 1567 1157 adlatum,
1581 1083 1727 1144 medicus
1743 1083 1785 1144 ad

138 1179 192 1242 111.
222 1179 319 1241 Unde
353 1179 494 1241 isaias:
527 1182 739 1256 assectatur
765 1185 869 1262 algua
893 1185 935 1245 de
989 1181 1162 1256 agrotum.

136 1278 545 1352 1011010000,οι110010
556 1281 675 1342 101100
689 1283 765 1352 aius
775 1281 936 1342 0110110101
1031 1277 1133 1341 Stella
1151 1277 1192 1340 de
1204 1293 1269 1358 qua
1284 1277 1482 1352 dictumest,
1499 1278 1550 1342 est
1568 1280 1671 1342 Beata
1685 1281 1787 1358 Virgo

139 1373 193 1454 (is.
206 1389 258 1446 11,
274 1372 319 1455 1).
341 1375 445 1456 Virga
464 1391 607 1458 namque
621 1376 723 1456 Virgo
744 1378 852 1440 Maria
867 1380 932 1457 est;
989 1377 1108 1450 Maria,
1120 1393 1194 1454 quae
1209 1377 1307 1444 stella
1321 1377 1424 1442 maris
1439 1377 1688 1456 interpretatur,
1701 1379 1788 1458 quod

137 1472 208 1546 ilos,
225 1471 318 1536 uuus
337 1475 410 1554 ejus
425 1473 586 1538 Christus.
607 1477 688 1539 ilaec
701 1475 812 1538 autem
826 1476 933 1552 virga,
989 1475 1076 1538 sicut
1094 1475 1204 1538 nautae
1218 1476 1316 1538 nocte
1334 1475 1520 1552 respiciunt
1536 1475 1578 1536 ad
1598 1475 1692 1538 illam
1707 1477 1789 1537 stel-

138 1568 936 1652 1101100011110011010010000011,0130010111
989 1571 1068 1644 lam,
1093 1574 1130 1634 ut
1149 1572 1279 1650 possint
1300 1589 1397 1636 suum
1420 1588 1556 1634 cursum
1578 1573 1733 1650 dirigere,
1757 1575 1790 1636 et

137 1666 301 1734 iuitdesse
313 1669 495 1732 secuudum
507 1669 591 1734 illud
606 1671 722 1734 lsaiae:
737 1672 818 1737 Erit
828 1674 935 1734 rocta
989 1670 1178 1748 periculosa
1194 1670 1268 1732 loca
1279 1670 1433 1744 evadere,
1448 1671 1496 1732 ita
1509 1687 1570 1732 nos
1580 1671 1616 1732 in
1626 1671 1690 1734 boc
1704 1672 1789 1732 mari

135 1767 243 1840 10000,
260 1768 296 1828 01
307 1770 366 1844 gut
377 1782 476 1832 01000
489 1769 792 1848 ecsurpctrcgere
802 1772 933 1850 petates,
989 1783 1111 1845 magno
1125 1769 1158 1830 et
1173 1768 1330 1846 spatioso,
1342 1768 1379 1830 in
1393 1769 1664 1832 tribulationibus
1684 1771 1718 1832 et
1733 1770 1789 1832 ad·

138 1867 175 1926 tn
196 1879 280 1928 cum
301 1866 421 1944 pentes
445 1867 633 1942 sperabunt
658 1865 769 1947 (Rom.
788 1883 846 1941 xv,
869 1868 933 1948 12).
989 1865 1203 1930 versitatibus
1229 1867 1262 1929 et
1283 1865 1447 1944 angustiis
1470 1867 1513 1930 ad
1538 1867 1632 1930 illam
1658 1867 1788 1931 stellam

138 1963 289 2024 ibuncus
310 1962 373 2025 tuit
393 1962 563 2029 Abraham
582 1966 616 2032 et
639 1965 755 2028 David.
786 1967 880 2030 Unde
903 1969 936 2029 et
989 1963 1157 2028 dominam
1168 1965 1315 2028 nostram
1329 1964 1537 2041 respicimus,
1550 1981 1626 2026 cum
1637 1967 1711 2042 eius
1724 1981 1790 2028 me·

137 2057 280 2123 Abrabae
294 2060 495 2139 promissum
509 2063 576 2126 est:
596 2066 787 2134 laceratae
802 2065 859 2126 tuo
874 2068 934 2128 ba·
989 2063 1065 2123 ritis
1085 2063 1120 2124 et
1140 2062 1293 2140 precibus
1313 2062 1464 2140 cupimus
1485 2062 1640 2140 liberari;
1664 2063 1788 2141 etipsa

104 2150 108 2158 '
137 2159 470 2222 eradicenturomraes
482 2161 603 2238 gentes
622 2158 718 2242 (Gen.
732 2177 852 2236 xxvru,
869 2161 933 2244 14).
990 2160 1076 2226 sicut
1089 2163 1140 2226 est
1154 2161 1261 2226 mater
1273 2160 1513 2226 misericordiae
1526 2161 1680 2224 subvenit
1693 2161 1788 2224 nobis

138 2256 175 2317 st
187 2256 314 2319 David:
327 2259 378 2320 De
391 2259 510 2332 fructu
523 2259 657 2324 centris
670 2260 861 2344 luiponem
872 2276 935 2324 cu·
991 2257 1025 2323 in
1040 2258 1131 2330 omni
1147 2258 1357 2326 necessitate.
1372 2259 1452 2332 Quis
1461 2275 1608 2338 unquam
1619 2259 1791 2322 invocavit

134 2357 450 2430 persederameam
461 2353 530 2436 (Ρο.
542 2372 659 2430 cxxxi,
671 2356 735 2439 11).
752 2360 935 2436 Haecvirga
990 2372 1065 2418 eam
1078 2357 1112 2419 et
1124 2372 1192 2419 non
1207 2359 1259 2420 est
1272 2357 1451 2423 exauditus
1463 2356 1505 2418 ab
1520 2359 1578 2420 eal

138 2449 264 2524 floruit,
290 2452 439 2518 fronduit
461 2455 498 2516 et
517 2455 655 2534 protulit
677 2454 831 2532 tructam,
857 2457 935 2538 quia
1031 2456 1106 2531 lpse
1126 2454 1177 2518 est
1194 2454 1302 2522 mater
1318 2453 1467 2532 pulchrae
1487 2453 1675 2520 dilectionis
1691 2457 1725 2519 et
1743 2455 1791 2517 ti·

136 2550 238 2612 Beata
254 2551 357 2627 virgo
372 2550 480 2617 Maria
494 2552 645 2631 credidit,
666 2555 818 2632 concepit
830 2555 864 2616 et
877 2571 937 2637 pe·
990 2551 1093 2612 moris
1109 2551 1143 2614 et
1158 2551 1398 2628 magnitudinis
1412 2553 1446 2614 et
1458 2553 1582 2614 sanctae
1597 2552 1679 2630 spei.
1695 2552 1789 2616 Unde

138 2647 222 2726 perit
249 2646 430 2712 Christum.
451 2651 498 2712 De
522 2649 585 2713 hac
606 2651 701 2730 virga
727 2652 937 2733 prophetavit
992 2649 1147 2710 Salomon
1161 2649 1197 2710 in
1208 2649 1354 2711 canticis
1368 2648 1601 2712 canticorum:
1617 2654 1789 2714 1111111110-

137 2745 275 2808 Balaam
299 2745 412 2810 dicens
438 2768 448 2816 c
472 2749 614 2814 ortatur
639 2750 736 2816 010110
763 2753 936 2814 0010001
990 2762 1051 2809 raes
1077 2748 1147 2808 tuce
1170 2749 1359 2824 0010111101
1383 2752 1557 2812 macram
1582 2752 1790 2823 punicorum

136 2843 169 2906 01
186 2845 374 2922 construat
393 2848 496 2923 circa
516 2851 704 2920 0011111101,
727 2849 936 2912 0110101001
990 2860 1068 2907 cum
1093 2859 1278 2921 pomerias
1305 2847 1475 2932 fraccttbur
1506 2842 1613 2925 (canc
1643 2863 1692 2918 11.
1723 2845 1787 2926 13).

136 2941 622 3024 0111011101011101111(Ν11111.
638 2960 732 3026 mr,
750 2947 799 3020 17,
816 2945 881 3028 19),
991 2943 1155 3026 Quantum
1170 2943 1212 3008 ad
1231 2943 1440 3020 spiritualem
1457 2944 1713 3020 intelligentiam
1728 2961 1790 3024 pa-

175 3040 278 3102 Ortus
297 3040 348 3104 est
365 3040 478 3120 itaque
497 3041 547 3104 sol
562 3041 604 3104 de
623 3041 730 3118 stella,
752 3045 878 3108 sanitas
892 3060 936 3108 ex
990 3040 1122 3102 radisus
1143 3043 1195 3103 est
1212 3039 1310 3106 beate
1328 3041 1446 3114 Maria,
1468 3044 1563 3119 qu'us
1578 3043 1786 3116 emissiones,
1823 3039 1827 3048 “

136 3137 351 3212 aegritudine,
369 3154 412 3200 ex
423 3139 612 3204 morticinio
627 3140 708 3215 vita,
722 3141 783 3204 lux
793 3157 837 3204 ex
847 3142 937 3204 tene-
991 3141 1027 3201 ut
1038 3139 1079 3202 de
1091 3138 1204 3202 multis
1218 3155 1324 3216 pauca
1337 3139 1498 3214 dicamus,
1511 3141 1588 3202 sunt
1601 3141 1680 3210 tres,
1694 3141 1789 3203 vide-

136 3231 216 3310 brts,
231 3235 376 3298 dulcedo
389 3252 433 3300 ex
441 3238 676 3312 amaritudine,
686 3255 729 3303 ex
739 3240 834 3318 spina
845 3256 934 3317 rosa¹
989 3237 1069 3302 licet
1082 3237 1203 3310 cordis,
1224 3237 1293 3303 oris
1313 3238 1347 3300 et
1360 3237 1497 3299 ventris.
1519 3237 1660 3300 Emissio
1678 3239 1787 3308 cordis

137 3334 287 3410 exrirga
298 3334 505 3414 amygdalus,
519 3351 564 3398 ex
572 3335 654 3400 rubo
665 3335 840 3400 delectatio
850 3338 936 3400 mori
990 3337 1042 3398 est
1056 3335 1137 3397 fides
1149 3335 1257 3398 beata.
1273 3335 1367 3396 Unde
1380 3334 1569 3398 Elisabeth:
1586 3339 1698 3400 Beato
1711 3353 1789 3411 pua

137 3431 170 3494 et
182 3430 224 3494 de
239 3430 355 3493 radice
367 3448 482 3497 amara
496 3433 559 3496 ilos
571 3435 680 3515 campi
692 3435 725 3498 et
739 3434 846 3496 lilium
861 3452 937 3498 con·
988 3435 1176 3506 eredenti,
1192 3437 1356 3509 quoniam
1364 3434 1594 3508 perficientur
1606 3450 1683 3510 paca
1697 3437 1789 3502 11010

137 3529 277 3594 vallium
301 3529 493 3611 pullulatim
517 3532 612 3610 pater
628 3548 672 3594 ex
690 3532 936 3608 blia,domiuus
989 3533 1071 3596 suat
1094 3533 1155 3596 troc
1180 3547 1203 3594 a
1224 3534 1371 3596 Domino
1395 3531 1490 3612 (Luc.
1508 3547 1532 3605 1,
1548 3530 1614 3612 45).
1644 3533 1786 3595 Emissio

137 3641 179 3690 ex
199 3627 339 3700 ancilla,
360 3629 394 3689 et
411 3644 455 3691 ex
473 3629 595 3706 exiguo
614 3629 724 3694 rivulo
745 3631 820 3695 sons
841 3647 936 3710 aquae
991 3630 1059 3694 oris
1083 3630 1147 3695 fuit
1169 3630 1228 3695 illa
1249 3629 1355 3692 dulcis
1377 3629 1575 3692 obedientiae
1598 3629 1786 3707 promissio,

138 3725 291 3788 salientis
305 3725 340 3786 iu
354 3725 457 3790 vitam
470 3727 641 3790 aternam.
992 3745 1090 3807 quam
1113 3728 1253 3794 audistis
1274 3727 1310 3790 in
1336 3726 1535 3803 evangelio:
1557 3731 1644 3790 11000
1664 3731 1789 3792 circite

175 3823 293 3886 Oritur
307 3823 411 3902 igitur
425 3824 475 3886 sol
494 3825 535 3886 de
552 3825 661 3899 stella,
680 3828 713 3890 et
728 3827 938 3890 demonstra·
990 3829 1141 3899 1101111111,
1156 3826 1220 3899 slot
1231 3827 1317 3890 mtbt
1327 3827 1517 3890 sccucdum
1529 3827 1673 3888 cardum
1690 3827 1790 3890 tatum

138 3921 259 3986 tursol
274 3936 334 3998 per
352 3921 493 3996 stellam,
517 3923 595 4000 quia
609 3923 838 4000 imperfectum
857 3941 938 3986 nos·
993 3924 1086 4004 (Luc.
1103 3939 1126 3997 1,
1142 3923 1210 4003 38).
1226 3923 1368 3986 Emissio
1380 3922 1507 3986 ventris
1520 3926 1635 4000 partus
1648 3923 1698 3985 est
1711 3923 1791 3986 Vir-

139 4021 225 4082 trum
244 4019 401 4082 viderunt
417 4020 506 4084 oculi
528 4021 598 4097 sui;
615 4037 656 4086 eo
671 4022 758 4102 quod
781 4024 854 4104 ipse
875 4023 938 4087 scit
991 4023 1091 4100 ginis,
1117 4022 1157 4084 de
1177 4037 1241 4099 quo
1262 4020 1433 4097 Angelus:
1457 4022 1550 4087 Quod
1564 4021 1728 4084 nascetur
1743 4036 1790 4084 ecc

140 4116 334 4192 figmentum
347 4118 507 4192 nostrum,
527 4134 594 4180 non
607 4121 790 4201 permansit
801 4121 939 4201 spiritus
992 4123 1026 4184 te
1039 4121 1200 4190 carectum
1213 4120 1392 4185 vocabitur
1405 4121 1515 4182 Ft'ltus
1528 4122 1593 4182 Det
1608 4117 1669 4199 (Id.
1685 4135 1707 4194 1,
1724 4123 1764 4182 35
1761 4120 1790 4201 ).

140 4229 220 4276 suus
234 4215 271 4276 in
284 4215 429 4288 bomine,
447 4215 525 4298 quia
538 4232 618 4280 caro
633 4217 695 4279 est
711 4218 775 4280 Sed
787 4234 830 4281 ne
843 4219 937 4302 11011·-
993 4221 1033 4282 Ε1
1056 4235 1122 4282 non
1149 4218 1257 4283 solum
1280 4217 1364 4282 tales
1386 4217 1594 4290 emissiones,
1611 4217 1668 4279 sed
1690 4219 1791 4282 etiam

140 4315 190 4378 ret
211 4330 296 4392 opus
318 4329 477 4392 manuum
496 4329 645 4388 suarum,
673 4317 706 4382 ct
726 4316 832 4380 lutum
851 4316 937 4398 quod
993 4316 1190 4378 emissiones
1204 4315 1369 4379 malorum
1383 4315 1581 4392 punicorum
1596 4330 1671 4376 cum
1686 4332 1792 4394 pono-

139 4414 246 4476 totum
261 4412 296 4474 in
307 4412 451 4476 circuitu
464 4411 712 4492 plasmaverant
723 4430 841 4480 manus
853 4417 938 4493 ejus,
992 4431 1068 4476 rum
1082 4413 1255 4482 fructibus.

141 4511 330 4574 exinanivit
343 4511 569 4591 semetipsum,
586 4509 727 4573 sormam
741 4513 830 4574 servi
845 4513 938 4574 acci·
1033 4513 1123 4580 Mala
1142 4512 1263 4590 punica
1284 4510 1363 4576 sunt
1380 4509 1534 4588 martyrii
1554 4515 1694 4587 genera,
1718 4529 1791 4590 quae

141 4610 247 4688 piens,
271 4613 305 4673 et
318 4626 339 4672 a
353 4626 481 4675 summo
497 4609 581 4672 coelo
594 4610 742 4687 egressio
766 4613 838 4694 ejus
857 4627 939 4688 per·
994 4613 1071 4678 sunt
1085 4610 1238 4688 plurima.
1259 4611 1345 4673 Nam
1367 4609 1486 4674 devota
1506 4610 1650 4687 servitus
1665 4611 1793 4687 martya

141 4708 234 4770 uenit
253 4709 414 4786 usquein
437 4711 568 4772 uterum
587 4709 704 4774 matris
726 4711 754 4787 ej
761 4725 810 4783 us,
827 4710 940 4774 aseae
994 4709 1081 4772 rium
1098 4710 1158 4770 est
1181 4707 1274 4770 Unde
1290 4707 1536 4783 Hieronymusr
1557 4722 1576 4767 0
1595 4708 1669 4776 Non
1682 4707 1792 4772 solum

141 4806 297 4870 videlicet
313 4807 437 4878 Patris,
457 4806 499 4868 ad
521 4807 631 4870 sinum
649 4806 777 4882 matris,
798 4807 941 4886 agloria
995 4807 1114 4869 effusio
1134 4804 1308 4881 sanguinis
1325 4804 1360 4864 in
1376 4803 1584 4872 confessione
1602 4805 1787 4882 reputatur,

142 4905 326 4982 majestatis
339 4905 381 4966 ad
396 4903 501 4967 lutum
517 4905 730 4981 poenalitatis,
745 4920 767 4966 a
780 4905 864 4968 solio
879 4921 941 4968 ex·
995 4905 1052 4967 sed
1060 4904 1186 4969 devotae
1193 4917 1323 4981 01100110
1330 4901 1449 4967 mentis
1460 4901 1674 4966 immaculata
1685 4905 1792 4966 servi-

142 5003 232 5069 celso
248 5004 281 5068 et
301 5003 421 5066 throno
441 5003 548 5080 regali
562 5001 604 5066 ad
624 5003 785 5066 offensam
799 5007 938 5082 peccati,
994 5005 1048 5069 tus
1061 5000 1679 5082 quotidianummartyriumest.›1tem
1694 5001 1793 5065 casti·

143 5101 350 5181 asplendore
361 5102 446 5165 lucis
456 5103 590 5166 aeternae
600 5102 643 5166 ad
651 5103 772 5165 testam
783 5103 825 5164 de
834 5103 940 5166 saniis
994 5103 1046 5168 tas
1056 5100 1201 5168 maxime
1215 5100 1434 5177 injuventute
1449 5101 1581 5165 servata
1594 5100 1791 5178 martyrium

143 5201 253 5276 terrm,
268 5216 289 5263 a
308 5201 457 5280 potentia
472 5200 599 5264 domiui
617 5199 659 5268 ad
677 5200 818 5263 formam
838 5201 937 5277 servi,
995 5199 1056 5262 est.
1071 5197 1165 5262 Unde
1176 5197 1420 5275 Hieronymusz
1435 5214 1454 5258 a
1469 5197 1576 5260 Habet
1590 5198 1723 5260 servata
1733 5213 1796 5275 pu-·

144 5301 345 5376 amajestate
359 5298 547 5378 imperandi
559 5298 601 5364 ad
615 5298 856 5380 subjectionem
868 5315 942 5362 ser·
995 5297 1108 5363 dicitia
1120 5295 1317 5374 martyrium
1329 5311 1437 5362 suum.
1453 5312 1472 5355 s
1490 5297 1571 5359 item
1586 5295 1790 5358 continentia

144 5394 266 5470 ciendi,
282 5393 560 5476 atranquillitate
570 5394 692 5474 quietis
705 5395 747 5456 ad
762 5395 942 5476 tempesta·
994 5412 1014 5458 a
1031 5394 1222 5462 carnalibus
1235 5393 1402 5463 illecebris
1414 5394 1610 5471 martyrium
1623 5395 1684 5457 est.
1697 5394 1791 5458 Unde

146 5493 213 5562 tem
226 5491 359 5564 laboris,
376 5491 419 5553 ab
431 5492 606 5556 altitudine
618 5492 745 5556 excelsi
758 5493 940 5556 habitaculi
995 5491 1193 5568 Gregorius:
1213 5507 1232 5553 0
1247 5491 1354 5560 Habet
1372 5507 1440 5567 pax
1460 5493 1573 5560 nostra
1594 5491 1790 5568 martyrium

146 5588 188 5650 ad
207 5589 425 5653 humilitatem
445 5591 612 5654 terrestris
630 5589 787 5663 cubiculi,
806 5592 939 5669 apala-
995 5606 1092 5656 suum
1107 5588 1193 5674 quod
1213 5588 1275 5652 etsi
1291 5589 1402 5650 carnis
1419 5588 1505 5652 colla
1521 5589 1609 5650 ferro
1626 5588 1796 5678 1101101111-1

148 5687 193 5748 tio
208 5688 281 5750 coeli
296 5688 337 5750 ad
349 5689 519 5765 tugurium
533 5689 699 5768 praesepii.
716 5691 756 5752 Ε1
770 5689 939 5752 111110111-
995 5688 1114 5761 dimus,
1130 5686 1297 5766 spirituali
1312 5690 1424 5748 tamen
1439 5685 1550 5762 gladio
1566 5686 1715 5748 earnalia
1732 5687 1792 5748 de-

148 5786 199 5848 ret
218 5801 276 5852 nos
295 5786 407 5850 oriens
422 5802 465 5852 ex
483 5786 563 5861 alto,
583 5788 617 5860 et
631 5787 761 5851 tolleret
774 5787 846 5866 ipse
861 5804 940 5852 vere
994 5786 1117 5850 sideria
1132 5785 1168 5850 in
1182 5784 1291 5848 mente
1303 5783 1518 5850 trucidamus.
1534 5799 1554 5844 a
1569 5785 1650 5846 ltem
1665 5787 1792 5864 marty·
