4082 6342
84 403 147 462 ecl
608 481 612 491 Ι
722 401 949 466 EPISTOLAE.
974 406 1052 466 LlB.
1078 408 1117 468 11.
1682 413 1743 473 562

84 560 196 624 belles
217 559 382 633 humiliat,
409 559 458 624 ita
478 560 666 624 voluntaria
695 561 887 628 obedientes
920 565 1060 644 damus
1084 566 1267 644 quatenus,
1298 568 1386 632 sicut
1413 585 1525 632 caram
1548 569 1651 633 babes
1679 571 1745 633 Di·

86 659 235 733 exaltan
262 658 411 737 alioquin
434 658 528 721 vobis
546 660 710 737 imputare
725 660 886 738 poteritis,
944 663 1056 724 vinam
1090 663 1123 726 et
1158 665 1381 742 apostolicam
1420 669 1580 744 gratiam,
1617 684 1743 730 memor

87 756 133 827 si,
152 754 345 816 obturantes
365 755 556 832 apostolicis
566 756 803 818 monitionibus
825 771 889 817 au·
945 761 1131 822 litterarum
1153 778 1234 839 quas
1256 779 1355 840 super
1373 765 1487 827 eodem
1516 767 1650 841 negotio
1672 769 1743 843 jam

86 868 147 912 res
169 854 310 924 vestras,
330 869 390 914 vos
410 853 499 930 ipsos
522 853 721 917 induxeritis
740 855 776 915 in
798 855 889 915 illius
945 858 1066 920 dudum
1092 858 1275 921 direximus
1302 861 1363 922 tibi
1388 865 1421 924 et
1446 863 1627 925 baronibus
1649 865 1745 940 regni

87 949 299 1013 difficultatis
313 951 500 1022 articulum,
514 951 554 1012 de
569 951 803 1030 quaexpediri,
815 969 889 1012 cum
943 958 993 1018 tui
1018 954 1081 1035 (b),
1111 958 1285 1020 Tolosanis
1314 960 1396 1036 ipsis
1436 977 1495 1038 per
1527 963 1559 1022 te
1589 961 1642 1023 vel
1670 963 1744 1024 tuos

87 1047 281 1120 volueritis,
306 1063 372 1109 non
394 1048 539 1124 possitis,
568 1065 642 1110 cum
668 1049 703 1110 in
721 1051 889 1127 praeterito
944 1069 1011 1116 nou
1035 1055 1207 1132 impendas
1221 1055 1275 1117 vel
1295 1056 1442 1134 impendi
1471 1059 1643 1135 permittas
1665 1075 1747 1121 con-

88 1161 193 1222 quam
212 1161 331 1221 graves
361 1146 429 1208 sint
457 1147 647 1222 apostolicae
674 1163 792 1210 manus
816 1148 889 1210 sitis
944 1153 995 1213 tra
1026 1153 1195 1229 negotium
1230 1155 1323 1231 pacis
1356 1156 1389 1217 et
1418 1155 1507 1228 fldei,
1532 1172 1570 1217 ac
1601 1157 1746 1232 legatum

88 1244 234 1319 experti.
248 1244 364 1305 Datum
375 1245 542 1316 Laterani,
552 1248 646 1306 sexto
655 1245 722 1307 kal.
726 1246 887 1324 januarii,
945 1251 1064 1328 ipsum,
1081 1267 1178 1328 quern
1202 1251 1336 1330 propter
1362 1252 1444 1314 illud
1470 1254 1512 1314 ad
1536 1255 1647 1331 partes
1670 1254 1746 1316 illas

90 1341 308 1417 pontificatus
321 1342 426 1403 nostri
442 1357 530 1403 anno
544 1343 699 1405 secundo.
945 1348 1140 1422 direximus
1162 1350 1339 1412 consilium
1363 1352 1396 1412 et
1417 1354 1588 1429 juvamen,
1616 1353 1672 1413 sed
1703 1352 1745 1414 ab

428 1523 431 1530 Ι
946 1461 1060 1508 eorum
1084 1445 1217 1508 civitate
1239 1463 1375 1510 revoces
1401 1464 1516 1510 omnes
1534 1449 1609 1511 tuos
1625 1449 1681 1526 qui
1704 1449 1746 1510 ad

395 1520 590 1610 LXXXIV
946 1559 1019 1604 eam
1032 1544 1214 1605 accessisse
1235 1545 1401 1619 dicuntur,
1418 1549 1451 1608 et
1465 1547 1506 1607 ad
1521 1562 1596 1608 eam
1615 1549 1749 1623 propter

194 1667 246 1725 Ad
257 1666 433 1737 mogum,
458 1667 644 1741 Among&
661 1677 789 1740 reygm,
946 1640 1009 1702 boc
1022 1642 1180 1704 accedere
1195 1641 1235 1703 de
1255 1645 1375 1705 caetero
1391 1659 1457 1706 non
1478 1643 1660 1721 permittas,
1687 1659 1749 1704 nec

389 1787 425 1845 23
439 1786 501 1844 dec·
515 1787 594 1846 ΗΠ.
840 1759 845 1769 ·
947 1737 1048 1799 aliam
1063 1739 1273 1816 terramquae
1288 1740 1485 1818 inpartibus
1505 1741 1574 1802 illis
1589 1741 1747 1802 Ecclesiae
1855 1793 1861 1808 ,

362 1893 367 1904 ,
468 1893 473 1904 ,
948 1837 1105 1898 Romanae
1118 1838 1252 1899 nomine
1265 1838 1465 1914 possidetur,
1477 1838 1560 1900 etad
1574 1841 1669 1916 cujus
1681 1838 1751 1899 tui-

124 1893 264 1958 [3⁰⁰q¹¹⁰¹'
277 1893 663 2037 R⁶⁰⁰⁰¹¹liffiff⁵ss¹zssgsttffi]p'
681 1891 741 1953 ⁰⁴¹³
750 1894 861 1956 aegest,
947 1933 1070 1995 tionem
1085 1934 1230 2011 legatum
1243 1935 1394 1996 misimus
1413 1935 1626 2007 antedictum,
1644 1950 1703 2013 per
1716 1936 1749 1997 te

91 2069 233 2128 iacobum
246 2071 321 2145 quod
335 2087 368 2129 ΒΘ
378 2072 524 2146 ingratum
539 2086 608 2145 erga
624 2071 784 2129 Romanam
799 2071 894 2128 Eecle
947 2031 1001 2091 vel
1018 2033 1089 2092 tuos
1100 2033 1274 2109 impugnes
1290 2033 1500 2110 aliquatenus
1510 2034 1565 2094 vel
1573 2033 1745 2094 molestes:

130 2161 204 2216 siam
228 2159 353 2232 prebeat
368 2162 463 2234 arguit
478 2161 632 2229 Honorius,
655 2169 811 2232 monetque
827 2166 858 2216 ut
877 2173 892 2216 a
948 2144 1064 2207 preces
1085 2131 1118 2192 et
1137 2133 1338 2208 pmcel'tum
1360 2132 1509 2193 ¹¹⁰⁵ts¹¹m
1525 2130 1639 2192 taliter
1653 2130 1751 2192 andi·

130 2249 280 2306 Tolosanis
308 2249 450 2307 desciscat
476 2258 506 2307 et
532 2263 600 2308 suas
627 2248 693 2307 inde
720 2249 818 2322 copias
845 2263 892 2306 rc·
947 2227 1054 2299 tum&
1069 2227 1167 2304 (1000,
1195 2228 1278 2290 inte
1299 2229 1508 2290 devotionem
1528 2230 1695 2305 speratam
1717 2228 1750 2290 θῑ

131 2337 236 2395 tranat.
949 2323 1094 2385 debitam
1109 2328 1337 2401 agnoscentes,
1354 2323 1618 2388 ad'commodum
1633 2326 1665 2386 et
1682 2325 1748 2386 bo·-

136 2448 305 2508 Honorius
316 2447 894 2525 episcopus...carissimoinun'risto
949 2437 1063 2530 {1⁰¹'0m
1078 2423 1172 2483 tuum
1182 2422 1365 2484 ferventius
1378 2423 1579 2499 aspiremus;
1598 2421 1748 2498 ³¹i⁰q¹¹i¹¹

94 2543 178 2615 filio,
202 2544 325 2606 illustri
351 2547 423 2623 regi
440 2549 641 2622 Aramum,
663 2544 814 2617 salutem,
830 2545 892 2606 etc,
948 2521 995 2630 ria
1009 2535 1124 2596 posses
1138 2520 1253 2582 contra
1268 2521 1301 2581 te
1317 2535 1378 2580 nos
1388 2521 1420 2580 et
1431 2523 1614 2581 Romanam
1629 2519 1748 2580 Eccle-

138 2643 273 2704 Utinam
294 2659 398 2720 prava
418 2644 558 2705 consilia
585 2645 676 2704 tuam
700 2641 896 2704 adolescen-
950 2633 1033 2678 Μ
1057 2633 1253 2695 ΡΓοῩο03Γ6’
1285 2617 1370 2695 ‘1¹¹⁰(l
1397 2633 1537 2694 regnum
1562 2619 1655 2680 tuum
1690 2634 1750 2694 ΡθΓ

93 2740 177 2800 qam
205 2756 272 2801 non
297 2741 466 2814 seducant,
488 2757 549 2804 nec
573 2741 746 2818 impellant
767 2741 809 2802 ad
831 2740 897 2801 ali,
949 2716 1127 2777 extraneas
1155 2717 1270 2792 gentes
1297 2717 1515 2792 comprimere
1542 2730 1748 2793 cogeremur.

95 2837 175 2914 quid
191 2837 378 2900 laciendum
398 2856 457 2917 per
471 2839 557 2917 quod
574 2838 720 2901 videaris
742 2839 894 2915 ingratus
950 2814 1068 2875 Dflfflffi
1083 2813 1249 2925 Laterani,
1269 2814 1372 2876 ΨΜ·
1384 2813 1545 2891 januarib
1569 2814 1750 2892 Ρθῦἷῑῆθᾶ·

95 2938 131 2996 et
164 2935 336 2998 immemor
361 2935 597 2998 beneficiorum
623 2938 657 2998 et
683 2937 799 3012 gratiae
822 2951 895 3013 quae
950 2912 1399 2974 ‘usn03ts13nn05901ffld0·

96 3033 290 3110 Apostolica
302 3033 403 3095 Sedes
414 3034 475 3096 tibi
491 3034 617 3096 studuit
626 3033 795 3105 exhibere,
812 3035 845 3095 te
855 3033 896 3094 de

98 3129 235 3191 illorum
265 3131 419 3192 manibus
452 3147 534 3209 quos
573 3131 727 3192 inimicos
759 3131 895 3209 reputas
1260 3089 1435 3174 LXXXV

98 3227 259 3300 eruendo,
272 3244 311 3289 ac
325 3228 492 3291 reddendo
502 3228 563 3291 tibi
573 3229 697 3290 terram
708 3230 798 3290 tuam
812 3229 897 3305 pari·
951 3233 1003 3291 Ad
1014 3231 1281 3305 procuratorem
1292 3234 1479 3307 Araponioe
1493 3231 1526 3292 et
1546 3230 1746 3294 cataloniae.

98 3328 152 3387 tar
166 3327 199 3387 et
219 3326 252 3386 te
268 3327 382 3388 terraei
400 3327 552 3388 Proiecto
570 3327 618 3388 sic
633 3327 733 3404 coepit
749 3327 897 3403 Aposto-
1252 3326 1356 3385 bedec.
1372 3327 1450 3384 lili.

96 3422 164 3482 lica
176 3423 278 3485 Sedes
294 3423 467 3485 ostendere
482 3424 638 3486 affectum
657 3441 727 3486 suae
742 3424 897 3487 dilectio·
986 3441 1283 3508 [eoaqueanwueildes
1293 3441 1357 3492 nst,
1367 3441 1398 3492 aa
1409 3443 1510 3499 aranee,
1520 3446 1539 3491 t.
1553 3441 1653 3506 xmp.
1664 3439 1720 3491 osa,

96 3519 151 3580 nis
165 3520 200 3580 in
221 3521 370 3598 parvulo,
392 3522 428 3583 ut
442 3523 560 3584 merito
575 3522 783 3584 devotionem
803 3521 899 3583 inve·
937 3595 951 3616 ·
1168 3525 1268 3587 aegest.
1289 3523 1333 3573 nn.
1352 3523 1383 3582 11,
1398 3523 1473 3587 asist-
1486 3521 1554 3587 ⁸²³-i

97 3618 174 3678 nire
197 3617 315 3682 debeat
336 3619 370 3680 in
394 3619 526 3694 adult03
552 3620 592 3681 ad
610 3619 741 3696 quodsi
759 3620 792 3681 te
807 3619 897 3680 aliud
954 3624 989 3680 Ut
1009 3637 1108 3695 regern
1131 3620 1274 3678 deterreat
1288 3621 1324 3678 ab
1339 3622 1445 3678 auxilio
1460 3619 1622 3693 praestendo
1640 3619 1752 3677 civibus

98 3717 898 3795 nondsberetinducere,sufficeretquodregnum
988 3711 1138 3768 Tolosanis
1162 3709 1300 3768 Romanae
1315 3709 1450 3768 Ecclesiae
1461 3707 1687 3778 adversantibus,
1703 3709 1752 3764 mi·
1853 3724 1857 3732 ·

19 3859 24 3870 .
97 3817 191 3876 tuum
205 3815 246 3875 ad
261 3816 445 3876 Romanam
460 3815 643 3876 Ecclesiam
659 3815 807 3877 noscitur
822 3831 899 3892 per·
989 3799 1291 3871 flflflisslessiflisslfllefl
1306 3798 1460 3856 Ηθῡῡῑὶῑῑθ·

98 3912 209 3973 tinere
224 3909 284 3992 (1).
309 3912 505 3974 Audivimus
532 3916 653 3986 autem,
677 3912 709 3974 et
726 3912 898 3974 audientes
996 3915 1163 3976 Honorius
1179 3914 1392 3991 episcopus...
1411 3913 1531 3974 dilecto
1555 3912 1625 3974 illio
1646 3910 1751 3974 nobili

99 4010 308 4087 nequivimus
324 4027 390 4072 non
406 4011 535 4084 mirari,
553 4011 639 4089 quod
652 4009 781 4072 civibus
794 4010 897 4072 Tolc-
953 4013 1026 4074 viro
1043 4014 1075 4073 S.
1094 4011 1303 4089 procuratori
1317 4011 1494 4088 Aragoniae
1509 4013 1543 4073 et
1557 4009 1750 4083 Cataloniae,

99 4108 204 4180 sanis,
235 4107 291 4185 qui
315 4109 485 4184 negotium
512 4109 605 4186 pacis
627 4110 660 4170 et
682 4108 770 4182 fidei,
797 4108 898 4170 tantis
955 4110 1107 4182 salutem,
1125 4110 1187 4170 etc.

99 4221 318 4282 personarum
338 4208 371 4268 et
384 4222 497 4270 rerum
515 4206 683 4268 laboribus
708 4207 740 4268 et
759 4207 898 4284 dispen-
995 4211 1162 4270 Honorem
1191 4206 1224 4268 et
1240 4206 1367 4268 statum
1387 4205 1553 4268 carissimi
1568 4205 1602 4267 in
1622 4205 1753 4268 Gbristo

99 4303 165 4364 diis
180 4304 215 4365 in
227 4302 295 4364 illis
306 4303 455 4381 partibus
470 4305 694 4381 procuratum,
707 4303 899 4366 subvertere
955 4305 1016 4366 filii
1050 4304 1158 4367 nostri
1183 4306 1374 4380 Aragonum
1403 4304 1494 4380 ragis
1528 4303 1669 4365 illustris
1703 4301 1751 4382 (2)

99 4401 293 4471 moliuntur,
319 4401 360 4462 ad
387 4401 451 4463 boc
476 4401 639 4478 impendis
667 4401 900 4464 consiliumet
955 4402 1074 4465 melius
1104 4417 1286 4479 procurare
1314 4418 1379 4464 non
1407 4405 1516 4479 potes,
1538 4417 1636 4478 quam
1665 4401 1695 4461 si
1720 4401 1752 4460 ei

95 4501 267 4578 Juvamen
281 4499 389 4576 legato
405 4499 601 4577 Apostolicae
615 4499 709 4560 Sedis
721 4497 782 4578 (a),
796 4499 829 4558 in
841 4515 901 4559 cu·
955 4515 1156 4562 conservare
1170 4499 1337 4561 studueris
1346 4499 1544 4576 Apostolicae
1565 4499 1659 4559 Sedis
1674 4513 1753 4574 gra-

94 4599 151 4673 jus
167 4596 272 4658 oculis
287 4596 359 4659 baec
374 4597 547 4669 attentant,
565 4597 664 4660 immo
679 4597 791 4657 verius
805 4595 899 4658 nobis
953 4599 1035 4662 tiam
1061 4600 1095 4660 et
1118 4597 1277 4669 savorem,
1308 4612 1405 4672 quem
1425 4597 1454 4657 si
1474 4595 1560 4657 sacto
1591 4596 1643 4657 vel
1671 4611 1754 4656 con-

98 4694 194 4771 ipsiS,
209 4711 348 4772 quorum
372 4693 419 4756 ibi
438 4695 524 4771 gerit
547 4710 723 4772 personam
745 4697 778 4756 et
795 4695 898 4767 vices,
955 4697 1031 4758 silio
1058 4698 1114 4758 tuo
1134 4695 1326 4772 perdiderit,
1356 4708 1431 4755 sero
1460 4692 1573 4754 forsan
1603 4692 1752 4756 advertet

100 4795 130 4858 te
146 4809 213 4858 uua
228 4809 302 4858 curn
317 4793 384 4853 illis
401 4808 567 4870 opponere
582 4793 816 4856 nonverendo.
955 4795 1078 4872 quanto
1094 4792 1156 4854 sibi
1182 4792 1283 4853 luerit
1307 4790 1416 4852 studio
1438 4790 1696 4863 conservandus,
1716 4791 1749 4853 et

139 4890 302 4962 Quoniam
313 4889 415 4968 igitur
426 4891 548 4966 quanto
564 4889 669 4965 magis
682 4889 723 4950 ad
739 4890 899 4952 bonorem
955 4892 990 4952 in
1010 4894 1042 4953 te
1062 4890 1193 4951 demum
1216 4889 1347 4966 culpam
1372 4904 1438 4949 uon
1464 4889 1630 4950 immerito
1650 4889 1753 4950 retor-

99 4989 192 5048 tuum
221 4987 254 5048 et
285 4987 522 5049 exaltationem
555 4986 773 5060 intendimus
807 4989 899 5050 tanto
955 4989 1077 5067 quebit.
1093 4986 1289 5053 Audivimus
1317 4986 1491 5063 siquidem,
1517 4989 1550 5049 et
1578 4987 1751 5050 audient-es

99 5084 242 5162 amplius
257 5085 409 5160 cupimus
422 5101 464 5145 ne
480 5085 605 5162 aliquid
619 5085 724 5147 iacias
741 5087 897 5164 perquod
956 5087 1166 5164 nequivimus
1192 5101 1259 5146 non
1279 5085 1406 5157 mirari,
1425 5085 1510 5163 quod
1528 5101 1590 5146 rex
1614 5086 1686 5163 ipse
1700 5087 1753 5148 te-

100 5184 236 5245 circata
257 5185 371 5244 nostra
385 5183 494 5259 gratia
509 5183 679 5260 tepescere
694 5183 821 5256 debeat,
840 5187 900 5247 Se·
956 5201 1029 5245 cum
1041 5184 1074 5245 et
1086 5200 1160 5245 cum
1173 5183 1250 5244 aliis
1261 5182 1414 5245 fidelibus
1427 5183 1667 5260 suisimpendit
1677 5199 1753 5244 con·

100 5281 275 5344 renitatem
311 5284 403 5342 tuam
433 5297 589 5357 rogamus
620 5281 652 5343 et
684 5281 901 5344 exhortamur
955 5282 1067 5344 silium
1080 5282 1113 5344 ct
1130 5284 1289 5359 juvamen
1309 5281 1438 5345 civibus
1460 5282 1645 5352 Tolosanis,
1672 5281 1752 5342 sub-

100 5379 278 5452 attentius,
303 5380 336 5441 et
360 5395 421 5456 per
444 5379 635 5455 apostolica
668 5380 792 5457 scripta
823 5380 897 5454 tibi,
956 5381 1085 5442 vertere
1101 5379 1313 5442 molientibus
1329 5379 1453 5452 iideiet
1465 5380 1558 5456 pacis
1581 5379 1751 5454 nogotium

101 5477 188 5538 sicut
200 5492 385 5553 possumus,
406 5475 555 5538 districte
568 5477 790 5554 praecipiendo
802 5495 899 5540 men·
955 5479 990 5540 iu
1005 5477 1153 5555 partibus
1164 5477 1242 5551 illis,
1250 5478 1351 5540 tantis
1362 5493 1579 5555 personarum
1594 5477 1628 5538 et
1639 5493 1751 5539 rerum

139 5607 179 5680 (l)
199 5607 291 5676 Quam
310 5615 501 5680 opportunum
537 5605 624 5680 upilio
638 5607 755 5676 Jacobs,
772 5618 851 5681 patre
867 5625 901 5667 ec
954 5608 1079 5668 dandum
1096 5625 1192 5682 supra,
1209 5626 1237 5683 p.
1249 5611 1284 5667 93
1299 5617 1326 5666 et
1345 5623 1406 5682 seq.
1423 5609 1494 5681 (Bou
1516 5608 1586 5682 uel.)

93 5678 319 5762 'matretorbatq
334 5679 471 5762 auxilium
492 5622 585 5735 tnXerit
609 5681 802 5762 innocentius,
824 5695 900 5763 anno
990 5679 1207 5753 (ulbertrendo.
1237 5625 1749 5755 (dividesupragliingull.XLl'lll.

103 5749 223 5820 lillsrn
243 5765 345 5808 manus
363 5751 488 5808 Simonis
502 5749 538 5807 de
553 5747 713 5808 blcntelortr
727 5749 838 5824 tradito,
856 5767 897 5808 vr·
991 5753 1033 5829 (2)
1044 5752 1152 5812 iacobi.
