4014 6312
301 361 362 420 395

304 534 357 580 res
373 518 559 596 manipulos
583 517 618 579 in
639 518 760 580 horrea
784 520 991 596 congregari,
1005 519 1100 582 solli-

176 647 179 654 ·
304 616 368 677 cite
383 632 442 677 vos
458 616 612 678 convenit
633 632 833 694 praecavere,
850 618 886 678 ut
909 617 1098 680 incendium

303 713 384 786 litis,
401 713 486 792 quod
503 731 570 776 non
583 715 690 792 potest
705 715 837 792 penitus
852 715 998 792 sepeliri,
1011 733 1097 795 quo—

303 811 391 872 niam
412 828 549 874 necesse
568 815 620 875 est
643 816 679 874 ut
702 813 858 876 scandala
875 813 1021 886 veniant,
1039 831 1098 876 so-

302 911 427 988 piatur,
463 913 496 974 ct
530 928 589 989 per
621 928 678 973 eos
712 911 916 988 regularium
951 913 1097 975 virorum

302 1025 424 1081 causae,
437 1010 621 1086 praesertim
639 1026 712 1087 quae
726 1011 900 1072 vertuntur
915 1027 1015 1088 super
1030 1014 1099 1089 spi-

301 1106 768 1185 ritualibusdecidantur,qui
784 1109 818 1168 in
834 1109 952 1186 spiritu
966 1110 1099 1171 humili·

301 1206 380 1267 tatis
397 1207 430 1267 et
448 1206 484 1267 in
501 1206 612 1267 animo
624 1207 765 1268 contrito
782 1207 919 1268 Domino
932 1207 1099 1269 famulan-

300 1304 370 1376 tes,
387 1303 640 1365 constitutiones
664 1304 697 1365 et
722 1303 951 1366 observantias
976 1309 1097 1367 norunt

301 1401 432 1477 planius
444 1402 628 1476 regulares.
643 1401 723 1462 Paci
733 1417 812 1479 ergo
823 1403 856 1464 et
865 1402 967 1479 quieti
979 1405 1096 1466 vestrae

301 1499 439 1574 paterna
454 1499 604 1560 volentes
619 1498 842 1562 sollicitudine
858 1501 1043 1578 providere,
1060 1503 1095 1564 in

301 1595 448 1658 savorem
465 1597 639 1674 religionis
658 1599 840 1674 canonicae,
856 1598 949 1660 vobis
964 1599 1016 1661 vel
1037 1615 1098 1678 po-

300 1695 368 1756 tius
391 1695 501 1756 ordini
522 1697 633 1758 vestro
660 1696 887 1770 concedimus,
912 1699 947 1759 ut
968 1699 1096 1776 qvieties

301 1793 390 1854 inter
403 1792 539 1855 abbates
558 1795 611 1854 vel
632 1793 753 1856 iratres
772 1795 911 1868 vestros,
929 1796 984 1873 qui
999 1799 1095 1858 Prae-

304 1893 559 1953 monstratensis
579 1893 729 1954 ecclesia
748 1893 975 1970 magisterium
996 1911 1095 1958 reco-

300 1990 474 2066 gnoscunt,
492 1989 532 2051 ad
555 1991 758 2053 audientiam
777 1991 975 2069 Apostolicae
1001 1993 1096 2054 Sedis

300 2103 401 2165 super
413 2089 642 2165 spiritualibus
662 2105 771 2151 causas
789 2105 1004 2168 quacumque
1019 2091 1095 2152 tue-

298 2186 367 2247 rint
381 2185 499 2247 delatae
515 2185 557 2264 (si
573 2187 814 2249 committendae
833 2187 969 2267 tuerint)
986 2188 1027 2249 ad
1042 2190 1096 2250 vi-

300 2299 357 2346 ros
373 2285 476 2347 vestri
502 2285 629 2348 ordinis
649 2285 869 2348 remittantur.
887 2288 935 2348 ita
957 2285 1043 2364 quod
1067 2287 1096 2348 sl

299 2382 341 2442 ad
372 2383 457 2444 alios
483 2382 628 2461 judices,
656 2381 845 2462 hujusmodi
880 2384 1095 2460 indulgentiae

299 2497 366 2542 non
387 2481 501 2544 habita
520 2481 698 2554 mentione,
713 2481 903 2544 commissio
918 2483 1095 2544 decaetero

298 2580 491 2656 apparuerit
508 2579 700 2656 impetrata,
717 2579 836 2641 robore
855 2582 969 2642 careat
984 2581 1094 2642 firmi-

297 2677 387 2738 tatis.
399 2678 448 2739 nd
464 2677 547 2750 haec,
559 2677 653 2739 vobis
668 2678 866 2740 auctoritate
881 2679 1094 2755 praesentium

297 2774 520 2852 indulgemus,
539 2779 576 2838 ut
592 2792 692 2854 quum
711 2778 867 2853 generale
883 2777 1094 2839 interdictum

297 2875 396 2935 tarrae
412 2873 522 2946 tuerit,
534 2873 734 2937 liceatvobis
747 2876 781 2936 in
797 2875 948 2938 ecclesiis
961 2875 1092 2948 vestris,

298 2988 372 3047 quaa
396 2987 415 3034 a
437 2971 590 3050 populari
614 2975 691 3036 sunt
715 2971 921 3036 habitatione
945 2974 1091 3047 remotae,

299 3069 412 3132 divina
436 3069 546 3132 estleia
570 3069 763 3135 solemniter
788 3071 968 3144 celebrare,
993 3071 1094 3133 dum-

299 3169 395 3229 modo
409 3170 687 3231 excommunicati
698 3170 732 3231 et
743 3169 911 3233 interdicti
920 3169 1094 3247 proculab

301 3266 431 3338 sistant,
456 3269 492 3326 ut
515 3281 554 3326 ea
576 3281 641 3328 non
663 3267 791 3344 possint
816 3267 943 3328 audire.
961 3270 998 3328 ln
1017 3267 1093 3328 aliis

299 3363 410 3424 autem
423 3364 568 3425 exclusis
579 3365 874 3426 excommunicatis
889 3367 921 3428 et
934 3365 1095 3427 interdic-

297 3462 353 3534 tis,
369 3476 435 3523 non
456 3462 596 3540 pulsatis
611 3463 793 3539 campanis,
807 3479 985 3540 suppressa
999 3478 1091 3536 voce,

301 3559 1091 3638 clausisjanuis,avestrislratribuscelebretur.

299 3658 391 3718 Nulli
419 3673 499 3735 ergo
521 3659 655 3721 omnino
683 3659 855 3721 hominum
880 3659 980 3721 liceat
1007 3660 1094 3721 hanc

298 3755 455 3834 paginam
468 3759 590 3819 nostre
599 3757 1022 3835 concessionisinfriugere,
1030 3757 1092 3818 etc.

299 3854 420 3931 Siquis
435 3853 557 3923 autam,
573 3855 635 3916 etc.

339 3952 458 4014 Datum
472 3953 639 4025 Laterani,
652 3952 791 4029 septimo
804 3952 879 4013 idus
889 3951 1095 4029 Maitpoutl-

302 4050 418 4112 licatus
433 4049 538 4112 nostri
550 4063 637 4110 anno
650 4049 768 4126 primo.

605 4260 788 4349 cccxix

299 4430 351 4492 Ad
372 4426 578 4488 Geraersium
598 4425 877 4486 archidiaconum
893 4425 1095 4488 Niverncn-

465 4531 468 4539 '
653 4535 738 4584 amn.

595 4665 613 4722 9
631 4662 699 4721 mall
716 4663 795 4722 lali.

338 4798 444 4863 [degeat.
457 4794 503 4846 lib.
514 4795 534 4857 l,
549 4793 624 4859 epist.
636 4793 690 4845 tib.
706 4793 762 4844 blas.
776 4793 814 4845 La
824 4794 901 4844 Porta
913 4793 949 4845 du
960 4793 1053 4860 ThailJ.

299 4913 431 4986 indulget
444 4912 480 4976 ei,
496 4918 528 4968 ut
540 4911 675 4984 quamdiu
691 4911 934 4968 archidiaconatul
947 4928 999 4970 suo
1013 4911 1092 4969 debi-

333 5010 370 5058 tae
396 5001 566 5057 visitationis
588 4999 714 5056 officiam
736 5001 905 5070 exercuerit,
922 5001 951 5056 in
973 5000 1093 5058 ecclesia

333 5087 504 5148 Nivernensi
519 5092 655 5159 tanquam
671 5085 799 5144 residens
813 5094 968 5162 reputetur.

337 5231 516 5299 Honorius,
533 5230 608 5302 ete..
631 5230 752 5293 dilecto
776 5230 845 5295 filio
863 5232 1022 5295 Gervasio
1036 5247 1095 5294 ar·

298 5333 494 5394 chidiacono
512 5329 695 5390 Nivernen.

338 5428 442 5491 Nobis
470 5442 638 5505 exponere
661 5428 859 5504 procurasti,
880 5427 966 5505 quod
992 5444 1092 5504 quum

296 5529 334 5589 tu
360 5525 451 5588 solus
477 5525 603 5587 existas
625 5524 881 5586 archidiaconus
909 5525 1090 5587 Niveruan.

297 5624 462 5696 dioecesis
477 5626 510 5686 et
531 5623 823 5686 archidiaconatus
836 5625 914 5685 tuus
926 5623 962 5684 in
984 5624 1092 5686 modio

297 5738 408 5803 pravae
424 5721 569 5794 rahonis
583 5722 677 5796 situs,
686 5723 722 5786 et
735 5722 910 5800 contiguus
925 5721 1007 5784 locis
1022 5737 1093 5783 sus·

922 360 1096 422 HONORII
1121 362 1162 422 lll
1185 363 1332 422 ot’nttn.
1848 379 1890 439 396

1153 521 1258 598 pectis
1272 521 1313 584 de
1326 519 1461 596 haeresi,
1476 521 1559 586 adeo
1570 523 1613 588 sit
1627 523 1766 598 diffusus,
1776 535 1888 612 quodpn

1154 619 1298 682 medium
1321 622 1401 682 anni
1416 637 1482 683 non
1498 623 1605 699 potest
1619 627 1774 690 commode
1786 631 1892 709 visitari,

1153 715 1328 778 occasione
1357 716 1531 794 cujusdam
1556 719 1787 784 constitutionis
1803 726 1836 786 ds
1852 745 1893 788 as-

1153 828 1253 874 sensn
1270 814 1472 876 venerabilis
1496 815 1610 878 fratris
1630 819 1739 892 nostri,
1753 821 1894 900 etcapitnli
1967 879 1968 882 ,

1153 911 1333 974 Nivernen.
1359 929 1459 989 snper
1482 913 1662 976 residentia
1676 932 1731 994 per
1747 921 1896 982 annidini-

1153 1009 1244 1070 dium
1257 1009 1409 1072 iacienda
1433 1012 1468 1073 in
1489 1013 1669 1075 Nivernen.
1685 1015 1897 1096 ecclesianuper
1967 1049 1968 1058 .

1153 1106 1260 1180 tactae,
1275 1110 1416 1186 quamve
1428 1111 1637 1172 servaturum
1646 1114 1818 1189 jnramento
1827 1133 1897 1192 pras

1152 1205 1212 1268 tito
1227 1207 1424 1284 promisisti;
1440 1207 1520 1270 licet
1534 1207 1646 1270 nullus
1665 1211 1898 1288 predecessorum

1152 1305 1286 1367 tuorum
1296 1306 1488 1382 praestiterit
1502 1307 1692 1384 hujusmodi
1706 1312 1897 1387 juramentum,

1152 1402 1458 1464 archidiaconatum
1474 1404 1582 1482 ipsum
1601 1406 1783 1470 visitatione
1800 1409 1901 1471 assidua

1152 1500 1356 1576 indigentem
1369 1501 1494 1580 absque
1507 1504 1603 1579 gravi
1617 1519 1685 1566 non
1698 1506 1783 1582 potes
1795 1506 1900 1583 dispen-

1151 1597 1206 1660 dio
1220 1599 1305 1661 sicut
1320 1599 1453 1676 expedit
1464 1599 1620 1678 visitare;
1637 1619 1736 1680 super
1753 1619 1810 1680 qno
1824 1603 1902 1666 tillet

1151 1696 1259 1758 eidem
1269 1697 1556 1761 archidiaconatui
1566 1701 1847 1777 providarianobis
1857 1703 1902 1760 bu·

1151 1795 1276 1858 militer
1297 1796 1503 1873 supplicasti.
1522 1799 1591 1860 Nos
1612 1798 1715 1875 igitur
1736 1800 1902 1862 attendentes

1151 1893 1904 1974 quodoccasionaconstitutionispraedictamul-

1152 1992 1569 2068 torumpossetdiscrimen
1585 1995 1904 2056 accedereanimamn
1968 2031 1969 2066 ,

1151 2089 1179 2148 si
1196 2089 1420 2151 visitationem
1435 2091 1588 2152 omiseris
1608 2108 1707 2169 quam
1721 2109 1761 2154 ex
1776 2092 1861 2154 officii
1872 2091 1905 2152 tui
1968 2095 1969 2126 ³

1151 2185 1260 2248 debito
1273 2202 1430 2249 exercere
1445 2189 1781 2257 teneris,auct0ritata
1791 2189 1907 2264 tibipra

1151 2284 1294 2346 sentium
1310 2284 1466 2346 duximus
1478 2285 1727 2364 indulgendum,
1738 2288 1771 2348 ut
1784 2286 1907 2365 quandlu

1151 2380 1436 2444 archidiaconatui
1447 2383 1504 2444 tuo
1519 2382 1638 2444 debitae
1655 2384 1841 2446 visitationis
1850 2383 1907 2443 olli-

1151 2477 1239 2540 cium
1263 2481 1465 2552 exercueris,
1494 2495 1560 2542 non
1581 2479 1733 2544 obstante
1753 2481 1907 2559 juramento

1151 2576 1319 2653 praedicto,
1344 2577 1379 2638 in
1394 2577 1533 2656 praelata
1551 2579 1695 2640 eeclesia
1710 2581 1858 2657 tamqmm
1869 2594 1909 2638 re-

1150 2673 1261 2736 sidens
1276 2676 1450 2752 reputeris,
1464 2691 1527 2738 nec
1540 2676 1582 2738 ad
1603 2677 1712 2754 ipsam
1729 2675 1908 2740 residentiam

1150 2771 1337 2834 faciendam
1375 2773 1473 2836 aliter
1500 2775 1724 2851 compellaris.
1761 2774 1843 2836 Nulli
1866 2789 1909 2832 er·

1148 2885 1202 2946 go,
1216 2870 1293 2943 etc..
1316 2872 1438 2933 nostrae
1462 2873 1701 2947 concessionis,
1721 2875 1781 2935 etc.
1803 2870 1908 2948 Siquis
1969 2903 1970 2952 3

1149 2970 1270 3040 autem,
1283 2969 1345 3032 etc.

1188 3067 1306 3128 Datum
1325 3067 1491 3138 Laterani,
1505 3069 1565 3130 Vll
1579 3083 1688 3132 nonas
1706 3068 1793 3141 maii,
1807 3063 1911 3145 pontiti-

1149 3165 1242 3226 catus
1254 3165 1360 3227 nostri
1374 3181 1462 3227 anno
1477 3165 1595 3245 primo.

1468 3353 1631 3442 GCGXX

1188 3505 1241 3566 Ad
1273 3506 1479 3567 Geraestum
1502 3507 1661 3568 abbatem
1688 3504 1914 3567 Prcamonstra-

1475 3603 1618 3664 tensam.

1444 3734 1479 3793 lc
1492 3734 1561 3791 maii
1575 3735 1656 3794 lili.

1165 3857 1209 3924 [bo
1221 3857 1305 3922 Fulge,
1318 3857 1480 3910 mettenses
1489 3859 1743 3910 Pramonstratensis
1752 3858 1842 3922 ord.,p.
1853 3853 1904 3917 ata]

1149 3973 1245 4032 hbbas
1253 3975 1534 4035 Praemonstrstensis
1542 3983 1635 4048 potest
1644 3977 1690 4035 sui
1698 3975 1803 4036 ordinis
1811 3975 1914 4032 alumnos

1184 4061 1332 4122 absolvere
1342 4065 1428 4122 eliam
1437 4063 1473 4122 ab
1481 4067 1856 4137 excommunication030un
1865 4059 1915 4133 ipsis

1184 4167 1271 4224 super
1289 4152 1502 4227 irregularitate
1514 4153 1705 4229 dispensare3
1720 4165 1843 4213 tonsuras
1853 4148 1912 4206 noti·

1185 4241 1231 4299 tiis
1252 4242 1364 4300 clericis
1385 4241 1494 4314 iacere;
1513 4245 1687 4304 vestimenta
1710 4241 1916 4302 sacerdotaliter

1185 4331 1275 4403 pallas
1287 4331 1384 4389 altaris
1390 4331 1560 4390 benedicere
1570 4341 1598 4392 et
1605 4333 1829 4394 benedictionem
1838 4331 1915 4385 incon

1184 4419 1312 4478 elusione
1326 4421 1440 4494 capituli
1455 4423 1599 4494 generalis
1611 4421 1691 4480 dara.

1190 4547 1852 4626 Honoriusepiseopus,servasservcrum
1860 4539 1914 4608 bei,

1150 4644 1269 4707 dilecto
1295 4645 1364 4708 tilio
1395 4648 1720 4720 aemonstratensr,
1748 4645 1872 4710 salutm
1892 4637 1915 4696 et

1150 4742 1364 4820 apostolicam
1383 4743 1658 4806 benedictionem.

1189 4843 1295 4914 Quum
1305 4839 1352 4901 sis
1363 4843 1462 4903 Pater
1477 4843 1625 4906 omnium
1635 4841 1692 4920 qui
1704 4835 1915 4903 Praemonslra-

1148 4936 1275 4997 tensam
1310 4936 1459 4998 ordinem
1490 4939 1704 5015 profitentur,
1730 4938 1763 5002 et
1794 4927 1914 4996 abbatias

1149 5032 1253 5110 ipsius
1277 5031 1404 5095 ordinis
1429 5034 1571 5096 teneatis
1593 5051 1636 5098 ex
1658 5035 1772 5097 debito
1793 5030 1910 5094 visitare.

1150 5130 1208 5192 tibi
1224 5128 1266 5190 ad
1286 5131 1516 5194 executionem
1536 5132 1636 5195 officii
1653 5133 1704 5195 tui
1719 5126 1913 5211 apostolicum

1149 5227 1320 5306 indulgere
1333 5230 1486 5290 tenemur
1501 5229 1658 5292 savorem.
1683 5230 1764 5292 lnde
1787 5227 1833 5290 est
1848 5216 1913 5300 quod

1147 5325 1213 5389 tuis
1240 5326 1393 5404 precibus
1419 5329 1604 5391 annuentes
1634 5323 1847 5406 praesentibus
1869 5314 1914 5380 tibi

1148 5423 1267 5486 littaris
1279 5423 1500 5500 indulgemus,
1518 5427 1555 5488 ut
1568 5424 1728 5490 tratribus
1751 5427 1785 5488 et
1801 5429 1915 5483 conver-

1147 5523 1193 5583 sis
1213 5523 1360 5600 ejusdem
1376 5524 1514 5596 ordinis,
1531 5525 1560 5586 si
1576 5526 1633 5603 qui
1653 5525 1716 5588 tibi
1731 5523 1857 5602 peccata
1869 5527 1913 5576 sut

1147 5620 1296 5684 contltmi
1309 5621 1487 5696 voluerint,
1501 5623 1731 5700 poenitentiam
1745 5610 1912 5699 injungendi

1119 5719 1180 5810 ¹et
1200 5719 1394 5782 absolvendi
1421 5736 1489 5793 eos,
1517 5722 1617 5785 etiam
1646 5719 1674 5781 si
1704 5719 1788 5786 torta
1805 5709 1913 5780 vinculo
