3984 6306
312 355 371 416 εει
777 353 955 416 ιιοιιοιιιι
976 355 1021 415 ιιι
1043 354 1191 418 ornan.
1208 385 1246 400 -
1262 355 1508 418 suanense·
1857 368 1899 428 nr

313 513 411 586 idest,
427 513 462 573 in
474 509 702 576 mansionibus
717 527 791 589 quae
802 513 880 576 sunt
893 513 930 574 in
939 511 1036 574 domo
1049 515 1110 574 Pa·
1163 515 1272 576 cordis
1305 515 1504 582 contritione
1530 516 1641 580 anima
1665 516 1800 594 lavatum
1813 521 1841 581 in
1856 524 1901 583 oris

313 612 386 684 tris,
411 610 498 672 idest
527 610 563 672 in
591 609 716 672 oeterna
743 609 969 672 tabernacula.
1000 613 1109 672 Malos
1163 611 1371 674 confessione
1395 629 1493 690 poena
1514 614 1718 677 modificatur
1736 618 1765 677 et
1781 619 1903 694 tempera-
1957 693 1958 702 ἵ

313 709 430 770 autem
457 709 554 782 sorus
573 707 756 779 miserunt,
772 706 869 780 idest,
896 707 932 768 in
952 707 1107 770 tenebras
1162 709 1237 784 tur;
1252 709 1289 771 in
1308 713 1419 787 operis
1443 710 1668 774 satisfactione
1683 713 1799 788 penitus
1813 715 1904 776 relaxa·
1954 713 1958 745 ¹

312 804 507 876 exteriores,
520 803 617 875 idest,
634 803 669 863 in
692 803 870 883 internum.
889 804 982 866 Unde
1005 808 1109 867 loan-
1163 808 1229 867 tur.
1246 807 1279 866 ln
1293 808 1400 884 primo
1416 811 1561 870 Lazarus
1576 810 1612 870 in
1627 811 1818 872 monumento
1830 827 1905 872 resur

313 917 372 962 nes
382 901 530 978 Baptista
547 922 555 960 ε
572 905 677 976 Genus
693 903 923 966 ventilabrum
942 906 981 964 tn
1001 917 1109 964 mccc
1162 904 1225 979 git3
1243 905 1278 966 in
1293 906 1438 968 secundo
1451 906 1491 968 de
1510 907 1717 970 monumento
1731 907 1903 984 lorasprodit;

310 1014 377 1060 cuc
399 999 462 1070 est,
478 999 513 1059 et
531 999 776 1071 permulceant
796 1015 919 1063 orcam
940 1015 1052 1072 meam,
1074 1000 1109 1062 et
1162 1001 1198 1060 in
1229 1002 1328 1064 tertio
1361 1019 1420 1080 per
1448 1003 1638 1080 Apostolos,
1663 1003 1800 1076 ιιιιιειιιε,
1823 1004 1906 1080 quibu

309 1095 529 1173 conprepobit
553 1095 710 1157 triticum
737 1099 775 1158 tn
796 1101 963 1158 borreum
992 1111 1106 1169 mum,
1163 1097 1286 1174 ligatus
1312 1100 1395 1171 erat,
1417 1101 1563 1177 deponit.
1583 1103 1619 1162 ln
1646 1101 1746 1177 primo
1771 1103 1906 1162 abonino

308 1199 430 1268 poleas
442 1193 560 1254 cartem
575 1194 748 1256 comburet
761 1197 840 1269 tpne
855 1197 1109 1270 tmcttnpctoct
1164 1197 1287 1275 leprosi
1315 1199 1484 1260 curantur.
1506 1200 1544 1259 In
1568 1198 1710 1268 secundo
1731 1197 1764 1260 ut
1779 1199 1908 1260 ostendent

314 1289 445 1369 (Matth.
471 1305 521 1362 ιιι,
548 1286 612 1368 12).
637 1289 865 1354 ventilabrum
892 1293 943 1353 est
967 1307 1108 1354 examen
1163 1311 1200 1357 se
1214 1294 1457 1368 sacerdotibus,
1476 1294 1724 1358 demandantur.
1745 1298 1777 1356 ln
1793 1296 1907 1356 terhoal
1964 1339 1965 1342 ,

313 1386 456 1450 districti
466 1386 597 1464 judicii,
613 1387 700 1464 quod
715 1387 766 1450 est
777 1387 813 1448 in
833 1404 945 1460 manu,
959 1388 1056 1462 idest,
1072 1389 1108 1451 in
1163 1391 1273 1454 castra
1290 1390 1331 1452 ab
1345 1391 1428 1468 ipsis
1450 1391 1677 1476 sacerdotibus
1698 1395 1874 1453 revocantur.
1886 1391 1908 1451 si

312 1484 476 1562 potestate
497 1485 682 1556 christini
700 1485 899 1550 misereatur
917 1489 1012 1564 ouJus
1025 1486 1106 1560 vult,
1163 1505 1315 1565 argones
1329 1505 1443 1550 sumus
1455 1489 1654 1566 palmitesin
1664 1490 1739 1562 nite,
1752 1489 1909 1549 illudrinun

312 1583 346 1644 et
367 1583 421 1645 cui
434 1582 515 1654 vult,
540 1583 573 1645 et
593 1582 710 1659 puniat
727 1599 824 1660 quem
843 1583 925 1646 vult.
948 1587 1036 1646 Area
1059 1585 1109 1646 est
1163 1587 1259 1649 debet
1274 1603 1295 1650 a
1308 1585 1403 1648 nobis
1419 1587 1594 1663 profluere,
1619 1587 1706 1664 quod
1721 1587 1765 1648 sio
1784 1585 1909 1646 auditores

312 1679 473 1754 Ecclesia,
491 1681 569 1758 quia
582 1681 667 1742 sicut
680 1681 716 1741 in
731 1695 811 1742 area
820 1681 989 1758 ponuntur
1002 1697 1109 1757 grana
1162 1684 1314 1756 inebriet,
1329 1686 1365 1745 ut
1377 1683 1506 1745 sobrios
1518 1684 1647 1757 reddat,
1663 1685 1695 1746 ει
1703 1685 1736 1744 ut
1745 1683 1823 1744 calix
1832 1683 1909 1742 bosor

312 1793 387 1838 eum
406 1777 523 1856 paleis,
535 1778 582 1840 iia
599 1779 634 1840 in
654 1779 803 1842 Ecclesia
820 1780 898 1841 sunt
915 1777 994 1840 boni
1012 1779 1108 1842 mixti
1163 1797 1260 1860 quem
1275 1781 1446 1852 offerimus
1460 1782 1616 1854 inaltari,
1634 1782 1678 1845 sit
1691 1779 1873 1842 inebriasset
1883 1777 1909 1838 sil

313 1890 388 1936 cum
413 1875 523 1946 malis,
552 1875 638 1936 sicut
654 1875 706 1936 est
725 1873 807 1936 illud
832 1874 921 1937 beati
942 1877 1106 1953 Gregorii.
1163 1895 1261 1956 quam
1276 1879 1469 1955 praeolarus.

311 1975 458 2033 «Pauca
473 1973 550 2034 sunt
568 1987 673 2048 grana
685 1987 759 2048 quae
773 1973 903 2034 horreis
920 1974 1106 2046 servantur,
1203 1977 1360 2038 Palmites
1387 1976 1464 2038 sunt
1491 1975 1617 2048 fideles,
1647 1991 1781 2053 quornm
1802 1973 1850 2034 alii
1867 1986 1911 2032 non

311 2069 345 2132 et
357 2070 392 2131 in
404 2069 627 2133 numerabiles
641 2069 942 2146 acervipalearum,
956 2071 1012 2147 qui
1026 2071 1109 2147 igni·
1162 2073 1289 2136 iaciunt
1315 2073 1469 2145 trucium,
1500 2073 1560 2134 alii
1592 2073 1719 2134 iaciunt
1740 2067 1912 2132 sructumbo
1964 2111 1965 2118 ι

311 2165 374 2228 bus
403 2165 651 2231 comburuntur.
676 2182 695 2226 a
720 2167 823 2228 Pauci
846 2168 923 2229 sunt
948 2167 1029 2229 boni
1052 2169 1108 2245 qui
1163 2187 1253 2242 num,
1277 2172 1334 2232 sed
1358 2171 1509 2246 indigent
1537 2169 1744 2248 purgatione,
1772 2167 1838 2245 quia
1857 2167 1912 2226 tunc
1964 2209 1965 2214 ι

311 2265 527 2328 assumuntur
538 2263 580 2326 ad
590 2279 740 2339 regnum,
751 2264 847 2325 multi
860 2266 936 2327 sunt
948 2266 1038 2338 mali,
1051 2267 1105 2342 qni
1163 2283 1344 2344 purgamus
1357 2267 1509 2344 palmites
1531 2268 1642 2330 cordis
1662 2267 1764 2328 nostri
1778 2281 1796 2326 a
1810 2263 1913 2326 uitiiset

311 2361 547 2424 comburentur
557 2361 593 2422 in
614 2360 724 2437 ιειιειιι
738 2362 911 2435 aeternum,
928 2363 1006 2439 quia
1021 2364 1108 2425 sieut
1162 2365 1290 2426 nocivis
1314 2364 1570 2440 cogitationibus
1592 2381 1670 2429 cum
1687 2378 1857 2426 resecamus
1873 2359 1914 2418 ni·
1964 2375 1965 2378 ¹

309 2457 417 2522 bonus
441 2459 610 2522 laborator
624 2459 809 2528 uinearum,
821 2460 922 2524 mittit
937 2459 1046 2537 capita
1056 2459 1108 2522 vi·
1159 2477 1224 2524 nus
1239 2460 1338 2524 utiles
1353 2477 1411 2540 per
1427 2461 1639 2524 sobrietatem
1654 2462 1797 2524 ciborum
1809 2459 1837 2519 et
1847 2455 1914 2516 absti-
1964 2497 1965 2502 η

309 2556 393 2618 tium
403 2556 565 2618 subterra
582 2556 623 2616 ad
635 2556 804 2618 iaciendas
819 2557 960 2629 radices,
977 2558 1013 2620 ut
1027 2557 1108 2622 mul·
1162 2559 1308 2621 nentium
1325 2559 1493 2622 vitiorum.
1520 2559 1613 2622 Unda
1628 2561 1734 2622 lsaias
1750 2557 1914 2620 :eircumc-
1964 2591 1965 2602 ι

311 2653 503 2730 tiplicentur
517 2655 613 2724 vites,
625 2654 672 2714 ita
684 2655 963 2717 Dominuslirmat
975 2657 1107 2719 sanctos
1161 2658 1231 2724 dite
1245 2660 1349 2720 corda
1376 2658 1509 2729 vactro,
1530 2658 1564 2720 et
1575 2671 1645 2720 nnn
1657 2671 1801 2730 corporo
1819 2652 1913 2713 aestro.

312 2752 344 2813 et
361 2753 469 2828 justos
483 2752 519 2814 in
534 2750 696 2814 charitate
711 2753 743 2811 et
762 2751 964 2824 tortitudine,
977 2754 1014 2813 ut
1031 2769 1109 2828 pos·
1163 2753 1381 2817 circumcisio
1398 2754 1507 2816 cordis
1527 2755 1577 2816 ast
1598 2754 1731 2832 quando
1754 2753 1840 2813 homo
1863 2762 1916 2808 con-

313 2847 381 2910 sint
399 2847 619 2924 multiplicare
640 2847 675 2908 in
702 2863 840 2911 numero
869 2850 901 2911 et
915 2850 1107 2926 operatione
1162 2851 1245 2912 tinet
1259 2865 1316 2912 cor
1337 2867 1434 2914 suum
1457 2867 1477 2911 a
1499 2850 1696 2913 crudelitate
1720 2851 1753 2911 et
1766 2845 1916 2912 vanimlaat

311 2942 409 3006 bona.
1162 2949 1259 3010 malis
1283 2948 1551 3024 cogitationibus.
1576 2950 1624 3009 De
1644 2947 1764 3026 quibus
1781 2947 1814 3006 in
1840 2945 1917 3003 Eran-

354 3044 393 3106 nt
416 3042 501 3106 sicut
526 3041 695 3105 laborator
709 3043 882 3106 vinearum
904 3043 1007 3120 plicat
1024 3045 1107 3108 vites
1162 3046 1268 3121 gelio:
1285 3050 1335 3107 De
1354 3049 1457 3106 corde
1473 3042 1915 3122 cceunlcopnanonasmua.

313 3142 346 3202 et
359 3141 460 3202 mittit
476 3155 533 3200 eas
546 3139 607 3202 sub
620 3140 765 3203 terraad
787 3139 956 3202 iaciendas
977 3141 1107 3204 radices
1161 3143 1540 3214 tumultuationem
1559 3141 1692 3220 (Mattb.
1711 3159 1764 3214 xv,
1779 3139 1835 3218 19),
1848 3133 1917 3197 etsi·

311 3237 347 3298 ιιι
361 3235 561 3299 tructilicent
571 3235 667 3308 vites,
683 3237 730 3298 ita
744 3251 805 3298 nos
820 3236 975 3298 debemus
990 3236 1025 3298 in
1040 3239 1109 3300 ter-
1162 3239 1267 3300 milia.
1285 3238 1378 3302 Unde
1397 3241 1522 3301 veritas
1537 3237 1662 3302 ibidem
1677 3262 1685 3300 ι
1701 3243 1739 3302 St
1755 3249 1864 3300 nmium
1879 3233 1918 3291 nu

312 3347 384 3394 ram
399 3331 524 3408 plicare
539 3332 691 3409 palmites
713 3333 950 3408 cogitationum
975 3335 1108 3397 nostra·
1162 3338 1376 3410 celpeatnns
1388 3337 1600 3400 scandalizat
1615 3337 1661 3410 te,
1672 3339 1801 3400 abscide
1814 3346 1885 3400 enm,
1896 3326 1920 3386 li

311 3446 396 3502 rum,
428 3429 615 3492 reducendo
648 3430 689 3491 ad
720 3430 913 3492 memoriam
940 3431 1107 3506 praeterita
1158 3438 1294 3508 projice
1308 3436 1367 3496 ebs
1379 3434 1413 3495 te
1426 3431 1557 3513 (Matth.
1571 3449 1671 3506 xvrn,
1687 3433 1734 3514 8),
1747 3433 1834 3502 idest,
1847 3429 1921 3488 sim-

312 3528 459 3604 poooata,
473 3527 622 3588 sicutest
636 3526 717 3588 illud
734 3527 920 3589 Salomonis
933 3544 941 3588 ι
953 3532 1030 3600 Fili,
1046 3545 1108 3590 re·
1162 3531 1231 3592 lum
1246 3547 1329 3608 opus
1357 3530 1410 3593 vel
1436 3531 1524 3592 mala
1547 3531 1704 3594 voluntas
1725 3524 1918 3592 scandalizat...

310 3629 457 3688 cordare
468 3628 659 3689 nocnsemc
680 3627 750 3696 tun,
763 3626 797 3690 et
808 3626 845 3686 tn
855 3626 1026 3690 eternum
1040 3642 1108 3688 non
1161 3631 1290 3690 Bonum
1304 3630 1354 3690 est
1365 3628 1426 3690 tibi
1437 3629 1478 3689 ad
1493 3628 1599 3692 vitam
1610 3629 1743 3704 ingredi
1757 3615 1921 3690 debilemral

309 3716 463 3796 peccabis
490 3721 591 3802 (Eccl.
620 3737 684 3796 vn,
710 3720 774 3801 40).
806 3724 845 3784 Ει
870 3722 959 3786 Job:
985 3725 1108 3786 Noeris
1162 3725 1332 3799 claudum,
1346 3742 1444 3802 quam
1460 3725 1547 3787 duas·
1558 3742 1678 3788 maniis
1695 3729 1753 3788 aut
1766 3725 1840 3786 duos
1851 3716 1921 3797 pola

312 3835 472 3896 epreesrcs
481 3834 560 3880 eum
574 3823 616 3882 de
630 3821 730 3882 atero
743 3821 869 3890 metris
883 3835 981 3893 mec,
995 3824 1108 3882 nudus
1162 3821 1338 3884 habentem
1352 3823 1439 3886 mitti
1458 3823 1493 3883 in
1508 3824 1698 3899 gebennam
1713 3823 1808 3899 ignis.

309 3914 1107 3998 revertortducfflob.1,21).Epresscsdectero
1203 3921 1257 3981 Sic
1272 3921 1372 3984 etiam
1396 3920 1553 3981 debemus
1574 3922 1710 3984 vineam
1729 3919 1831 3982 cordis
1847 3906 1922 3976 nostri

309 4013 343 4074 et
354 4015 531 4087 inpressos
543 4017 580 4074 in
596 4013 777 4080 tumulum,
789 4013 970 4077 novissima
984 4014 1061 4076 sunt
1075 4015 1108 4076 et
1162 4016 1325 4089 excolere,
1343 4018 1379 4078 ut
1390 4033 1598 4095 nequaquam
1613 4018 1687 4094 ipsa
1703 4018 1800 4080 ιιιιιεε
1814 4027 1874 4091 qna
1886 4006 1925 4066 de·

310 4107 385 4170 ideo
412 4109 635 4170 memoranda.
665 4110 720 4172 Sic
745 4109 862 4186 plicuit
887 4111 988 4172 vitem
1012 4127 1106 4172 suam
1161 4113 1215 4175 bet
1241 4131 1323 4176 uvas
1353 4114 1481 4187 tacere,
1512 4115 1684 4176 labruscas
1700 4114 1830 4176 inutiles
1845 4101 1924 4169 valeat

308 4206 487 4277 Abrabam,
501 4206 633 4282 quando
647 4205 733 4269 dixit
748 4227 757 4266 ι
773 4209 911 4281 Locum
924 4211 970 4269 ad
984 4212 1104 4270 Domt-
1161 4212 1363 4288 germinare.
1385 4213 1415 4272 N
1418 4227 1460 4272 on
1482 4211 1641 4273 iacientes
1657 4213 1800 4274 tructam
1814 4207 1877 4269 sunt
1889 4196 1923 4260 illi

309 4311 395 4366 num
428 4319 560 4376 meum,
596 4317 675 4363 cum
708 4307 777 4365 sim
806 4308 920 4378 puteis
954 4306 987 4368 et
1017 4310 1106 4368 einis
1162 4310 1218 4386 qni
1239 4325 1306 4370 non
1323 4307 1451 4372 iaciunt
1467 4309 1601 4386 aliquod
1621 4326 1706 4385 opus
1721 4308 1845 4371 bonum.
1859 4295 1925 4362 [indo

310 4398 406 4479 (Gen.
430 4415 530 4466 xuni,
553 4397 618 4479 27).
638 4400 693 4462 Sic
715 4399 817 4463 Jacob
843 4402 974 4478 quando
996 4403 1104 4469 dixit:
1162 4405 1302 4480 legimus
1317 4405 1352 4466 in
1367 4407 1560 4482 Evangelio,
1575 4397 1926 4485 quodnominusrllons

217 4581 218 4586 ἵ
310 4500 429 4560 Minor
449 4501 708 4570 cambonanc,
729 4501 884 4560 omatibus
903 4503 1105 4563 miseratio-
1162 4502 1315 4564 arborem
1331 4503 1384 4564 tici
1399 4519 1496 4567 secus
1510 4504 1612 4572 viam,
1628 4505 1716 4569 nihil
1731 4498 1925 4565 invenitinel

309 4598 409 4660 nibus
435 4595 505 4658 tuto
529 4593 625 4675 (Gen.
643 4611 751 4667 xxxn,
769 4594 832 4676 10).
849 4596 954 4660 nartd
976 4614 1106 4675 quoqne
1162 4601 1228 4660 nisi
1249 4599 1330 4661 tolia
1358 4600 1497 4672 mnium,
1525 4617 1593 4662 non
1620 4601 1713 4664 enim
1740 4602 1811 4664 erat
1831 4600 1927 4667 tempus

311 4693 419 4755 dixit=
445 4696 568 4756 linimen
591 4695 625 4755 et
643 4708 778 4768 pauper
796 4709 875 4756 eum
895 4708 957 4771 epo
972 4693 1042 4773 (Ps.
1055 4697 1104 4768 24,
1162 4699 1295 4770 ficuum,
1308 4700 1340 4760 et
1355 4698 1527 4760 maledixit
1536 4714 1610 4760 eam
1618 4699 1736 4760 dicens
1749 4699 1927 4765 :Nevittam

311 4789 375 4868 16).
392 4791 494 4854 Beata
509 4791 616 4852 Maria
630 4791 730 4852 otiam
749 4790 866 4869 plicuit
881 4791 981 4857 uitem
999 4809 1105 4864 snam,
1162 4811 1208 4858 ecc
1223 4795 1256 4858 te
1277 4795 1412 4869 [remus
1426 4796 1591 4858 noscatur
1607 4799 1644 4858 ιιι
1664 4779 1930 4872 sempiternitate

310 4888 441 4965 quando
466 4889 552 4958 dixit.
575 4905 582 4950 τ
606 4892 692 4960 Ecce
717 4894 841 4959 occule
865 4893 1016 4963 nomem,
1044 4891 1106 4963 liat
1160 4893 1321 4956 continuo
1335 4890 1732 4972 amcltluaubmxrmo).
1753 4892 1838 4955 idem
1851 4877 1930 4958 signi·

314 4989 399 5050 mibi
415 4989 755 5048 secundumn-bam
771 4988 870 5050 tuom
891 4986 985 5065 (Luc.
1003 5003 1025 5062 1,
1039 4985 1104 5065 38).
1162 4988 1283 5064 fleatur
1308 5005 1368 5065 per
1392 4989 1491 5050 ticum
1519 4988 1607 5066 quod
1633 4991 1666 5050 et
1695 5004 1755 5066 per
1781 4983 1930 5064 palmitem·

311 5084 350 5144 Et
363 5083 478 5145 beatus
495 5084 619 5149 Paulus
633 5083 801 5160 palmitem
817 5101 912 5146 suum
932 5085 1104 5160 plicuerat,
1162 5087 1247 5147 Nam
1267 5084 1405 5162 quilibet
1430 5083 1537 5146 fidelis
1559 5101 1618 5163 per
1642 5083 1882 5148 similitudinem
1894 5069 1929 5176 est

311 5181 442 5258 quando
466 5179 597 5245 dicebat
613 5184 713 5244 :Non
733 5197 812 5242 scm
837 5185 962 5258 cippus
989 5187 1108 5254 occari
1162 5183 1271 5244 dictus
1299 5183 1422 5260 palmas
1448 5181 1482 5243 et
1504 5182 1599 5244 ficus.
1625 5182 1688 5244 Sed
1705 5183 1735 5243 si
1760 5197 1824 5242 nou
1842 5167 1932 5236 leoellt

311 5278 500 5352 Apostolus,
516 5279 905 5352 compescentium
920 5282 1107 5350 flectentem
1162 5279 1317 5347 fructum,
1344 5279 1439 5354 idest,
1454 5294 1537 5354 opus
1557 5278 1690 5346 bonum,
1708 5294 1776 5340 non
1788 5276 1819 5338 ει
1841 5265 1933 5350 prode-

312 5379 376 5438 Det
391 5374 420 5453 (l
435 5377 508 5446 Gor.
523 5391 579 5448 xv,
594 5373 640 5454 9).
829 5445 831 5450 ,
1162 5376 1240 5438 runt
1267 5375 1358 5450 tolia,
1380 5375 1465 5449 idest
1490 5391 1612 5440 nomen
1633 5371 1878 5438 christianitatis
1897 5359 1934 5422 pel

353 5472 436 5534 Sunt
458 5473 569 5535 autem
590 5473 742 5550 palmites
769 5473 864 5537 bonae
890 5473 1107 5549 cogitationes
1163 5473 1240 5534 ddei
1261 5473 1374 5544 verba,
1391 5473 1469 5552 quia
1481 5474 1640 5534 Dominus
1656 5471 1830 5534 maledicet
1840 5467 1868 5530 ει
1881 5473 1934 5522 ml·

312 5585 386 5648 quae
401 5572 585 5634 nascuntur
598 5571 639 5632 de
663 5572 861 5636 contritione
887 5572 1007 5644 cordis,
1028 5587 1108 5632 con·
1162 5571 1341 5634 ledictione
1360 5571 1531 5648 perpetua,
1547 5572 1580 5632 et
1594 5571 1725 5634 arescet
1748 5581 1862 5645 corpus
1880 5561 1934 5636 ejus

312 5667 459 5738 sessione
492 5669 571 5743 oris,
606 5669 639 5730 et
668 5669 897 5734 satisfactione
918 5669 1039 5746 operis.
1069 5671 1108 5730 In
1137 5731 1141 5754 ,-
1163 5667 1361 5746 inpuluere,
1380 5669 1492 5732 anima
1508 5669 1637 5732 veroin
1659 5660 1934 5744 ignecramabnur.
