3994 6326
273 242 329 301 oti

895 237 1070 302 HONORII
1092 239 1137 302 111
1159 239 1307 302 OPERA.
1870 249 1917 308 lt?

275 400 501 477 runt,tempus
511 397 616 475 ipsius
626 395 766 460 concilii
778 396 993 474 appellationi
1004 413 1072 460 suae
1128 399 1332 462 sufficienter
1341 399 1548 474 instructam,
1561 402 1773 480 praefigentes
1781 406 1917 481 partibus

275 498 452 561 terminum
468 494 743 574 praetigentes:ad
757 510 852 572 quem
863 491 950 555 idem
963 497 1073 556 custos
1127 496 1305 558 terminum
1325 496 1574 574 competentem,
1602 515 1665 577 quo
1688 514 1749 576 per
1768 516 1916 576 procura-

275 612 338 658 nec
352 595 466 656 venire
481 593 619 660 curavit,
634 582 695 654 neo
710 591 928 653 sufficientem
944 593 1074 654 mittere
1128 593 1217 654 tores
1232 593 1369 655 idoneos
1380 595 1712 671 compareantooram
1729 597 1837 668 nohis,
1850 615 1914 660 sen-

275 692 512 769 responsalem.
531 691 625 752 Unde
640 689 680 750 ad
696 688 827 767 praefati
853 688 981 752 abbatis
1002 691 1075 751 ins·
1128 691 1266 751 tentiam
1293 691 1486 768 recepturae.
1511 694 1602 765 Quod
1631 693 1660 753 si
1685 710 1753 754 non
1777 711 1911 764 omnes,

275 791 426 862 tantiam,
439 789 495 866 qui
510 805 577 850 non
602 789 674 848 sine
686 787 843 864 gravibus
858 786 1027 849 laboribus
1043 791 1075 850 et
1129 787 1194 848 duo
1209 789 1368 850 vestrum.

276 888 432 965 expensis
455 886 542 964 apud
564 886 681 948 sedem
696 885 919 962 apostolicam
948 883 1073 946 diutius

276 986 508 1062 exspectaret,
545 984 633 1045 idem
666 983 892 1060 praedecessor
922 984 1072 1044 noster...

276 1081 387 1144 abbati
414 1081 455 1143 de
473 1082 577 1144 Ticon
602 1081 635 1143 et
660 1080 797 1156 collegis
819 1080 924 1158 ipsius
948 1079 1075 1142 dederit

276 1179 398 1242 litteris
413 1179 447 1240 in
469 1179 645 1250 mandatis,
664 1179 699 1240 ut
718 1179 891 1255 praefatum
907 1177 1075 1240 custodem

276 1278 312 1338 in
343 1278 499 1354 expensis
537 1276 694 1354 legitimis
732 1275 1008 1346 condemnantes,
1041 1275 1075 1336 in

277 1391 380 1436 causa
395 1374 467 1452 ipsa
481 1373 715 1452 procederent3
732 1373 765 1434 et
778 1389 852 1434 eam
871 1372 1074 1438 deciderent,

1169 885 1288 946 Datum
1315 886 1488 960 Laterani,
1518 885 1771 950 decimotertio
1798 889 1913 952 kalend.

1130 982 1239 1059 april„
1253 983 1464 1061 pontificatus
1479 985 1586 1048 nostri
1604 1001 1693 1051 auno
1708 987 1860 1048 secundo.

1446 1172 1619 1259 CLXVII

1130 1313 1182 1373 Ad
1196 1312 1372 1376 cantorem
1396 1313 1429 1374 et
1451 1317 1734 1378 archidiaconum
1753 1314 1908 1378 Bisuntin.

1414 1436 1446 1493 11
1463 1436 1641 1494 martial&

279 1471 308 1532 si
335 1473 423 1532 esset
449 1471 489 1532 de
526 1471 670 1548 partium
705 1470 886 1532 voluntate.
920 1469 1076 1548 Alioquin

278 1568 427 1629 eamdem
438 1567 479 1629 ad
493 1568 609 1629 Sedent
623 1567 845 1645 Apostolicam
856 1568 1074 1639 remitterent,
1167 1549 1285 1614 [¹¹⁰⁸⁰³¹··
1295 1549 1339 1601 ¹¹¹³·
1351 1551 1381 1610 ¹¹·
1393 1549 1467 1615 ΨΜ·
1480 1549 1535 1600 ⁹⁵⁸·
1545 1551 1601 1600 Μῦς·
1613 1552 1649 1602 ¹⁴²
1663 1553 1739 1602 ¹²⁰¹¹⁶
1748 1552 1781 1602 ‘¹¹¹
1792 1553 1878 1617 ΤΙὶΘίῙ]

277 1664 481 1726 sufficienter
491 1665 696 1738 instructam,
710 1665 918 1741 praefigentes
929 1664 1076 1742 partibus
1132 1659 1169 1716 Ul
1188 1657 1333 1729 querelam
1356 1657 1495 1716 tdvetffl
1518 1665 1664 1716 ⁰³ss¹0t0ffl
1689 1665 1720 1716 et
1748 1660 1913 1732 prepositum

279 1763 454 1824 terminum
481 1763 738 1838 competentem
767 1776 831 1837 quo
859 1763 994 1838 propter
1014 1761 1077 1822 hoo
1168 1747 1361 1848 lausanensis
1386 1746 1515 1804 ecclesie
1536 1751 1655 1816 motam,
1679 1749 1842 1820 Apostolica
1859 1763 1913 1807 auc·

277 1858 1078 1936 Apostolicoseconspectuipraesentarentsaepe
1167 1833 1435 1894 ‘⁰¹¹¹“ed¹‘¹¹¹¹⁸¹¹¹·

278 1955 366 2018 dicto
381 1971 460 2032 ergo
476 1955 611 2018 custode
632 1955 852 2032 respondente
865 1971 978 2018 coram
986 1955 1080 2034 judi-
1173 1953 1349 2026 Honorius,
1368 1955 1442 2024 etc,
1462 1953 1592 2016 dilectis
1607 1953 1686 2015 liliis
1708 1952 1814 2032 priori
1828 1955 1918 2016 sancti

279 2053 373 2114 cibus
401 2054 505 2131 ipsis,
535 2053 621 2131 quod
657 2054 735 2115 lioet
764 2053 909 2130 praedia,
938 2069 1077 2130 quorum
1134 2051 1266 2112 Pauli...
1294 2051 1434 2124 cantori,
1461 2051 1542 2123 et...,
1568 2051 1807 2114 archidiacono
1829 2054 1918 2114 sancti

278 2151 411 2228 petebat
431 2151 599 2222 decimas,
637 2151 743 2212 dictus
772 2149 873 2212 abbas
899 2151 1078 2228 aliquando
1133 2149 1271 2212 Joannis
1292 2149 1456 2212 Bisuntin.

278 2264 397 2309 revera
412 2265 472 2308 sua
488 2247 631 2319 fecisset,
647 2264 687 2309 ea
707 2249 819 2311 tamen
845 2249 995 2310 ecclesiae
1016 2249 1078 2309 Al·
1174 2247 1319 2308 Dilectus
1356 2247 1445 2308 illius
1472 2248 1502 2308 J.
1527 2245 1713 2308 catholicus
1745 2249 1918 2307 Lausanen.

279 2344 373 2406 beust
387 2346 583 2413 contulerat,
603 2345 700 2421 longe
717 2346 894 2422 antequam
907 2361 1007 2422 super
1017 2345 1079 2406 hoc
1135 2344 1285 2405 ecclesiae
1299 2359 1359 2421 pro
1380 2359 1427 2416 se,
1450 2359 1489 2404 ac
1504 2343 1700 2421 quibusdam
1717 2343 1796 2404 aliis
1812 2359 1919 2404 conra-

280 2443 343 2504 sibi
356 2443 397 2505 ab
408 2444 480 2520 ipso
493 2443 611 2504 abbate
624 2443 762 2520 quaestio
773 2443 861 2504 mota
875 2445 971 2506 esset.
985 2444 1079 2506 Unde
1135 2441 1264 2502 nonicis
1279 2442 1360 2512 suis,
1382 2440 1477 2502 nobis
1498 2440 1701 2502 insinuando
1723 2440 1919 2510 monstravit,

254 2611 256 2616 ,
280 2557 489 2618 nequaquam
512 2541 585 2618 ipse
613 2541 788 2618 superbis
814 2541 993 2602 convenire
1017 2541 1079 2602 de·
1136 2539 1222 2618 quod
1244 2539 1427 2616 capitulum
1451 2538 1598 2615 ejusdem
1619 2538 1771 2600 ecclesiae
1786 2554 1847 2615 pro
1862 2555 1921 2598 mo·

280 2637 388 2710 habat,
418 2638 475 2699 sed
499 2639 571 2716 ipsa
596 2639 747 2710 ecclesia,
766 2655 839 2716 quae
852 2639 939 2700 dicta
955 2638 1080 2715 praedia

280 2735 492 2812 possedisset,
510 2737 589 2797 licet
607 2739 685 2797 tunc
699 2735 883 2812 provisioni
903 2734 983 2797 dicti
1004 2752 1082 2796 ous-

281 2831 368 2893 todis
381 2832 495 2894 eadam
506 2831 736 2894 commisisset.
748 2831 873 2894 Abbate
885 2849 964 2894 vero
977 2849 995 2894 e
1006 2849 1082 2894 con-

280 2929 385 2991 trarlo
400 2933 570 2992 asserente
587 2951 594 2989 ε
609 2929 694 3007 quod
710 2929 816 2991 dictus
840 2932 962 3003 custos,
984 2932 1080 3008 post-

283 3043 381 3105 quam
413 3027 454 3088 ad
485 3043 561 3090 eum
591 3027 678 3090 diota
705 3027 831 3106 praedia
855 3029 1078 3102 devenerunt,

281 3125 390 3200 ipsum
412 3123 563 3186 abbatem
587 3140 653 3186 non
679 3125 831 3186 Albensis
845 3125 996 3188 ecclesiae
1015 3142 1079 3187 no-

283 3222 382 3293 mine,
396 3222 462 3284 imo
474 3237 533 3282 suo
549 3222 718 3298 prohibuit
728 3239 746 3282 a
758 3224 969 3300 perceptione
982 3224 1080 3286 solita

282 3319 506 3394 decimarum3
523 3318 656 3380 tandem
667 3319 847 3396 capitulum
863 3320 968 3397 ipsius
979 3321 1082 3382 eccle·

283 3417 343 3477 siae
351 3415 479 3493 praedia
486 3415 600 3476 eadem
611 3416 652 3477 ad
666 3417 881 3492 sepertinere
896 3417 1078 3491 affirmans,

284 3513 431 3590 praelatis
442 3512 623 3590 judicibus,
635 3530 678 3574 ne
691 3514 725 3574 in
737 3529 838 3575 causa
852 3517 926 3592 ipsa
940 3516 975 3576 in
989 3532 1079 3594 prae-

279 3609 442 3689 judicium
463 3614 536 3688 ejus
552 3611 779 3688 procederent,
802 3609 948 3675 inhibuit
962 3614 1080 3690 appel-

283 3709 397 3784 land03
423 3708 667 3788 propterquod
692 3709 822 3786 judices
851 3709 891 3770 de
913 3712 1082 3773 voluntate

283 3808 427 3884 partium
443 3823 578 3868 causam
594 3807 698 3883 ipsam
719 3807 760 3868 ad
781 3823 921 3869 examen
936 3809 1081 3886 Aposto-

241 3884 247 3906 '
283 3903 384 3964 licum
397 3904 608 3976 remiserunt,
625 3919 731 3965 nonas
741 3905 919 3967 ,ianuarias
932 3906 1083 3982 proxime

283 4001 469 4077 praeteritas
506 4001 541 4062 in
568 4001 747 4063 terminum
781 4003 1009 4079 assignantes,
1040 4003 1081 4065 ad

285 4113 381 4173 quem
403 4097 514 4158 nullus
537 4098 639 4170 venit,
667 4114 726 4175 pro
747 4104 816 4177 jam
829 4101 926 4162 dictis
937 4102 1082 4178 capitulo

284 4194 339 4255 vel
359 4194 506 4266 custode,
523 4197 738 4271 procuratore
759 4197 864 4274 ipsius
888 4199 1082 4260 monasterii

285 4290 408 4353 diutius
434 4292 656 4367 exspectante.
671 4295 722 4354 Ne
736 4293 838 4369 igitur
850 4295 957 4357 dietus
972 4297 1082 4358 custos

284 4388 325 4450 de
336 4404 395 4450 sua
405 4389 690 4464 tergiversationis
703 4393 922 4464 contumacia,
941 4393 1081 4456 ulterius

284 4487 455 4565 glorietur,
469 4486 661 4549 discretioni
680 4489 799 4550 vestrae
820 4504 879 4566 per
892 4490 1081 4567 apostolica

284 4585 407 4662 scripta
422 4585 629 4654 mandamus,
647 4587 809 4662 quatenus
829 4587 980 4648 eumdem
1006 4603 1084 4649 cus-

283 4682 392 4744 todem
408 4682 665 4744 condemnantes
682 4684 718 4744 in
732 4685 889 4761 expensis
911 4685 1080 4762 legitimis,

284 4779 372 4841 etad
394 4780 592 4841 solutionem
618 4781 752 4842 illarum
778 4783 1001 4860 appellatione
1022 4801 1080 4844 re-

285 4878 384 4948 mota,
408 4892 468 4953 per
491 4893 650 4940 censuras
671 4879 916 4942 ecclesiasticas
938 4881 1084 4958 compel-

285 4973 391 5036 latis:
417 4973 560 5037 audiatis
586 4975 716 5048 deinde,
740 4993 812 5054 quae
844 4981 1081 5041 monasterium

284 5073 392 5150 ipsum
413 5087 473 5149 pro
487 5073 581 5149 parte
596 5089 668 5144 sua,
684 5079 717 5135 et
731 5091 804 5153 quae
820 5077 931 5139 custos
944 5080 976 5140 et
990 5077 1084 5154 capi-

283 5170 389 5233 tulum
397 5169 556 5232 antedicti
567 5187 626 5248 pro
634 5187 669 5232 se
680 5171 837 5236 duxerint
849 5175 1080 5251 proponenda3

284 5270 317 5329 et
330 5269 366 5329 in
377 5283 478 5330 causa
492 5283 598 5344 usqua
612 5268 653 5329 ad
662 5269 867 5332 definitivam
885 5273 1082 5334 sententiam

285 5364 413 5426 sublato
428 5365 659 5442 appellationis
671 5365 840 5429 obstaculo
855 5369 1080 5444 procedentes,

1135 2637 1208 2698 dico
1231 2637 1426 2714 reputantes
1449 2635 1611 2696 beneficia
1628 2634 1861 2696 ecclesiastica
1874 2635 1919 2694 iu-

1136 2733 1245 2810 dignis
1273 2732 1427 2796 conferre
1455 2733 1623 2810 personis,
1652 2734 1686 2793 C.
1715 2733 1875 2796 clericum
1898 2732 1924 2792 in

1136 2831 1348 2910 praepositum
1364 2832 1624 2908 assumpserunt,
1640 2830 1788 2908 quicum
1804 2831 1922 2892 ratione

1136 2930 1363 3007 praepositura
1380 2929 1560 2990 secundum
1576 2929 1698 2990 statuta
1715 2929 1885 2990 canonum
1898 2931 1923 2987 et

1135 3027 1201 3088 loci
1214 3025 1485 3089 consuetudinem
1505 3025 1720 3102 approbatam
1747 3025 1921 3086 deberetin

1136 3123 1364 3202 presbvterum
1391 3122 1588 3202 promoveri,
1614 3122 1837 3184 diminutione
1857 3137 1923 3199 pro

1136 3222 1200 3300 prii
1225 3221 1373 3298 corporis
1396 3221 1612 3298 repugnante,
1626 3237 1725 3298 quum
1752 3219 1799 3282 sit
1822 3235 1925 3280 mono-

1136 3321 1241 3392 culus,
1264 3321 1296 3381 et
1320 3319 1405 3380 alias
1419 3318 1554 3395 indigne
1570 3334 1636 3379 non
1654 3319 1766 3395 potest
1786 3317 1925 3379 ecclesia

1135 3419 1171 3478 in
1200 3418 1316 3478 ordine
1350 3416 1460 3479 debito
1496 3415 1705 3491 ministrare;
1736 3419 1777 3478 R.
1808 3428 1926 3494 quoque

1137 3515 1293 3577 clericum
1323 3517 1438 3576 natum
1458 3513 1498 3574 de
1519 3513 1683 3574 adulterio
1701 3515 1872 3575 cantorem
1886 3513 1926 3572 ei·

1136 3613 1211 3673 dem
1224 3612 1374 3674 ecclesiae
1383 3611 1603 3688 praefecerunt
1614 3611 1650 3671 in
1665 3610 1772 3687 ipsius
1787 3611 1923 3672 ecclesia

1137 3709 1278 3770 dedecus
1304 3711 1338 3770 et
1356 3709 1534 3785 jacturam.
1569 3709 1677 3779 Quare
1700 3707 1797 3768 nobis
1829 3707 1923 3769 extitit

1137 3806 1368 3883 supplicatum,
1383 3806 1420 3866 ut
1434 3805 1489 3881 qui
1506 3804 1658 3866 decorem
1673 3804 1791 3866 domus
1806 3803 1923 3866 Domini

1135 3904 1288 3965 tenemur
1302 3903 1441 3980 diligere
1467 3919 1540 3964 cum
1562 3901 1733 3979 propbeta,
1750 3903 1856 3964 eidem
1874 3917 1921 3962 ec-

1137 4001 1248 4062 clesiae
1291 4004 1429 4078 paterna
1464 3999 1688 4062 sollicitudine
1724 4001 1921 4076 providentes

1138 4098 1313 4176 praedictos
1337 4097 1550 4176 praepositum
1572 4098 1605 4159 et
1619 4097 1790 4158 cantorem
1804 4097 1920 4159 lacere·

1137 4213 1210 4258 mus
1238 4195 1279 4256 ab
1308 4195 1433 4256 eisdem
1458 4195 1676 4271 dignitatibus
1705 4195 1867 4270 amoveri;
1897 4195 1921 4254 ct

1138 4309 1237 4372 quum
1252 4309 1295 4355 ex
1309 4310 1349 4356 eo
1371 4293 1456 4371 quod
1481 4293 1655 4370 praelatum
1679 4294 1860 4372 capitulum
1875 4295 1920 4352 in-

1137 4392 1254 4468 dignos
1265 4391 1626 4466 addignitateseligere
1637 4388 1816 4472 [eligendo]
1827 4392 1921 4452 scien-

1136 4490 1189 4550 ter
1202 4487 1361 4566 potestate
1376 4503 1413 4549 se
1427 4489 1633 4565 privaverint
1645 4488 1802 4565 eligendi,
1820 4489 1921 4564 digna-

1137 4603 1251 4648 remur
1272 4586 1378 4647 eidem
1403 4585 1554 4647 ecclesia
1576 4586 1618 4647 do
1638 4587 1794 4664 personis
1809 4585 1918 4646 idoneis

1138 4683 1323 4761 providere.
1341 4685 1426 4755 Quia
1446 4699 1526 4746 vero
1539 4683 1635 4744 nohis
1649 4699 1719 4745 non
1735 4684 1874 4746 constitit
1887 4681 1918 4740 de

1137 4782 1329 4860 praemissis,
1342 4781 1535 4844 discretioni
1544 4783 1663 4844 vestrae
1675 4797 1736 4858 per
1747 4781 1916 4859 Apostolica

1138 4881 1260 4956 scripta
1287 4880 1493 4951 mandamus,
1524 4882 1699 4957 quatenus,
1729 4880 1851 4942 vocatis
1872 4876 1916 4954 qui

1138 4979 1271 5040 suerunt
1293 4977 1465 5051 evocandi,
1487 4979 1521 5040 et
1542 4977 1703 5056 inquisita
1719 4995 1819 5057 super
1837 4978 1872 5038 iis
1891 4975 1916 5033 at

1138 5077 1270 5153 cognita
1303 5075 1458 5148 veritate,
1486 5076 1572 5153 quod
1608 5077 1805 5138 canonicum
1830 5073 1914 5136 luerit

1137 5173 1360 5252 appellatione
1379 5173 1562 5251 postposita
1583 5175 1750 5248 statuatis,
1773 5173 1911 5236 iacientes

1138 5273 1223 5351 quod
1238 5271 1451 5333 decreveritis
1464 5286 1711 5348 percensuram
1728 5268 1914 5336 ecclesiasti·

1138 5385 1211 5432 cam
1229 5369 1452 5447 appellatione
1478 5375 1631 5432 cessante
1655 5371 1794 5432 tirmiter
1816 5367 1913 5430 obser·

255 5497 261 5506 -
283 5460 377 5522 illam
393 5461 421 5522 si
435 5463 544 5538 partes
555 5463 796 5536 consenserint,
814 5464 878 5526 tine
889 5466 999 5529 debito
1013 5469 1084 5530 ter·
1137 5469 1226 5542 vari3
1237 5467 1321 5546 quod
1332 5467 1436 5528 sinon
1448 5461 1910 5540 omnes‚etc.DatumLateraui

284 5557 436 5634 minatis3
454 5559 601 5637 alioquin
617 5560 766 5622 eamdem
779 5562 819 5624 ad
835 5578 895 5624 nos
906 5566 1083 5630 remittatis

1138 5566 1247 5628 idibus
1268 5564 1378 5626 martii
1398 5581 1485 5627 anno
1501 5565 1657 5628 secundo.
