3988 6308
74 369 131 434 219

704 357 936 426 EPIS'I'OLAE.
958 357 1037 423 bie.
1061 357 1086 422 1.
1193 360 1200 368 '

1660 357 1722 425 mo

74 543 256 608 ganconum
290 525 439 606 ejusdem
477 522 632 589 ecclesis
668 523 783 586 nostro
817 524 869 586 est
920 519 1163 584 recordationis
1190 519 1377 584 innocentii
1407 536 1502 600 papae
1531 519 1721 600 praedeces-

74 625 274 706 apostciatui
302 625 499 697 reseratum,
516 621 603 703 quod
622 637 697 684 cum
723 637 784 683 nos
808 635 867 683 re-

923 617 1010 682 seris
1022 618 1128 682 nostri
1143 619 1365 697 episcopalem
1377 620 1599 697 resignaverit
1613 620 1721 697 digni-

75 719 866 803 ceptacessioneiiicbaeiis,qnondamareiaten.
921 717 1034 790 tatem,
1045 733 1085 779 ac
1095 717 1182 778 idem
1194 717 1419 795 praedecessor
1428 719 1613 782 venerabili
1623 717 1719 781 tratri

75 821 327 899 archiepiscopi,
344 819 470 883 eisdem
484 817 661 898 praeposito
676 818 709 880 et
722 817 867 896 capitulo

75 920 261 983 dederimus
287 918 323 979 in
346 917 527 990 mandatis,
555 917 592 978 ut
614 914 764 978 ecciesiae
792 929 868 976 me·

74 1019 211 1080 moratae
243 1015 285 1078 de
319 1031 462 1094 persona
493 1014 630 1087 idonea,
667 1029 741 1092 quae
775 1011 868 1075 tanto

73 1116 271 1192 congrueret
293 1114 387 1176 oneri
410 1113 443 1176 et
464 1111 595 1185 honori,
610 1112 771 1175 canonice
785 1125 868 1189 prc-

72 1213 222 1276 ciderent
243 1231 250 1272 :
272 1212 337 1290 ipsi
356 1210 592 1273 conuenientes
615 1211 651 1271 in
674 1225 792 1282 unum,
810 1225 870 1271 re-

72 1309 255 1373 nerabilem
275 1309 413 1371 fratrem
435 1308 585 1370 nostrum
604 1311 777 1384 Hugonem
796 1309 867 1369 Va-

70 1408 204 1487 pincen.
241 1407 448 1486 episcopum,
477 1407 606 1479 virum,
634 1405 670 1468 ut
697 1406 866 1479 asserunt,

69 1505 254 1568 litteratum
289 1510 323 1567 et
356 1504 531 1582 providum
572 1504 715 1582 Spiritus
755 1502 868 1564 Sancti

68 1604 179 1682 gratia
192 1603 357 1676 invocata,
374 1599 438 1664 sibi
452 1602 613 1664 canonice
627 1603 663 1663 in
678 1601 868 1679 pontificem

68 1701 283 1779 postularunt
310 1700 405 1762 nobis
432 1699 605 1762 humiliter
630 1699 867 1779 supplicantes,

68 1799 105 1862 ut
133 1798 389 1877 postulationem
413 1798 521 1876 ipsam
547 1797 721 1860 admittere
746 1797 868 1875 digna-

67 1911 195 1958 remur.
208 1898 332 1958 verum
343 1895 526 1974 quiajuxta
536 1890 662 1958 morem
670 1895 869 1972 apostoncae

68 1994 258 2073 sedisque
277 1995 465 2056 examinari
486 1993 660 2056 consuevit
676 1993 794 2056 electio
809 2009 870 2054 seu

67 2092 252 2170 postulatio
274 2093 316 2154 de
336 2107 490 2170 persona,
507 2092 541 2153 id
564 2089 639 2152 lieri
661 2106 728 2153 non
749 2091 867 2170 potuit,

68 2207 146 2252 cum
161 2204 306 2267 persona
320 2204 469 2267 praesens
484 2204 550 2251 non
563 2189 661 2259 essct,
675 2188 869 2251 discretioni

66 2291 135 2351 tuae
150 2303 213 2366 per
227 2288 408 2366 apostolica
423 2288 548 2365 scripta
561 2288 769 2360 mandamus,
786 2303 871 2366 qua-

67 2386 169 2449 tenus
194 2385 450 2463 postulationem
478 2385 586 2464 ipsam
611 2386 644 2447 et
668 2383 869 2463 postulatum

65 2484 270 2546 examinans
285 2483 472 2561 diligenter,
489 2487 519 2546 si
536 2483 685 2545 eamdem
699 2483 868 2545 inveneris

66 2582 107 2644 de
142 2597 289 2662 persona
315 2581 436 2644 idonea
464 2583 624 2644 canonice
654 2577 866 2653 celebratam,

67 2681 179 2758 ipsam
194 2679 392 2743 auctoritate
407 2680 520 2743 nostra
532 2679 688 2742 suffultus
700 2679 866 2752 admittas,

67 2779 100 2840 et
122 2795 204 2840 eum
225 2778 401 2840 avincula
422 2793 487 2856 quo
513 2779 663 2841 ecciesiae
685 2777 867 2854 vapincen.

66 2877 205 2938 tenetur
216 2875 403 2946 absolvens,
417 2876 572 2954 injungas
587 2875 732 2952 capitulo
747 2891 869 2936 memo·

67 2974 205 3046 rato,ut
213 2973 371 3052 tanquam
380 2974 506 3050 pastori
516 2974 550 3035 et
559 2973 708 3051 ejusdem
718 2973 869 3035 ecciesiae

46 3152 47 3158 ἵ
70 3071 306 3148 suffraganeis,
323 3071 410 3149 quod
432 3071 591 3149 tanquam
615 3070 869 3149 metropolitano

66 3185 132 3231 suo
146 3169 324 3232 intendant
337 3169 455 3242 eidem,
472 3170 506 3231 et
519 3168 699 3230 exhibeant
711 3167 870 3231 obedien-

67 3267 150 3329 tiam
166 3265 312 3328 debitam
329 3267 363 3328 et
378 3267 542 3329 devotam.
560 3268 680 3330 Datum
699 3266 868 3339 Laterani,

64 3367 193 3443 quarto
220 3365 295 3426 idus
322 3364 499 3438 februarii,
525 3364 736 3443 pontificatus
762 3364 870 3426 nostri

64 3479 158 3526 anno
174 3463 295 3542 primo.

414 3607 531 3694 cclv

59 3785 114 3842 Ad
134 3781 340 3856 episcopum
354 3781 554 3849 indensem,
566 3781 607 3839 B.
619 3779 823 3839 Rementem
837 3777 871 3840 et

200 3880 232 3938 J.
249 3879 451 3939 ambianen.
468 3878 741 3939 archidiaconos.

373 4005 474 4067 Bsebr.
492 4008 573 4066 itii.

91 4117 214 4182 [Regast.
230 4114 276 4167 lib.
291 4114 311 4175 i,
328 4114 401 4180 epist.
417 4115 472 4165 231.
484 4115 542 4166 lise.
560 4115 597 4166 La
610 4115 686 4166 Porta
699 4115 733 4167 du
746 4113 838 4180 TbeiiJ.

56 4251 274 4314 catalaunensi
289 4251 434 4324 episcopo,
451 4249 564 4308 moeno
578 4251 775 4324 episcopatum
791 4265 872 4324 prop

93 4353 144 4401 ter
160 4346 353 4409 senectutem,
363 4339 475 4398 luerent
488 4346 641 4398 reseruata
654 4339 871 4413 quadringente

91 4427 186 4489 iibrae
212 4443 265 4504 pro
293 4428 371 4486 victu
401 4441 488 4502 super
513 4425 651 4486 fructibus
678 4428 870 4501 episcopatus.

92 4523 231 4578 Densum
245 4533 311 4576 cum
327 4517 399 4576 adeo
412 4517 540 4574 senuerit
555 4517 724 4588 etamplius
744 4517 872 4589 equitare

93 4624 162 4667 non
180 4607 275 4681 possit
286 4621 340 4664 nec
355 4607 409 4664 alia
422 4605 528 4673 lacere,
541 4607 677 4679 episcopo
690 4605 825 4676 Tuiiensi,
839 4607 870 4664 B.

93 4696 247 4756 ilamensi
259 4701 288 4753 et
298 4687 322 4753 1:
335 4694 522 4753 ambianensi
533 4693 742 4752 archidiaconis
755 4691 872 4752 mandat

92 4797 127 4846 ui
141 4787 309 4845 limitantur
324 4781 360 4842 ad
372 4784 511 4842 ducentas
523 4783 619 4842 libres.

96 4933 295 5004 Honorius,
320 4931 396 5004 etc,
416 4930 601 4993 venerabili
622 4929 718 4994 tratri
740 4932 869 4994 Tuiien.

51 5035 242 5112 episcopo,
257 5033 294 5092 Β.
315 5033 451 5092 Reman.
476 5028 510 5092 et
531 5031 562 5092 J.
586 5028 783 5092 ambianen.
810 5047 872 5092 ar-

51 5129 293 5194 chidiaconis.

93 5233 156 5292 Ex
174 5224 405 5288 insinuatione
420 5224 622 5287 venerabilis
639 5218 752 5287 fratris
765 5225 872 5288 nostri

51 5327 293 5390 catalaunen.
321 5323 469 5400 episcopi
498 5340 558 5384 nos
582 5323 745 5385 noveritis
775 5339 873 5386 acce-

48 5430 169 5506 pisse,
204 5421 293 5499 qucd
324 5419 526 5482 venerabilis
555 5421 659 5483 irater
686 5423 802 5484 noster
832 5426 870 5484 e.

50 5528 250 5606 episcopus
261 5519 428 5597 quondam
435 5519 653 5582 catalaunen.
661 5519 789 5582 viribus
802 5537 873 5582 ocr-

48 5625 156 5704 poris
176 5618 371 5690 destitutus,
383 5617 416 5679 et
427 5617 591 5696 impotens
604 5618 645 5680 ad
659 5617 871 5696 pontificatus

48 5721 243 5788 sarcinam
267 5715 507 5788 sustinendam,
533 5716 574 5778 de
596 5731 739 5782 assensu
764 5715 872 5780 felicis

923 816 1036 878 nostro
1048 817 1186 878 Trecen.
1202 816 1368 894 episcopo,
1385 817 1419 878 et
1437 817 1568 879 dilectis
1584 817 1663 879 tiliis
1678 821 1719 880 R.

922 915 1010 977 tituli
1029 915 1137 976 sancti
1153 913 1312 992 Stephani
1328 913 1363 976 in
1378 915 1482 978 Coelio
1499 916 1610 978 monte
1625 931 1721 994 pres-
1850 955 1855 964 ι

923 1011 1038 1090 byterc
1064 1011 1239 1085 cardinali,
1275 1012 1354 1075 tunc
1388 1014 1587 1092 apostolicae
1624 1014 1720 1076 Sedis

923 1109 1044 1186 legato,
1058 1112 1091 1172 at
1109 1111 1150 1172 H.
1171 1109 1407 1173 archidiacono
1432 1114 1568 1174 Reman.
1594 1111 1723 1174 dederit

923 1207 958 1269 in
973 1209 1150 1282 mandatis,
1167 1208 1203 1270 ut
1217 1209 1325 1271 eidem
1344 1209 1443 1287 juxta
1461 1209 1637 1272 facultates
1658 1212 1723 1272 Ga-

922 1305 1092 1369 talaunen.
1120 1307 1330 1385 episcopatus
1353 1309 1390 1369 in
1415 1307 1494 1370 vitm
1521 1308 1722 1370 necessariis

923 1405 1091 1483 provideri
1126 1405 1275 1468 iacerent
1308 1406 1496 1478 moderate,
1532 1406 1722 1485 provisores

923 1502 988 1581 ipsi
1016 1518 1082 1564 non
1109 1503 1316 1566 attendentes
1342 1501 1568 1566 sollicitudine
1597 1502 1720 1576 debita,

924 1601 1010 1679 quod
1034 1601 1249 1664 catalaunen.
1270 1601 1413 1664 ecclesia
1433 1603 1468 1663 in
1487 1601 1632 1664 confinio
1653 1601 1722 1663 im-

923 1699 1008 1778 perii
1028 1699 1062 1762 et
1082 1701 1177 1778 regni
1200 1701 1350 1762 Franciae
1373 1700 1563 1772 constituta,
1589 1701 1724 1777 propter

923 1796 1113 1875 inopinatas
1123 1813 1264 1874 guerras
1277 1814 1375 1877 saepe,
1385 1799 1507 1876 saepius
1516 1797 1721 1875 ingruentes,

924 1895 1115 1974 frequenter
1140 1895 1349 1975 opprimitur,
1377 1897 1411 1960 et
1436 1911 1480 1960 ax
1499 1911 1540 1958 ec
1563 1897 1725 1974 gravatur

924 1992 1094 2057 laboribus
1123 1995 1157 2058 et
1183 1996 1361 2074 expensis3
1389 1995 1476 2073 quod
1505 1995 1542 2056 in
1572 1995 1724 2058 exercitu

924 2091 1018 2170 regio
1034 2093 1133 2171 juxta
1156 2095 1251 2172 regni
1275 2093 1549 2155 consuetudinem
1570 2108 1649 2154 suos
1671 2095 1725 2155 te-

925 2191 1023 2253 netur
1036 2191 1159 2254 milites
1171 2192 1316 2270 propriis
1331 2191 1506 2270 stipendiis
1522 2191 1721 2264 sustentare,

924 2289 1064 2367 praerato
1085 2293 1123 2351 e.
1146 2289 1188 2352 de
1212 2289 1309 2352 bonis
1331 2290 1438 2369 ipsius
1462 2290 1613 2352 ecciesiae
1637 2305 1724 2368 qua-

924 2386 1119 2464 dringentas
1143 2387 1247 2450 libras
1269 2389 1367 2450 annis
1392 2387 1623 2466 percipiendas
1652 2387 1725 2449 sin·

923 2485 1012 2561 gulis
1031 2487 1279 2556 concesserunt,
1294 2501 1494 2564 quamquam
1508 2485 1596 2548 idem
1612 2489 1649 2548 (i.
1666 2484 1724 2564 qui

924 2582 1007 2644 adeo
1021 2583 1245 2646 membrorum
1258 2597 1395 2645 suorum
1412 2583 1621 2660 dignoscitur
1633 2583 1723 2645 ami-

924 2681 1009 2742 sisse
1022 2680 1144 2755 oiiioia,
1162 2682 1249 2760 quod
1267 2697 1329 2744 nec
1348 2681 1485 2761 equitat,
1500 2684 1534 2744 et
1549 2681 1651 2744 etiam
1665 2681 1725 2743 vix

924 2779 1032 2856 potest
1054 2766 1157 2858 ioqui,
1173 2780 1286 2842 multis
1301 2780 1500 2858 equitaturis
1524 2795 1592 2842 non
1613 2781 1721 2856 egeat,

924 2893 985 2938 nec
998 2876 1212 2942 multitudine
1231 2880 1409 2952 sociorum,
1425 2878 1462 2941 in
1481 2893 1622 2957 quorum
1644 2893 1722 2939 sus-

923 2975 1107 3040 tentatione
1127 2977 1176 3040 tot
1189 2977 1335 3039 existant
1351 2976 1415 3038 sibi
1429 2977 1579 3039 redditus
1593 2991 1720 3056 oppor-

922 3077 1007 3138 tuni.
1027 3076 1120 3139 Unde
1133 3075 1229 3138 ncbis
1241 3075 1349 3138 dictus
1361 3075 1537 3152 episcopus
1551 3074 1723 3137 humiliter

924 3175 1126 3254 supplicavit
1148 3175 1185 3236 ut
1205 3189 1306 3252 super
1327 3173 1390 3236 bec
1412 3172 1587 3250 prouidere
1608 3171 1725 3234 sibiet

923 3273 989 3351 ipsi
1003 3272 1154 3336 ecciesiae
1171 3272 1398 3350 dignaremur.
1420 3271 1582 3344 Quocirca
1596 3269 1726 3342 discre-

924 3371 1008 3434 tioni
1024 3371 1144 3434 vesbae
1159 3386 1218 3450 per
1233 3369 1417 3448 apostolica
1436 3369 1560 3447 scripta
1584 3367 1725 3430 manda-

925 3485 998 3532 mus
1006 3471 1181 3546 quatenus,
1190 3469 1350 3548 inquisita
1361 3484 1462 3547 super
1470 3469 1523 3529 bis
1531 3466 1724 3544 diligentius

924 3571 1083 3642 veritate,
1120 3567 1345 3645 provisionem
1385 3565 1576 3645 hujusmodi
1616 3564 1725 3627 solum

926 3670 1029 3729 ileum
1062 3665 1222 3728 babentes
1253 3679 1321 3742 prae
1348 3663 1471 3737 oculis,
1500 3662 1724 3739 appellatione

926 3767 1064 3838 remota,
1081 3763 1239 3842 usquead
1255 3777 1418 3824 summam
1439 3760 1656 3822 ducentarum
1675 3759 1723 3820 li-

925 3863 1060 3924 brarum
1075 3861 1272 3924 auctoritate
1283 3860 1397 3922 nostra
1410 3858 1573 3920 moderati
1585 3857 1722 3920 curetis.

925 3961 1001 4024 Non
1024 3959 1233 4022 obstantibus
1257 3956 1424 4037 aliquibus
1451 3955 1571 4018 litteris
1600 3955 1724 4018 contir-

926 4059 1081 4122 mationis
1105 4073 1165 4120 seu
1186 4057 1263 4118 aliis
1283 4071 1385 4134 super
1398 4057 1471 4133 ipsa
1493 4053 1684 4132 provisione
1704 4069 1724 4115 a

927 4158 1011 4222 Sede
1025 4156 1216 4235 apostolica
1228 4155 1435 4233 impetratis;
1450 4152 1723 4224 contradictores,

926 4257 955 4318 si
982 4256 1038 4334 qui
1064 4254 1189 4317 luerint
1207 4254 1261 4315 vel
1280 4251 1433 4325 rebelles,
1460 4267 1520 4330 per
1546 4264 1724 4313 censuram

927 4353 1188 4418 ecclesiasticam
1212 4353 1470 4430 compescentes.
1493 4349 1634 4422 Quodsi
1654 4363 1722 4410 non

927 4467 1052 4526 omnes,
1068 4453 1144 4523 etc„
1160 4451 1197 4512 tu
1211 4449 1334 4512 fratrer
1348 4449 1514 4526 episcope,
1525 4447 1589 4508 etc.
1604 4447 1724 4507 Datum

926 4551 1093 4623 Laterani,
1113 4550 1207 4612 sexto
1228 4548 1302 4609 idus
1321 4545 1494 4619 februarii,
1511 4543 1722 4623 pontificatus

927 4649 1033 4710 nostri
1047 4662 1135 4710 anno
1150 4647 1270 4725 primo.

1273 4824 1370 4912 CCV

1035 4983 1088 5043 Ad
1101 4980 1395 5053 arehiepiscopum
1408 4974 1617 5039 Toletannm.

1227 5127 1245 5185 8
1259 5123 1330 5184 febr.
1341 5125 1421 5184 itii.

959 5245 1031 5312 [Coti.
1045 5244 1090 5296 iat.
1104 5241 1176 5303 3931,
1188 5257 1214 5307 p.
1228 5241 1268 5292 tt.
1279 5241 1335 5292 lise.
1348 5239 1529 5304 Bibliotheqne
1538 5234 1693 5303 aedoniis]

927 5381 1149 5454 archiepiscopo
1161 5377 1297 5436 Toletano
1311 5375 1462 5434 confirmat
1477 5373 1572 5448 piures
1586 5372 1724 5432 ecclesias

962 5485 1026 5528 cum
1042 5467 1161 5526 decimis
1175 5467 1303 5524 omnium
1317 5465 1476 5524 reddituum
1490 5463 1641 5536 regalium.

967 5617 1047 5676 Cum
1061 5629 1081 5674 a
1094 5611 1189 5674 nobis
1204 5610 1433 5689 petitur,etc...
1450 5621 1557 5681 usqne
1572 5621 1722 5668 assensu.

925 5712 1094 5777 Ecclesiae
1108 5709 1168 5775 bei
1182 5710 1327 5774 aicaran
1351 5722 1426 5772 cum
1447 5703 1601 5770 omnibus
1616 5703 1722 5782 perti-
