4080 6316
278 293 334 350 771
900 287 1074 348 HONORII
1098 285 1142 348 111
1165 285 1313 350 OPERA.
1871 287 1932 348 tta

278 464 347 511 non
362 449 496 525 expedit
511 449 636 510 utlites
655 448 732 509 sunt
749 446 866 509 calidis
892 447 925 508 et
947 446 1076 509 frivolis
1131 445 1259 518 dantes,
1281 448 1380 525 jnxta
1412 445 1552 508 formam
1578 446 1737 509 Ecclesiae
1761 463 1884 508 munus
1904 449 1932 508 ei

279 545 569 609 adinventionibus
604 545 824 614 immortales,
864 545 1076 621 praeseniium
1132 544 1273 606 fecimus
1302 544 1522 606 absolutionis
1542 543 1700 621 impendi,
1716 545 1874 605 eumdmr
1894 545 1932 606 ad

277 644 371 707 vobis
398 644 595 705 auctoritate
621 642 843 720 praecipiendo
870 642 1075 713 mandamus,
1132 658 1192 704 000
1207 659 1280 704 cum
1299 643 1412 704 nostra
1427 645 1459 704 et
1475 642 1633 704 Ecclesiae
1648 645 1811 704 Romanas
1826 643 1933 718 gratia

279 743 442 818 quatenus
452 741 621 818 praedictis
637 741 804 818 prioribus
823 740 944 802 litteris
965 741 998 802 et
1018 755 1079 800 ex·
1133 740 1348 803 remittentes.
1381 741 1498 802 Datum
1527 742 1641 802 Roma
1667 740 1755 816 apud
1774 741 1933 801 Sanctum

278 838 484 915 captionibus
513 855 579 900 non
606 838 836 910 obstantibus,
867 855 942 900 curn
967 839 1079 899 trans·
1133 839 1267 900 Petrum
1282 840 1357 898 XIV
1369 837 1628 915 kalendasjunii
1642 852 1731 898 anno
1747 837 1910 899 secundo.

277 937 388 997 missae
409 936 449 996 ad
468 952 527 998 000
550 935 670 998 litterae
691 936 731 996 de
756 937 868 997 nostra
888 938 920 997 et
940 934 1078 997 fratrum

277 1034 465 1095 nostrorum
500 1034 703 1096 conscientia
738 1033 944 1105 emanarint,
981 1034 1078 1110 juxta
1440 997 1632 1085 CCLXHI

279 1131 470 1192 earumdem
487 1132 636 1194 tenorem
655 1132 690 1192 in
708 1131 841 1207 negotio
857 1132 930 1207 ipso
949 1129 1079 1192 ratione
1133 1134 1185 1193 Ad
1202 1131 1388 1193 0000101001
1408 1133 1662 1194 Massiliensem
1680 1131 1933 1205 0100100000-

281 1229 406 1306 praevia
417 1229 618 1306 procedatis.
627 1230 745 1290 Datum
759 1231 872 1290 Rornae
882 1227 966 1305 apud
980 1229 1080 1288 Sanc·
1279 1229 1432 1303 00011000
1446 1232 1599 1303 eiusdem
1619 1230 1782 1292 00010010.

280 1326 348 1390 tum
358 1328 492 1388 Petrum
500 1329 559 1388 XV
569 1325 702 1388 kalend.
715 1326 804 1403 junii
819 1342 908 1387 anno
921 1325 1076 1387 secundo.
1426 1333 1461 1390 lii
1479 1333 1546 1390 maii
1565 1333 1645 1391 1118.

1165 1429 1285 1494 [liegest.,
1294 1429 1338 1482 lib.
1347 1430 1380 1489 11,
1390 1428 1464 1494 epist.
1476 1427 1797 1482 {resuscitemus
1808 1427 1906 1494 neit]

595 1519 764 1606 CCLXH
1146 1528 1282 1588 Concedit
1294 1535 1326 1586 ut
1340 1528 1498 1586 sacristiam
1518 1529 1638 1586 retineat
1657 1541 1814 1586 assensum
1830 1525 1925 1585 dando

372 1663 425 1723 Ad
439 1665 621 1724 reitiacrsos
636 1663 751 1734 [1010100
765 1663 988 1724 Christianos.
1175 1615 1934 1781 ΗΟΠΟΞΞἭῙἝΘἏἙἪῪἏΜΜ

670 1784 685 1797 ,,
1346 1763 1355 1791 r
1442 1761 1464 1790 υ
1718 1760 1755 1778 ···

275 1849 281 1860 ‚
576 1783 782 1844 ¹⁹¹¹¹³¹¹¹²¹⁸·
1135 1815 1351 1878 Massiliensi.

300 1897 419 1962 [bageam
434 1897 479 1948 lib.
491 1897 521 1956 ll,
536 1899 610 1964 epist.
629 1897 699 1949 1101.
714 1899 772 1948 liss.
786 1898 822 1949 La
834 1899 910 1950 Porta
922 1899 957 1948 du
970 1898 1067 1964 mett]
1175 1915 1281 1986 Quum
1305 1913 1416 1975 dilecti
1445 1911 1506 1974 0ῃῇ
1532 1910 1713 1989 capitulum
1738 1911 1934 1973 gisarioen·

283 2005 554 2064 Reconciliationetn
568 2004 683 2064 neberti
698 2006 830 2078 magistri
844 2005 880 2062 de
895 2007 1078 2064 8100101101·-
1136 2011 1298 2082 ecclesias,
1311 2011 1458 2089 ipsorum
1472 2009 1650 2088 praeposito
1661 2008 1765 2072 rebus
1778 2008 1936 2070 humanis

362 2107 448 2150 mano
463 2108 527 2152 cum
543 2094 671 2151 Ecclesia
683 2096 811 2152 Romana
827 2093 1001 2152 manifestat.
1135 2109 1348 2186 010meoe
1366 2109 1408 2170 aa
1427 2108 1679 2186 ppaepospturam
1700 2106 1858 2185 ejusdem
1881 2122 1935 2167 00.

321 2211 500 2282 Honorius,
530 2212 605 2282 010,
633 2211 763 2272 dilectis
797 2211 875 2274 tiliis
913 2212 1080 2273 universis
1135 2207 1246 2268 olesiae
1258 2207 1460 2269 unanimiter
1471 2207 1504 2268 01
1519 2201 1728 2268 concorditer
1737 2203 1932 2280 elegissent

283 2306 405 2369 Christi
425 2306 590 2380 fidelibus,
607 2308 647 2369 ad
673 2325 755 2386 quos
770 2309 890 2370 litterae
911 2309 984 2371 istae
999 2325 1079 2386 per·
1135 2305 1275 2366 necdum
1289 2304 1367 2366 huic
1380 2303 1534 2366 electioni
1547 2318 1720 2365 assensum
1734 2302 1935 2379 praestiteris

286 2405 451 2468 00000101.
1135 2419 1178 2464 ex
1200 2402 1456 2476 0001111010,οἀ
1477 2401 1561 2466 talia
1583 2403 1617 2463 10
1640 2416 1799 2462 asserens
1826 2402 1935 2462 minus

325 2501 426 2564 Sedes
445 2503 646 2580 Apostolica,
673 2519 746 2580 000
762 2502 914 2580 superbis
941 2503 1078 2576 resistit,
1135 2500 1271 2576 dignum
1295 2515 1356 2562 nec
1376 2499 1545 2562 sufficiens
1565 2500 1607 2562 ad
1623 2499 1726 2560 solius
1749 2513 1858 2560 onera
1879 2515 1936 2560 sa-

283 2599 465 2660 bumilibus
500 2601 610 2661 autem
649 2600 705 2662 dat
736 2602 894 2676 gratiam,
922 2605 1080 2678 tanquam
1136 2599 1271 2670 cristiae,
1287 2598 1351 2676 ipsi
1363 2598 1498 2659 tandem
1512 2613 1572 2676 per
1594 2613 1672 2658 suas
1688 2595 1788 2657 nobis
1804 2595 1934 2658 litteras

286 2711 365 2758 arca
385 2697 519 2758 foederis
533 2699 662 2772 virgam
682 2699 898 2760 correctionis
913 2701 946 2760 et
958 2713 1080 2760 manna
1136 2696 1364 2772 supplicarint,
1387 2696 1424 2757 ut
1444 2697 1476 2756 te
1494 2695 1537 2756 ad
1557 2693 1786 2772 recipiendum
1806 2710 1937 2770 praepo·

285 2793 470 2854 dulcedinis
485 2793 520 2854 in
536 2810 571 2854 se
585 2796 672 2870 ipsa,
690 2794 810 2871 quibus
825 2797 865 2857 ad
883 2797 982 2867 illios,
999 2812 1081 2872 quos
1136 2794 1273 2854 situram
1295 2793 1427 2854 tandem
1449 2792 1608 2854 inducere
1630 2791 1863 2867 dignaremur,
1880 2807 1937 2866 ge-

284 2890 415 2952 0100000
427 2890 547 2966 diligit,
564 2907 699 2952 manum
715 2907 783 2953 suae
801 2893 1004 2954 visitationis
1018 2907 1081 2956 ex·
1136 2891 1261 2952 neralis
1288 2890 1427 2950 Concilii
1456 2889 1673 2968 temperando
1707 2887 1875 2964 rigorem,
1903 2892 1936 2950 01

284 2988 400 3059 tendit,
417 2988 502 3049 colla
526 2989 646 3065 premit
669 2989 794 3052 virtute
810 2991 945 3068 propria
964 3007 1082 3068 super-
1137 2987 1684 3050 0011000011ὴί110001010110001000
1695 3001 1797 3062 quam
1809 2986 1936 3048 inbias-

282 3084 412 3158 borum,
428 3087 461 3148 et
483 3087 524 3146 ad
541 3087 648 3163 ipsam
672 3087 788 3150 devote
808 3087 1022 3150 redeuntibus
1045 3105 1081 3150 00
1137 3085 1385 3147 sitiemobtines
1396 3086 1538 3146 ecclesia
1549 3069 1748 3156 sacristiam,
1761 3085 1934 3146 credentes

283 3185 490 3254 convertens,
501 3183 736 3260 poenitentibus
752 3187 850 3248 corde
862 3202 944 3263 puro
955 3187 1083 3247 miseri·
1136 3185 1257 3246 statum
1272 3199 1383 3245 rerum
1408 3182 1559 3246 ecclesiae
1581 3183 1680 3260 longo
1698 3185 1853 3259 tempore
1867 3185 1933 3259 jam

283 3281 406 3344 cordiae
423 3281 533 3342 sinum
552 3282 676 3358 pandit.
693 3283 785 3343 Licet
805 3284 906 3358 igitur
923 3283 1082 3360 magister
1136 3282 1319 3359 collapsum
1341 3296 1407 3343 non
1426 3297 1534 3360 posse,
1550 3281 1635 3343 sicut
1655 3295 1715 3357 per
1729 3281 1764 3342 te
1782 3280 1932 3358 reparari

285 3378 447 3441 Robertus
460 3377 500 3439 de
514 3379 635 3441 Sancto
648 3383 812 3441 Germano
830 3381 916 3442 lator
929 3397 1080 3459 praesen·
1136 3379 1307 3457 paralium
1322 3380 1469 3456 regionis
1483 3377 1932 3451 111100,001000111001000110

283 3477 366 3538 tium
395 3491 559 3552 supereo
585 3476 764 3553 plurimum
788 3479 973 3540 excessisse
998 3495 1080 3541 nos·
1136 3477 1408 3554 oppressionibus
1437 3493 1520 3554 quas
1546 3476 1738 3554 frequenter
1771 3478 1933 3538 sustinent

283 3576 388 3645 catur,
400 3573 485 3652 quod
499 3575 614 3636 contra
629 3575 804 3637 ecclesiam
815 3575 967 3638 aculeum
977 3577 1082 3638 rebel·
1136 3574 1276 3656 obviari,
1291 3575 1505 3652 proponendo
1517 3575 1658 3636 01100010
1670 3574 1930 3636 concanonicum

274 3673 384 3735 lionis
398 3672 516 3741 erexit,
532 3687 598 3734 000
613 3674 681 3734 tam
703 3676 802 3734 Petro
815 3689 914 3751 quam
929 3677 1031 3751 petrae
1047 3675 1081 3735 in
1136 3687 1210 3733 esse
1225 3671 1385 3750 ipsorum,
1407 3687 1446 3732 ac
1469 3672 1578 3733 010000
1599 3673 1776 3748 00100100,
1803 3671 1930 3732 discre-

284 3783 347 3846 qua
359 3769 391 3830 et
406 3783 574 3844 perquam
586 3769 736 3845 ejusdem
752 3769 903 3831 ecclesiae
919 3770 1081 3832 mirabilis
1135 3772 1216 3841 tum,
1233 3773 1266 3832 et
1278 3769 1461 3846 providum,
1479 3770 1512 3832 et
1532 3769 1567 3830 in
1587 3771 1726 3850 utroque
1742 3771 1823 3846 jnre
1839 3769 1930 3846 peri-

284 3865 450 3926 structura
462 3867 634 3942 consurgit
646 3867 835 3929 contumaci
852 3870 961 3930 mente
974 3869 1081 3930 resis-
1134 3870 1215 3938 tum,
1226 3883 1286 3944 000
1297 3867 1504 3944 quammulta
1517 3867 1599 3944 ipsis
1609 3868 1644 3929 et
1656 3882 1772 3928 eorum
1782 3867 1930 3928 ecclesia

282 3963 376 4035 1000,
405 3964 540 4040 propter
569 3964 654 4042 quod
691 3967 945 4041 aggravavimus
981 3982 1081 4044 00000
1135 3965 1276 4026 credunt
1303 3964 1423 4026 debere
1445 3965 1615 4026 commoda
1635 3965 1828 4042 provenire.
1852 3963 1930 4034 Quia

283 4060 392 4135 ipsum
404 4060 763 4136 multiplicitermanus
775 4064 1081 4135 nostras,etfaciem
1135 4077 1215 4124 vero
1228 4063 1383 4124 sacristia
1397 4063 1431 4124 01
1451 4063 1671 4140 praepositura
1688 4061 1859 4139 praedictae
1874 4079 1930 4123 cu-

285 4160 357 4234 0100
378 4158 591 4234 implevimus
615 4160 810 4234 ignominia,
836 4163 940 4224 01010
965 4163 1081 4224 saltem
1136 4175 1206 4222 ram
1220 4159 1928 4238 0001000001,0100100000100000010000000,

285 4255 321 4316 in
343 4254 513 4332 Babylone
538 4259 675 4318 curatus
690 4260 856 4334 quaereret
870 4275 988 4322 nomen
1003 4277 1083 4322 nos·
1137 4274 1248 4336 quum,
1264 4258 1298 4321 et
1319 4258 1499 4319 secundum
1523 4258 1630 4336 ipsius
1654 4260 1777 4320 statuta
1800 4257 1930 4320 00001111

284 4355 388 4428 10000
406 4353 485 4430 quia
500 4355 612 4419 tamen
627 4355 662 4415 in
682 4355 802 4431 spiritu
821 4357 1019 4420 humilitatis
1040 4358 1081 4419 ad
1136 4357 1226 4418 circa
1247 4357 1343 4428 tales,
1370 4355 1426 4434 qui
1451 4356 1633 4435 majoribus
1659 4359 1738 4418 sunt
1761 4355 1931 4418 beneficiis

285 4451 536 4528 percutiendum
552 4468 587 4513 se
598 4453 770 4528 postmodo
782 4456 834 4516 001
843 4471 1011 4528 reversus,
1021 4471 1082 4516 nos
1137 4453 1323 4516 honorandi
1332 4456 1444 4516 valeat
1457 4469 1516 4532 per
1532 4455 1650 4517 sedem
1660 4454 1886 4532 apostolicam
1899 4455 1931 4514 01

285 4549 377 4610 111100
390 4551 545 4624 gerentes
555 4551 646 4612 01000
656 4551 693 4614 10
705 4551 804 4614 terris
818 4552 1081 4630 quipraestabilis
1137 4554 1232 4629 plura
1248 4553 1419 4615 obtineant
1439 4552 1600 4614 beneficia
1616 4567 1731 4614 curam
1746 4553 1930 4614 animarum

286 4663 386 4724 00000
410 4648 537 4710 malitia
563 4649 722 4724 pariendo
749 4651 894 4712 maxime
919 4667 960 4712 ac
980 4652 1083 4712 misa-
1137 4649 1304 4724 babentia,
1326 4667 1426 4728 quum
1453 4651 1539 4712 ratic
1564 4650 1710 4727 postulat
1730 4650 1928 4727 dispensari.

286 4745 388 4806 rendo
403 4761 498 4806 suam
520 4747 794 4823 omnipotentiam
811 4748 1010 4820 manifestat,
1027 4750 1080 4810 ei·
1136 4751 1206 4810 Nos
1228 4748 1537 4826 ejusdamecclesiae
1564 4747 1764 4810 necessitate
1783 4752 1927 4825 pensata,

286 4843 359 4902 dem
375 4841 442 4902 tam
456 4859 515 4919 per
528 4859 574 4916 se,
586 4861 684 4920 quam
700 4861 760 4922 per
772 4845 901 4908 litteras
916 4839 1087 4908 carissimi
1136 4861 1197 4908 000
1213 4861 1280 4907 000
1299 4847 1365 4907 tuae
1378 4845 1554 4922 probitatis
1579 4844 1726 4918 obtentu,
1743 4847 1786 4908 dc
1795 4847 1928 4925 speciali

285 4939 320 5000 in
343 4938 474 5001 Christo
503 4941 564 5002 dlii
586 4943 674 5017 regis
699 4945 903 5006 Francorum
927 4945 1078 5016 illustris,
1136 4942 1927 5021 gratiaiibi,quemcredimusmajcribusdignum

277 5036 463 5102 ,0100001100
474 5053 555 5113 quos
570 5038 611 5100 ad
627 5039 973 5117 SedemApostolicam
988 5057 1082 5120 prop-
1135 5042 1357 5114 concedimus,
1366 5045 1403 5104 01
1411 5042 1598 5103 sacristiam
1611 5042 1787 5104 retinendo
1797 5043 1927 5119 00000110-

273 5138 337 5200 ,100
351 5134 414 5208 boc
429 5133 549 5196 nobilis
573 5135 626 5196 010
640 5137 826 5202 Ludovicus
842 5140 1081 5215 primogenitus
1134 5141 1213 5213 tam,
1234 5140 1488 5217 praeposituram
1514 5139 1664 5201 eamdem
1687 5138 1793 5201 libere
1815 5155 1926 5200 conse-

272 5235 357 5311 ,eius
366 5231 562 5304 transmisit,
574 5232 758 5309 adjanuam
767 5236 992 5298 miserationis
1002 5251 1082 5298 nos·
1136 5239 1266 5316 quaris,
1291 5236 1447 5299 nolentes»
1472 5239 1505 5299 te
1531 5236 1675 5313 amplius
1703 5236 1926 5313 subterfugere

277 5332 345 5397 trae
358 5330 504 5407 pulsanti
513 5347 579 5392 non
590 5331 1081 5412 potuimus‚quantumcumque
1136 5337 1312 5413 quominus
1333 5335 1482 5397 eamdem
1505 5335 1759 5412 praeposituram
1775 5337 1923 5412 recipies,

285 5429 404 5487 meritc
429 5428 607 5488 fuissemus
634 5429 794 5490 adversus
817 5447 891 5492 eum
913 5433 1078 5504 commoti,
1136 5435 1169 5496 et
1182 5449 1266 5495 onus
1281 5432 1401 5494 subeas
1414 5433 1450 5494 in
1469 5432 1606 5518 11001101
1625 5447 1705 5494 casu
1722 5433 1923 5494 necessitatis

277 5523 523 5592 ,misericordiae
549 5525 674 5588 aditum
699 5526 874 5602 denegare,
892 5529 949 5590 sed
971 5531 1080 5606 potius
1135 5531 1331 5609 injunctum.
1357 5531 1476 5592 Datum
1512 5533 1625 5592 Romae
1657 5530 1744 5606 apud
1774 5531 1920 5592 Sanctum

286 5621 1081 5704 000001000001010110010000110001001000100-
1136 5630 1270 5691 Petrum
1299 5631 1374 5690 XIV
1401 5627 1562 5690 kalendas
1569 5629 1658 5706 junii
1671 5644 1760 5690 anne
1772 5627 1919 5690 secundo.
