4082 6342
114 1 297 20 -.-.ηι-·Π“““’“ι
313 1 318 3 “
324 1 330 4 ”

169 249 226 310 cat
803 246 1135 309 nonsummum.
1160 248 1185 306 3.
1720 227 1723 234 ’
1760 248 1828 308 me

169 406 842 486 monachos,episcoptsautepiscoporum
856 407 969 468 minis·
1022 404 1180 470 debemus
1199 405 1365 484 operibus,
1387 405 1437 470 sic
1451 403 1552 470 etiam
1573 421 1736 470 summam
1761 421 1825 468 ou·

169 507 231 572 tris
269 505 489 585 permittimus
521 505 724 570 facultatem.
763 505 991 570 33313311313
1022 520 1094 568 ram
1117 504 1276 568 adhibere
1299 505 1454 568 convenit
1472 520 1515 568 ne
1533 503 1619 582 quob
1640 503 1682 566 ab
1702 503 1821 582 313313

169 606 270 668 etiam
287 603 475 682 Apostolica
495 604 589 666 vobis
609 605 764 667 duximus
786 603 967 680 indulgen·
1022 603 1123 666 fuerit
1147 604 1339 682 provisione
1363 605 1542 676 statutum,
1583 602 1698 676 nobis,
1733 601 1820 679 quod

169 703 260 772 dum,
291 703 325 766 ut
348 702 481 764 nonnisi
507 702 615 780 legato
643 719 663 764 a
696 704 800 764 latere
827 702 968 766 Romani
1023 699 1820 779 avertatDominus,negligentibus,quorumdam

167 800 342 864 Pontissois
362 800 541 871 destinato,
566 800 742 877 legationis
766 800 900 863 obtentu
918 800 969 861 te·
1022 800 1132 863 331331
1160 801 1394 878 impulsatione
1419 799 1558 862 turbari.
1590 801 1636 860 Ea
1667 799 1819 876 propter,

169 899 319 962 neamini
341 897 552 976 respondere.
577 901 683 960 Porro
703 901 769 962 tam
789 898 849 960 tibi
871 913 967 976 quam
1022 899 1135 960 dilecti
1157 899 1192 960 in
1214 899 1354 960 Domino
1369 899 1442 970 filii,
1467 897 1667 960 decisionem
1683 899 1820 959 contro-

168 998 238 1060 tuis
254 995 502 1058 successoribus
521 996 689 1060 licentiam
709 996 918 1074 indulgemus
933 996 967 1058 in
1022 996 1141 1058 uersiae
1161 997 1342 1074 quainter
1364 995 1604 1058 monasterium
1622 996 1768 1058 vestrum
1789 995 1822 1056 31

167 1093 381 1173 gravioribus
413 1094 556 1170 negotiis
591 1094 710 1156 Sedent
745 1094 967 1173 Apostolicam
1023 1095 1169 1166 Petrum,
1196 1095 1361 1172 quondam
1384 1095 1636 1156 Cluniacensem
1657 1092 1819 1165 abbatem,

168 1193 351 1270 appellare,
362 1192 638 1270 necappellantes
651 1191 967 1270 antenegotiiilnem
1023 1209 1082 1272 333
1107 1191 1312 1271 subjectione
1334 1208 1434 1270 quam
1462 1191 1550 1254 idem
1574 1190 1676 1252 abbas
1696 1189 1760 1252 sibi
1785 1190 1821 1252 13

168 1289 967 1370 1333133113333113331,333133333331333113313
1023 1292 1135 1354 vestro
1159 1292 1364 1354 monasterio
1384 1289 1586 1360 vindicabat,
1607 1288 1823 1366 quemadm0÷
1928 1349 1940 1370 ,

169 1391 297 1450 sanctae
308 1387 480 1464 religionis
488 1387 606 1450 3133113
617 1387 720 1465 quieti
731 1404 770 1450 33
779 1388 886 1450 seduli
894 1403 968 1466 per·
1023 1389 1131 1454 duma
1145 1388 1254 1450 felicis
1266 1389 1436 1451 memoriae
1451 1387 1694 1466 praedecessore
1709 1386 1822 1448 nostro

168 1502 307 1548 manere
318 1486 465 1564 possitis.
482 1488 563 1547 Cum
577 1489 687 1548 autem
698 1487 854 1564 generale
865 1487 967 1550 inter·
1023 1487 1217 1552 Innocentio
1232 1503 1318 1566 papa
1342 1487 1498 1558 3333333,
1515 1484 1738 1561 fratribusque
1754 1483 1823 1544 suis

168 1584 307 1656 dictum,
330 1585 405 1656 313,
426 1599 532 1658 usquc
556 1583 735 1658 celebrare.
757 1585 968 1662 ,Sepulturam
1023 1585 1242 1664 praesentibus
1258 1589 1291 1647 et
1305 1584 1584 1656 collaudantibus,
1602 1583 1691 1644 lacta
1707 1583 1768 1654 est,
1791 1583 1825 1643 et

168 1698 312 1760 quoque,
329 1682 404 1753 313,
421 1697 528 1756 usque
544 1683 768 1744 assumuntur.
784 1682 968 1746 Libertates
1023 1684 1137 1762 scripti
1152 1683 1204 1745 sui
1212 1682 1396 1744 munimine
1406 1682 1572 1754 roborata,
1582 1681 1751 1742 imitantes
1759 1679 1823 1757 piae

167 1781 319 1858 insuper,
332 1780 522 1856 dignitates,
536 1781 568 1843 31
577 1781 803 1843 immunitates
818 1797 969 1860 asupra-
1022 1782 1265 1844 recordationis
1308 1781 1591 1859 praedecessorum
1634 1779 1823 1840 nostrorum

169 1878 269 1940 dictis
296 1878 595 1955 praedecessoribus
617 1879 740 1942 nostris
764 1879 966 1942 monasterio
1023 1878 1491 1956 Eugenii,Alexandri,Lucii,
1503 1877 1691 1949 Clementis,
1704 1875 1824 1938 (133133-

166 1977 281 2038 vestro
301 1992 477 2038 concessas
487 1992 549 2039 nec
564 1993 630 2040 non
644 1979 799 2056 antiquas
812 1977 844 2038 31
857 1977 966 2039 ratio·
1022 1978 1085 2042 tini
1094 1979 1126 2040 et
1137 1979 1323 2040 innocentii
1337 1977 1429 2040 tertii
1444 1975 1641 2040 Pontificum
1657 1978 1825 2036 Romano-

168 2073 301 2136 nabiles
314 2075 572 2136 consuetudines
592 2074 753 2137 hactenus
775 2074 967 2137 observatas
1022 2093 1096 2138 rum
1111 2076 1266 2154 uestigia,
1283 2076 1482 2138 auctoritate
1498 2073 1686 2151 3333131133
1702 2072 1826 2134 333113-

167 2173 263 2234 ratas
287 2171 459 2244 habemus,
485 2172 519 2233 et
544 2188 601 2234 333
622 2172 743 2236 1313313
763 2172 967 2250 temporibus
1023 2191 1151 2236 mamus
1185 2176 1218 2236 et
1251 2176 1359 2238 ratam
1393 2187 1589 2250 permanere
1621 2187 1821 2234 censemus:

169 2269 317 2333 illibatas
344 2285 417 2332 esse
443 2271 623 2331 sancimus.
653 2270 801 2332 Obeunte
824 2287 904 2332 vero
922 2272 966 2342 13,
1023 2271 1210 2349 privilegiis
1226 2272 1337 2349 itaque
1352 2269 1620 2333 Cluniacensium
1636 2284 1709 2346 quae
1722 2283 1824 2344 super

168 2369 247 2440 313,
270 2382 377 2442 usque
401 2367 601 2446 eligendum.
625 2369 757 2430 Electus
781 2369 889 2430 autem
914 2369 967 2430 331
1023 2370 1087 2432 hoc
1099 2386 1135 2432 se
1148 2369 1271 2430 habere
1287 2368 1328 2430 ab
1345 2367 1536 2445 apostoliea
1557 2366 1640 2428 8333
1658 2365 1823 2436 dicebant,

170 2483 190 2528 3
204 2469 355 2528 Romano
368 2465 539 2539 Pontifice,
556 2466 607 2528 331
623 2482 642 2527 3
656 2482 720 2544 quo
737 2466 893 2528 maluerit
907 2482 968 2528 ca-
1023 2467 1064 2530 ab
1080 2465 1194 2530 eodem
1219 2467 1413 2544 1333333113
1433 2465 1589 2537 3333333,
1605 2463 1737 2542 justitia
1752 2463 1825 2524 dic-

169 2563 296 2628 tbolico
311 2563 467 2642 episcopo
482 2579 602 2624 munus
621 2563 861 2626 benedictionis
879 2564 970 2626 acci·
1022 2567 1125 2638 13313,
1149 2563 1302 2638 cassatis,
1330 2564 1371 2626 ad
1395 2562 1568 2640 exemplar
1590 2562 1824 2640 predictorum

170 2662 253 2740 piat.
268 2662 483 2724 Decernimus
498 2677 588 2737 ergo,
610 2662 685 2732 313,
701 2677 809 2736 usque
823 2661 971 2740 prolutu·
1024 2662 1502 2742 praedecessorumnostrorum
1510 2665 1733 2724 Romanorum
1741 2662 1826 2722 Pon·

170 2775 222 2820 33.
241 2759 443 2821 8313383313
456 2758 653 2836 Apostolicae
665 2759 872 2831 auctoritate,
887 2760 920 2821 31
934 2759 968 2820 13
1023 2762 1161 2835 11113313,
1178 2763 1246 2824 tam
1270 2777 1329 2824 vos
1344 2777 1442 2838 quam
1467 2775 1677 2822 successores
1694 2761 1824 2822 3331333

171 2856 342 2934 praedictis
358 2856 508 2918 ecclesiis
524 2856 786 2918 dioecesanorum
797 2857 970 2934 episcopo-
1024 2876 1166 2924 necnon
1189 2860 1222 2921 et
1236 2860 1343 2938 ipsum
1359 2857 1600 2920 monasterium
1616 2856 1729 2918 Sancti
1743 2859 1825 2918 Ber-

171 2970 247 3016 rum
271 2954 431 3015 canonica
451 2953 593 3030 jristitia.
617 2953 651 3014 81
675 2969 739 3030 qua
756 2953 869 3030 igitur,
891 2957 968 3026 etc,
1024 2959 1086 3022 tini
1123 2958 1165 3020 ab
1194 2957 1384 3036 hujusmodi
1410 2957 1468 3018 lite
1494 2958 1528 3019 31
1554 2955 1824 3017 cluniacensium

171 3067 281 3126 33333
292 3050 472 3129 subjaceat.
489 3051 622 3112 Cunctis
635 3051 757 3122 autem,
774 3051 849 3124 etc,
862 3065 969 3126 usqae
1025 3055 1231 3134 subjectione
1241 3054 1457 3116 absolvimus.
1468 3053 1622 3129 Idemque
1634 3051 1822 3114 coenobium

172 3150 357 3210 inveniant.
373 3152 488 3210 Amen.
1024 3154 1173 3216 libertati
1185 3153 1327 3230 propriae
1342 3152 1545 3222 restitutum,
1558 3151 1650 3212 33133
1661 3152 1738 3228 jnre
1748 3151 1822 3210 Mo-

212 3248 331 3310 Datum
339 3247 499 3322 Anagniae
512 3262 571 3323 per
578 3263 712 3308 manum
725 3247 861 3309 Ranerii
871 3261 970 3308 sanc-
1025 3253 1170 3314 rinensis
1182 3252 1331 3314 ecclesiae
1342 3251 1395 3312 331
1405 3250 1563 3327 episcopi,
1575 3248 1634 3310 sub
1646 3247 1750 3310 solius
1763 3251 1826 3310 113-

171 3346 214 3408 !ae
240 3344 579 3407 11011111111611111131
609 3344 889 3418 vicecancellarii,
915 3360 970 3406 10-
1025 3347 1643 3418 33333311331331333111333331131313,
1666 3347 1824 3422 perpetuo

171 3441 280 3503 cundo
296 3443 370 3503 idus
381 3441 470 3519 Julii,
483 3441 664 3503 1331311333
672 3441 804 3520 quinta,
817 3443 970 3504 1301111111·
1025 3464 1219 3527 permanere
1235 3447 1455 3509 decernimus.
1469 3445 1516 3508 Ad
1533 3443 1691 3506 indicium
1714 3445 1825 3506 autem

170 3539 275 3602 tionis
287 3540 468 3602 Dominicae
486 3555 574 3601 anno
589 3539 765 3603 millesimo
781 3539 970 3602 ducentesi-
1025 3547 1124 3626 hujus
1146 3547 1311 3624 perceptae
1335 3560 1355 3604 3
1382 3547 1530 3605 Romana
1551 3540 1701 3602 Ecclesia
1717 3540 1823 3602 liber-

171 3636 300 3698 18011110
325 3637 481 3714 81111111110,
508 3637 719 3714 pontificatus
740 3653 821 3700 vero
844 3635 970 3700 domini
1024 3644 1103 3705 13113
1112 3658 1212 3703 unam
1225 3641 1300 3702 3331
1316 3641 1446 3700 3331333
1461 3639 1559 3699 33313
1574 3637 1715 3712 singulis
1726 3639 1827 3700 nobis

171 3734 312 3798 Honorii
327 3751 422 3814 papae
437 3735 527 3797 tertii
543 3751 630 3796 anno
645 3735 764 3816 primo.
1025 3740 1214 3818 nostrisque
1240 3735 1487 3799 successoribus
1511 3733 1719 3812 persolvetis.
1744 3737 1825 3800 Sta-

492 3931 652 4020 CGCLX
1025 3839 1155 3902 tuentes
1175 3837 1211 3898 31
1229 3850 1452 3914 quascumque
1472 3833 1711 3912 possessiones,
1733 3851 1828 3913 quaa-

1026 3951 1165 4012 cumque
1175 3934 1261 3996 bona
1276 3933 1363 3995 idem
1377 3930 1615 3994 monasterium
1630 3930 1665 3990 in
1682 3947 1832 4009 praesen·

262 4086 496 4148 alne
677 4085 712 4145 s·
1026 4028 1833 4208 11133111.1133313331

473 4203 507 4264 ¹4
517 4204 581 4278 iulii
595 4205 673 4263 ¹²¹⁷·
1026 4245 1142 4308 regum
1157 4228 1209 4289 vel
1221 4227 1417 4305 principum,
1427 4224 1598 4288 oblatione
1611 4171 1762 4294 11331133]
1776 4251 1836 4296 333

314 4319 446 4386 [Analecta
457 4318 523 4384 juris
534 4318 668 4384 pontificii,
679 4333 747 4368 anno
758 4317 838 4384 111711]Ι

1027 4327 1103 4391 31113
1114 4328 1214 4406 justis
1235 4325 1342 4387 modis
1356 4324 1538 4402 praestante
1553 4325 1697 4388 Domino
1715 4335 1838 4408 poterit

173 4437 277 4500 loanni
287 4435 382 4494 abbati
397 4435 563 4494 monasterii
578 4435 607 4494 S.
623 4434 730 4494 bertini
744 4433 969 4492 3333333333-

209 4527 329 4586 tantiam
355 4525 515 4583 innocentii
543 4525 568 4583 ll
602 4539 653 4596 333
679 4524 856 4598 subjectione
886 4537 972 4596 quam

210 4617 311 4675 Petrus
334 4613 539 4675 cluniaciensis
562 4611 650 4671 abbas
670 4613 700 4670 in
721 4613 776 4670 boc
799 4613 972 4670 monasterio

209 4701 393 4774 vindicabot3
408 4702 551 4759 libertates
565 4709 594 4759 et
605 4701 755 4776 privilegia
772 4701 900 4775 ejusdem
916 4715 974 4758 mo·

210 4793 326 4852 nasterii
339 4791 531 4851 3331333131
545 4792 631 4848 etism
647 4790 811 4865 3333113331.

215 4918 382 4983 Honorius
396 4919 580 4996 episcopus,
592 4933 708 4980 servus
722 4917 970 4988 servorumDei,

177 5018 306 5082 dilectis
342 5016 420 5078 tiliis
452 5015 597 5078 Johanni
634 5015 745 5078 abbati
779 5014 973 5078 monasterii

178 5111 972 5193 sanctiaertintejusqnetratribustampresen-

177 5215 263 5280 tibus
283 5228 382 5290 quam
407 5211 528 5275 1313313
551 5212 739 5288 regularem
764 5211 866 5280 vitam
896 5223 975 5286 333-

179 5313 273 5376 tessis
289 5313 324 5372 in
344 5311 552 5389 perpetuum.

216 5414 252 5474 ln
281 5406 441 5470 eminenti
468 5407 562 5468 Sedis
590 5405 789 5484 apostolicae
818 5401 974 5482 specula,

181 5497 975 5582 licetimmeriti,disponenteDominoconstituti,

1027 4425 1179 4504 adipisci,
1205 4423 1299 4485 firma
1325 4420 1419 4483 vobis
1438 4421 1629 4500 vestrisque
1655 4441 1837 4494 successo-

1027 4523 1119 4587 ribus
1135 4523 1167 4586 et
1180 4520 1308 4584 illibata
1323 4517 1555 4596 permaneant.

1067 4619 1242 4698 inquibus
1264 4616 1336 4678 haec
1359 4613 1507 4690 propriis
1532 4615 1693 4682 duximus
1719 4627 1839 4703 exprq.

1027 4719 1145 4780 menda
1160 4712 1331 4776 vocabulis
1344 4733 1351 4771 :
1364 4713 1491 4774 Locum
1506 4712 1618 4790 ipsum
1633 4717 1845 4800 13333333-

1028 4815 1130 4878 iatum
1145 4808 1390 4872 monasterium
1404 4807 1509 4872 situm
1528 4812 1580 4874 est
1595 4829 1673 4876 cum
1688 4819 1844 4880 omnibus

1028 4905 1331 4991 3331133311133313.
1345 4906 1535 4970 Ecclesiam
1546 4908 1587 4970 de
1599 4913 1756 4976 Petressa
1769 4931 1848 4978 cum

1028 5004 1238 5088 pertinentiis
1255 5003 1338 5066 suis.
1357 5005 1545 5070 Ecclesiam
1565 5008 1607 5070 de
1632 5011 1750 5072 Kalais
1769 5027 1850 5073 cum

1029 5101 1166 5182 capellis
1192 5101 1276 5163 suis.
1298 5103 1488 5166 Ecclesiam
1507 5105 1621 5166 833311
1648 5107 1853 5170 willebrodi

1030 5204 1172 5263 333333
1192 5199 1305 5276 portu,
1330 5201 1464 5278 capella
1481 5203 1514 5264 et
1534 5202 1611 5262 aliis
1635 5202 1855 5276 pertinentiis

1030 5299 1112 5360 suis.
1134 5295 1323 5358 Ecclesiam
1341 5301 1457 5361 Sancti
1476 5297 1632 5360 Nicbolai
1647 5295 1688 5356 de
1708 5298 1855 5378 Baldge‚

1008 5365 1010 5370 Ι
1031 5394 1221 5457 Ecclesiam
1232 5396 1350 5458 833311
1361 5395 1530 5472 Eolquini.
1544 5391 1723 5452 Ecclesiam
1731 5395 1864 5477 Sancti

1033 5490 1182 5568 Georgii.
1202 5493 1391 5554 Ecclesiam
1407 5491 1448 5552 de
1467 5487 1644 5561 Brobborg.
1661 5489 1867 5582 Ecclesiam

183 5607 263 5672 sicut
278 5603 403 5668 imitari
415 5601 677 5679 praedecessores
689 5599 864 5664 333133313
880 5592 978 5658 bonis
1034 5589 1255 5650 decratrwtc
1269 5604 1347 5650 cum
1360 5583 1873 5682 333133133131113333113331113
