3988 6308
96 343 145 406 165

90 499 176 564 tolico
196 497 381 575 conspectui
395 500 651 578 praesentarent,
669 500 866 565 sententiam

91 597 263 674 recepturae.
294 596 475 673 Episcopus
506 597 539 660 et
570 597 670 659 abbas
704 599 864 676 praedicti,

91 696 163 756 sicut
175 692 306 772 praefato
326 693 561 770 praedecessori
584 697 704 760 nostro
719 697 789 764 suis
810 697 868 760 lit-

91 794 159 855 teris
191 790 398 863 intimarunt,
436 808 472 853 se
512 794 684 870 conjudice
719 795 866 871 ipsorum

90 890 262 959 excusante,
279 887 424 964 legitime
440 889 473 950 in
489 906 602 951 eorum
618 891 752 968 negotio
770 893 866 968 Juxta

90 987 212 1048 formam
232 985 294 1047 sibi
309 987 465 1048 traditam
486 989 712 1063 procedentes
730 990 770 1050 de
785 1006 868 1052 con-

88 1101 175 1146 sensu
209 1083 352 1160 partium
392 1086 588 1162 receperunt
623 1087 866 1148 sacramentum

89 1181 246 1243 calumniae
270 1180 311 1242 ab
336 1181 486 1259 utraque,
510 1182 543 1244 et
564 1181 661 1244 factis
684 1183 868 1260 interroga·

86 1279 215 1340 tionibus
239 1278 415 1353 diligenter
438 1279 471 1342 et
491 1280 614 1341 auditis
635 1282 866 1358 responsioni-

86 1376 154 1448 bus,
179 1376 210 1438 et
236 1376 380 1439 fideliter
408 1378 552 1440 redactis
584 1378 620 1440 in
648 1380 796 1457 scriptis,
826 1381 867 1442 ad

86 1475 292 1552 receptionem
315 1476 488 1554 utriusque
509 1476 613 1553 partis
634 1477 768 1539 testium
790 1495 869 1556 pro-

87 1573 253 1645 cesserunt,
268 1573 301 1634 et
315 1573 492 1650 diligenter
506 1574 742 1639 examinarunt
752 1591 869 1656 recep-

87 1671 138 1742 tos,
155 1686 291 1746 quorum
313 1670 534 1748 depositiones
555 1672 697 1734 fideliter
716 1673 867 1736 redactas

85 1767 251 1844 inscriptis
277 1785 352 1828 cum
376 1768 640 1830 confessionibus
656 1772 810 1848 partium,
827 1771 868 1833 de

85 1864 216 1942 ipsarum
229 1881 395 1926 consensu
414 1865 544 1928 clausas
560 1867 620 1928 sub
636 1868 756 1944 sigillis
773 1869 867 1946 ipso·

86 1977 148 2022 rum
179 1963 218 2023 ad
252 1963 372 2024 Sedem
397 1964 619 2041 apostolicam
646 1966 865 2040 destinarunt,

85 2059 328 2135 allegationibus
339 2060 427 2140 juris
451 2062 500 2122 eis
519 2061 554 2123 in
572 2063 677 2140 ipsius
690 2065 867 2142 praesentia

85 2156 265 2232 reservatis3
286 2158 420 2220 octavas
442 2157 530 2222 beati
551 2161 698 2234 Martini,
721 2164 868 2240 tempore

84 2253 221 2316 videlicet
244 2254 388 2316 concilii
410 2257 577 2332 generalis
602 2257 727 2319 eisdem
752 2261 870 2321 termi-

85 2367 149 2412 num
159 2353 379 2429 assignantes.
392 2355 545 2416 Partibus
556 2372 636 2432 ergo
650 2357 737 2433 apud
751 2358 868 2420 Sedem

84 2451 293 2524 apostolicam
306 2451 503 2524 constitutis,
519 2453 551 2515 et
572 2453 693 2516 dilecto
709 2454 777 2516 frlio
793 2472 867 2518 ma-

84 2546 171 2620 gistro
194 2551 269 2610 Gra.
307 2551 479 2628 capellano
503 2551 616 2612 nostro
646 2551 694 2613 eis
720 2551 760 2613 de
781 2569 870 2630 prae-

86 2644 158 2707 dicto
182 2649 432 2724 praedecessore
463 2650 575 2710 nostro
604 2650 755 2712 auditore
784 2667 868 2712 con-

85 2758 174 2816 cesse,
194 2745 423 2823 depositiones
447 2746 580 2810 fuerunt
603 2747 736 2809 testium
759 2749 869 2825 publi-

84 2843 168 2918 catae3
184 2844 310 2906 etcum
331 2845 464 2906 tandem
484 2861 561 2921 pars
585 2847 698 2908 Sancti
721 2846 870 2918 Quintini

83 2942 237 3015 aquadam
251 2943 522 3014 interlocutoria,
535 2959 633 3020 quam
646 2943 733 3004 idem
753 2944 868 3020 capel-

83 3033 165 3097 lanus
178 3055 277 3116 super
302 3055 341 3100 eo
364 3041 449 3117 quod
465 3041 538 3118 ipsa
549 3043 625 3118 jure
638 3041 777 3102 minoris
792 3058 870 3118 pos-

83 3133 188 3198 tularat
222 3136 362 3199 restitui
401 3137 442 3198 ad
477 3137 683 3215 probandum
721 3139 869 3200 eamdem

86 3232 241 3296 ecclesiam
265 3251 344 3296 csse
366 3235 615 3312 archiepiscopo
636 3240 771 3298 Remen.
791 3237 870 3298 sub-

82 3329 188 3402 J'ectam
196 3333 332 3406 tulerat,
350 3332 561 3410 appellasset,
578 3334 775 3410 saepedictus
788 3351 870 3412 prae·

87 3424 867 3510 decessorncster,auditishincindepropositis,

85 3527 215 3588 eamdem
231 3529 518 3590 interlocutoriam
530 3530 736 3606 approbavit,
750 3533 782 3593 et
794 3547 870 3592 cau·

86 3637 144 3683 sam
165 3613 271 3702 ipsam
301 3626 433 3688 arrectis
462 3627 539 3688 nus
573 3628 694 3690 nostris
719 3632 755 3689 r.
781 3628 868 3690 eitun

85 3721 182 3782 Sancti
208 3724 384 3786 Laurentii
412 3725 447 3784 in
476 3727 636 3798 Damaso,
665 3727 698 3787 et
722 3729 751 3787 J.
779 3724 869 3786 tituli

85 3817 198 3881 Sanctae
225 3822 361 3884 Sabinae
391 3821 593 3900 presbyteris
627 3823 866 3894 cardinalibus,

83 3916 267 3980 audiendam
288 3920 471 3995 commisit3
495 3921 613 3998 quibus
633 3923 707 3998 post
721 3921 868 3998 ejusdem

82 4015 327 4086 predecessoris
360 4018 466 4078 nostri
496 4018 684 4091 decessum,
713 4019 868 4096 quoniam

83 4113 868 4196 antenonprocesserantineadem,injunximus

83 4207 109 4268 et
128 4227 184 4272 nos
203 4214 282 4290 ipsi,
307 4214 345 4276 ut
365 4214 471 4290 ipsam
486 4215 649 4286 audirent,
667 4215 870 4276 discuterent

82 4305 256 4383 diligenter.
282 4311 351 4389 Ipsi
375 4327 454 4372 vero
475 4312 530 4372 via
551 4314 644 4389 regia
667 4313 702 4374 in
736 4313 868 4390 negotio

81 4409 307 4482 procedentes,
336 4409 369 4470 et
393 4420 505 4471 ¹causae
538 4411 656 4472 merita
691 4411 870 4488 prudenter

82 4506 308 4569 examinantes
321 4507 439 4584 ipsius,
457 4525 557 4585 quum
581 4508 621 4569 de
635 4509 705 4569 illis
729 4509 870 4570 fuissent

80 4600 274 4666 sufficienler
300 4605 466 4678 instructi,
494 4607 696 4668 assertiones
726 4608 869 4684 partium

81 4712 144 4759 cum
174 4703 443 4764 confessionibus
474 4705 507 4766 et
532 4703 781 4780 probationibus
812 4721 871 4766 ea-

80 4798 215 4860 rumdem
230 4801 332 4862 nobis
350 4801 445 4878 plene
460 4801 493 4862 et
512 4802 653 4864 fideliter
671 4804 867 4864 retulerunt.

80 4891 138 4954 lios
158 4897 262 4972 igitur
278 4915 340 4976 per
354 4899 484 4960 fidelem
506 4899 701 4961 relationem
723 4901 870 4977 ipsorum

79 4991 190 5056 auditis
211 4999 245 5058 et
261 4995 441 5058 intellectis
464 5013 536 5074 quae
556 4998 690 5060 fuerunt
703 4999 869 5059 hincinde

80 5094 236 5166 proposita
260 5095 304 5156 de
327 5096 493 5156 communi
514 5095 653 5156 fratrum
680 5097 870 5157 nostrorum

79 5190 207 5252 consilio
250 5193 507 5270 pronuntiamus
547 5193 653 5270 ipsam
695 5195 869 5255 ecclesiam

81 5283 180 5348 Sancti
200 5289 356 5361 Quintini
370 5291 429 5353 tibi
440 5294 517 5370 jure
537 5293 724 5354 dioecesano
740 5291 871 5370 subjec-

78 5379 145 5443 tam.
169 5389 206 5447 ln
226 5387 386 5468 civilibus
408 5391 518 5450 autem
536 5391 572 5450 tu
593 5391 629 5450 in
651 5390 791 5466 singulis
814 5407 871 5451 ca-

81 5481 196 5544 nonicis
232 5485 386 5562 ejusdem
421 5487 570 5550 ecclesiae
603 5489 870 5564 jurisdictionem

79 5591 136 5638 non
163 5581 305 5651 habeas,
335 5583 399 5645 nisi
425 5585 590 5646 mediante
616 5585 752 5647 decano.
779 5586 870 5646 Nulli

80 5687 161 5750 ergo,
183 5681 260 5756 etc,
286 5681 411 5744 nostrae
441 5681 734 5760 pronuntiationis,
756 5685 818 5745 etc.
836 5683 870 5746 Si

699 341 930 404 EPISTOLAE.
954 343 1033 404 LIB.
1056 347 1081 406 1.

1657 364 1715 425 166

921 503 995 582 quis
1011 505 1131 578 autem,
1146 510 1209 569 etc.
1226 511 1343 573 Datum
1356 514 1524 589 Laterani,
1537 520 1566 580 ΙΙ
1581 517 1655 582 idus
1665 525 1717 600 ja·

921 601 1043 675 nuarii,
1058 604 1268 680 pontificatus
1283 611 1389 674 nostri
1404 629 1491 676 anno
1501 616 1619 691 primo.

960 755 1003 814 ln
1025 759 1182 817 cernentem
1194 759 1269 830 sere
1283 765 1423 824 rnodnm
1438 766 1598 845 Episcopo
1616 771 1718 832 Sues-

922 850 1070 914 sionensi
1092 857 1307 936 Longipontis
1322 863 1355 924 et
1370 865 1402 924 S.
1420 865 1563 942 Crispini
1583 867 1715 930 abbati-

921 948 994 1021 bus,
1012 952 1262 1018 Suessionensis
1286 959 1450 1035 dioecesiS,
1468 964 1504 1025 ut
1518 965 1716 1028 sententiam

922 1045 1092 1110 observari
1105 1051 1238 1116 faciant.

1240 1270 1410 1360 CXXXV

923 1469 1721 1558 AdRentcn.archiepiscopumetsteffrnqcneos

962 1567 1047 1638 ejus,
1063 1568 1255 1645 attrebatae,
1270 1578 1419 1649 priores,
1436 1580 1593 1651 decanea,
1607 1583 1722 1643 arciri-

962 1664 1131 1738 diaconos,
1160 1669 1194 1730 et
1217 1674 1302 1734 altos
1319 1678 1541 1737 ecclesiarum
1557 1680 1723 1750 praelatos

960 1777 1026 1836 per
1039 1765 1185 1827 Benace.
1194 1772 1411 1841 provinciana
1426 1774 1639 1838 eortstttutos.

1218 1901 1251 1958 lt
1267 1901 1328 1974 jan.
1341 1903 1420 1962 lert.

1009 2018 1142 2083 [Analecta
1152 2022 1362 2088 iurispontificii,
1375 2041 1435 2078 ann.
1449 2029 1519 2090 1875,
1533 2047 1558 2096 p.
1570 2031 1637 2097 ora]

922 2133 1145 2211 Arcbieplscopo
1160 2143 1305 2213 ilamensi,
1319 2151 1347 2201 et
1359 2145 1550 2220 suffraganeis
1564 2148 1636 2222 ejus,
1650 2156 1720 2218 etc,

959 2226 1095 2299 praecipit,
1107 2235 1138 2286 ut
1152 2230 1215 2288 illos
1228 2232 1275 2304 qui
1292 2236 1489 2304 possessiones
1504 2244 1532 2294 et
1546 2253 1592 2294 res
1612 2237 1723 2296 abbatis

959 2318 1113 2378 etfralrnm
1123 2321 1724 2394 11166616116616666116166.6111616166-

958 2410 1085 2468 batensis
1101 2408 1247 2479 dioecesis,
1262 2411 1450 2468 irreverenter
1466 2413 1632 2483 invaserint,
1653 2421 1720 2485 etc,

958 2499 1263 2558 excommunicationis
1278 2501 1418 2558 sententia
1434 2503 1598 2573 percellant,
1615 2511 1669 2560 otc.

963 2645 1141 2716 Honorius,
1175 2646 1249 2718 eta,
1282 2645 1528 2708 venerabilibus
1563 2647 1722 2714 fratribus

925 2745 1061 2804 Remen.
1078 2742 1328 2820 archiepiscopo
1347 2743 1380 2805 et
1399 2744 1620 2822 suffraganeis
1636 2751 1720 2826 ejus,

924 2841 956 2902 et
966 2841 1095 2902 dilectis
1105 2839 1375 2914 filiisabbatibus,
1385 2842 1563 2918 prioribus,
1574 2844 1720 2920 decanis,

924 2939 1169 2999 archidiaconis
1189 2938 1222 3000 et
1245 2939 1321 3000 aliis
1345 2940 1560 3002 ecclesiarum
1575 2945 1722 3020 praelatis

924 3039 1131 3113 peritomen.
1146 3036 1353 3112 provinciam
1366 3039 1565 3112 constitutis,
1578 3041 1640 3103 etc.

964 3133 1039 3196 Non
1054 3133 1178 3211 absque
1194 3133 1307 3198 dolore
1323 3135 1432 3196 cordis
1447 3137 1479 3198 et
1491 3137 1634 3214 plurima
1648 3139 1723 3202 tur-

923 3230 1056 3294 batione
1085 3231 1276 3305 didicimus,
1304 3232 1389 3311 quod
1416 3235 1463 3296 ita
1491 3235 1525 3296 in
1555 3236 1722 3315 plerisque

924 3330 1072 3408 partibus
1098 3330 1325 3393 ecclesiastica
1351 3348 1492 3394 censure
1518 3333 1721 3398 dissolvatur

924 3427 956 3491 et
978 3428 1146 3490 canonicae
1160 3431 1332 3491 sententiae
1351 3431 1511 3493 severitas
1531 3435 1718 3508 enervetur,

924 3527 960 3588 ut
971 3526 1035 3588 viri
1054 3527 1215 3603 religiosi,
1230 3527 1311 3588 ethi
1325 3529 1469 3590 maxime
1485 3530 1541 3606 qui
1553 3547 1613 3606 per
1626 3532 1721 3593 Sedis

923 3625 1121 3702 Apostolicae
1154 3625 1330 3701 privilegia
1358 3627 1478 3702 majori
1505 3627 1618 3689 donati
1644 3631 1722 3691 suut

924 3723 1086 3794 libertate,
1108 3722 1231 3798 passim
1246 3737 1266 3782 a
1280 3721 1549 3784 malefactoribus
1574 3726 1643 3786 suis
1666 3725 1721 3786 in-

919 3819 1027 3896 jurias
1054 3819 1239 3880 sustineant
1252 3819 1285 3880 et
1299 3821 1445 3896 rapinae,
1462 3821 1540 3882 dum
1554 3822 1612 3884 vix
1626 3823 1721 3884 inve-

924 3917 1077 3996 niturqui
1086 3917 1307 3992 congruaillis
1318 3918 1521 3994 protectione
1533 3921 1718 3996 subveniat,

924 4017 1027 4094 etupro
1043 4015 1183 4078 fovenda
1198 4031 1380 4093 pauperum
1395 4017 1584 4080 innocentia
1600 4036 1635 4080 se
1651 4037 1721 4082 mu·

924 4130 997 4175 rum
1010 4113 1211 4176 defensionis
1227 4114 1381 4192 opponat.
1401 4116 1597 4192 Specialiter
1610 4119 1720 4180 autem

924 4211 1036 4274 dilecti
1059 4212 1120 4272 filii
1144 4211 1245 4273 abbas
1269 4214 1301 4275 et
1320 4212 1444 4276 fratres
1465 4215 1614 4278 Viconiae
1637 4221 1722 4279 Pre-

924 4310 1139 4372 monstraten.
1167 4311 1304 4384 ordinis,
1332 4312 1521 4375 Atrebaten.
1552 4315 1716 4389 dioecesis,

924 4410 991 4472 tam
1013 4409 1052 4470 de
1071 4408 1298 4488 frequentibus
1319 4411 1454 4488 injuriis
1476 4413 1630 4488 quamde
1647 4415 1719 4490 ipso

925 4506 1117 4585 quotidiano
1142 4506 1270 4569 defectu
1298 4508 1438 4584 justitiae
1469 4513 1719 4588 conquerentes,

924 4604 1174 4666 universitatem
1213 4605 1358 4666 vestram
1395 4604 1514 4666 litteris
1554 4609 1722 4684 petierunt

924 4702 1115 4780 apostolicis
1138 4701 1344 4772 excitarint
1365 4703 1413 4764 ita
1436 4703 1591 4766 videlicet
1614 4707 1720 4767 eisin

924 4800 1194 4864 tribulationibus
1229 4801 1299 4861 suis
1335 4803 1450 4863 contra
1490 4803 1721 4867 malefactores

926 4915 1040 4960 eorum
1075 4897 1226 4975 prompta
1266 4897 1411 4959 debeatis
1449 4903 1721 4976 magnanimitate

925 5012 1137 5072 consurgere,
1154 4996 1241 5073 quod
1261 4995 1301 5057 ab
1323 4999 1486 5073 augustiis
1511 5017 1592 5076 quas
1616 5002 1721 5064 susti-

925 5095 1004 5158 nent
1030 5095 1064 5156 et
1084 5093 1250 5172 pressuris
1277 5096 1387 5157 vestro
1413 5096 1542 5172 possint
1566 5100 1722 5176 praesidio

924 5193 1102 5270 respirare.
1130 5193 1271 5270 ideoque
1298 5193 1508 5256 universitati
1523 5198 1643 5258 vestrae
1663 5214 1724 5276 par

925 5289 1107 5368 apostolica
1122 5290 1245 5368 scripta
1267 5291 1461 5352 mandamus
1477 5293 1575 5371 atque
1599 5296 1722 5372 praeci-

925 5389 1043 5466 pimus
1070 5389 1233 5466 quatenus
1253 5389 1328 5450 illos
1349 5391 1405 5466 qui
1425 5391 1655 5468 possessiones
1670 5394 1724 5455 vel

924 5504 978 5550 res
994 5504 1053 5548 seu
1073 5488 1186 5550 domos
1199 5487 1432 5564 praedictorum
1447 5488 1585 5550 fratrum
1599 5492 1651 5553 vel
1668 5492 1726 5554 ho-

925 5587 1050 5648 minum
1066 5604 1201 5648 suorum
1217 5586 1442 5649 irreverenter
1454 5587 1650 5661 invaserint,
1668 5591 1726 5652 aut

926 5701 964 5748 ea
981 5685 1102 5764 injuste
1116 5685 1321 5748 detinuerint
1342 5701 1415 5762 quae
1433 5685 1598 5763 praedictis
1611 5686 1726 5750 fratri-
