3994 6326
224 207 284 266 ult>
843 205 1017 270 Hoxottll
1041 205 1085 265 111
1108 205 1255 267 OPERA.
1813 209 1863 270 ott

225 363 391 428 mandatis
409 366 446 428 ut
461 363 567 427 eidem
586 365 764 426 comitissae
785 380 845 444 pro
861 363 930 428 tilio
946 381 1019 440 suc,
1075 365 1200 444 certos
1220 363 1345 426 eisdem
1361 363 1461 427 eliam
1487 365 1717 430 nihilomimus
1732 369 1863 430 nuncia-

225 465 398 528 etErardo
424 481 464 526 ac
492 463 553 526 Ph.
576 463 755 542 praedictis,
781 479 824 528 ex
847 465 941 543 parte
960 481 1020 527 sua
1075 465 1159 535 rent,
1183 463 1269 541 qnod
1296 464 1445 544 praedicti
1473 466 1648 543 episcopus
1674 467 1707 529 et
1737 465 1863 528 abbates

225 563 821 640 expressepraeciperentquatenus
848 563 1021 641 usquead
1076 563 1273 625 auctoritate
1317 563 1506 640 apostolica
1544 564 1865 626 excommunicarent

224 661 402 723 terminum
416 662 656 737 competentem
677 677 774 739 quem
785 661 848 739 ipsi
863 676 1020 739 peremp-
1076 675 1189 722 omnes
1199 661 1276 722 illos
1286 660 1343 738 qui
1356 661 1396 722 de
1411 661 1532 722 caetero
1551 663 1673 724 statum
1685 661 1787 724 terrae
1803 663 1865 724 tur-

224 759 348 821 torium
363 758 574 834 assignarent
584 758 720 830 eisdem,
738 775 797 836 per
821 775 856 820 se
875 759 928 820 vel
943 773 1022 837 pro-
1074 758 1192 820 barent
1205 759 1258 821 vel
1272 759 1485 822 immutarent
1496 759 1676 837 praedictae,
1692 776 1823 822 necnon
1838 765 1865 822 et

226 858 398 918 curatores
419 857 558 918 idoneos
573 857 762 935 apostolico
779 873 814 918 se
831 857 1021 934 conspectui
1075 853 1151 915 illos
1166 853 1222 932 qui
1233 854 1296 916 hoc
1312 857 1383 934 jam
1398 859 1682 934 praesumpserant
1694 856 1862 930 attentare,

225 956 476 1032 praesentarent,
491 955 537 1026 ut,
555 955 678 1017 auditis
705 956 739 1016 et
765 956 896 1032 plenius
918 955 1021 1017 intel·
1076 952 1142 1012 nisi
1175 952 1392 1014 emendarent
1425 954 1457 1015 id
1488 955 1521 1014 et
1549 955 1757 1030 corrigerent
1785 953 1864 1016 infra

225 1052 321 1114 lectis
336 1069 409 1130 quae
424 1053 533 1115 rorent
547 1053 626 1114 hinc
647 1053 724 1115 inde
738 1055 1021 1133 proposita,J·usto
1076 1065 1234 1112 mensem.
1251 1051 1343 1122 Quod
1363 1051 1393 1112 si
1415 1051 1541 1113 Erardo
1566 1051 1600 1115 et
1623 1051 1684 1113 Ph.
1704 1051 1866 1128 praedictis

228 1151 440 1212 declarentur
458 1149 504 1231 (l)
519 1151 647 1228 judicio
672 1153 780 1213 utrum
803 1152 875 1229 ipsa
895 1151 955 1212 Plr.
979 1167 1022 1212 ex
1076 1162 1134 1208 ore
1148 1147 1190 1208 ad
1206 1163 1242 1210 os
1255 1148 1346 1227 loqui
1362 1165 1427 1210 non
1439 1149 1666 1226 possent,tam
1678 1149 1864 1212 citationem

130 1241 136 1250 '
227 1248 346 1325 copula
362 1248 519 1326 praedicta
537 1250 690 1326 suscepta
709 1249 827 1310 debeat
848 1247 1021 1326 illegitima
1076 1260 1173 1322 quarn
1186 1246 1341 1322 praedicta
1355 1248 1466 1308 omnia
1474 1247 1641 1326 aliquibus
1651 1247 1863 1316 declararent,

224 1345 438 1422 reputari3et
455 1346 612 1423 quoniam
625 1346 848 1408 successionis
862 1362 963 1407 causa
979 1361 1021 1406 ex
1075 1342 1115 1404 de
1137 1343 1257 1420 quibus
1279 1345 1391 1422 posset
1414 1345 1571 1422 praesumi
1590 1345 1676 1423 quod
1692 1345 1819 1406 Erardo
1838 1347 1866 1406 et

225 1444 289 1504 ista
309 1443 481 1520 dependet,
505 1459 547 1504 ne
573 1444 657 1505 forte
678 1444 847 1520 negotium
862 1443 1020 1506 conlundi
1076 1441 1136 1502 Ph.
1150 1441 1298 1518 praelatis
1310 1458 1350 1504 ea
1361 1444 1522 1505 nunciare
1534 1443 1703 1515 deberent,
1720 1445 1753 1505 et
1767 1443 1864 1503 nihil-

227 1541 446 1616 contingeret,
461 1541 495 1602 in
504 1543 625 1603 statum
638 1542 672 1602 in
689 1557 754 1619 quo
765 1540 1021 1618 dignoscebatur
1076 1539 1206 1601 ominus
1226 1539 1261 1600 iu
1281 1540 1439 1616 parocbia
1458 1557 1523 1602 una
1545 1542 1597 1604 rel
1611 1541 1774 1618 pluribus,
1792 1559 1865 1618 quas

226 1639 305 1699 tunc
324 1654 409 1711 esse,
426 1639 549 1701 terram
566 1640 804 1702 conservarent
816 1639 1018 1717 praedictam3
1075 1639 1165 1716 ipsos
1190 1637 1415 1713 intelligerent
1439 1637 1662 1715 frequentare,
1689 1639 1866 1700 denuncia-

226 1736 456 1798 molestatores
480 1735 613 1798 interim
628 1753 687 1815 por
715 1752 889 1799 censuram
908 1737 1019 1798 eccle·
1075 1737 1150 1798 rent
1173 1735 1305 1812 publice
1326 1736 1380 1797 rel
1396 1735 1592 1798 denunciari
1607 1753 1681 1814 quae
1701 1737 1864 1814 praemissa

225 1833 407 1907 siasticam,
425 1834 646 1911 appellatione
661 1836 853 1913 postposita,
870 1851 1022 1913 compes-
1076 1835 1154 1895 sunt
1169 1833 1319 1895 lacerent
1330 1834 1487 1896 universa
1503 1830 1564 1912 (3).

225 1931 340 1994 cendo.
357 1935 491 2004 Verum,
517 1933 594 1994 licet
617 1932 682 2010 ipsi
701 1934 860 1996 citassent
874 1933 1018 2005 eosdem,
1116 1935 1221 1994 Porro
1245 1931 1311 1992 duo
1328 1931 1474 2004 illorum,
1491 1931 1646 1994 videlicet
1662 1932 1763 1994 Prior
1778 1928 1825 2010 (t)
1838 1933 1865 1993 et

224 2029 302 2106 quia
317 2032 428 2092 tamen
443 2030 576 2094 interim
601 2030 688 2092 idem
715 2031 940 2108 praedecessor
954 2031 1020 2092 mi·
1076 2033 1112 2091 l).
1130 2027 1192 2108 (5),
1206 2029 1305 2092 tertio
1321 2029 1448 2106 collega
1475 2031 1623 2107 ipsorum
1647 2030 1797 2106 legitime
1811 2045 1865 2090 ea-

224 2128 384 2202 gravitati
397 2129 632 2201 Dominum,ne
646 2129 713 2190 illis
722 2129 833 2207 eliqua
844 2145 1020 2207 superesse
1075 2128 1203 2200 cusato,
1218 2127 1385 2189 intellecto
1398 2127 1484 2205 quod
1496 2127 1596 2189 iidem
1609 2129 1756 2190 Erardus
1767 2129 1800 2190 et
1809 2128 1864 2188 Plr.

223 2224 395 2287 videretur
415 2226 557 2297 eccesie,
575 2242 636 2287 nos
653 2225 694 2287 ad
712 2227 876 2288 cautelam
894 2226 1020 2288 eisdem
1075 2225 1162 2302 apud
1186 2225 1345 2288 Noerium
1370 2225 1591 2297 morarentur,
1618 2226 1689 2287 illic
1711 2242 1866 2303 persona-

224 2323 379 2400 episcopo
392 2323 425 2385 et
439 2321 612 2385 abbatibus
627 2324 753 2385 nostris
768 2324 918 2386 dedimus
931 2323 1020 2386 litte-
1075 2324 1151 2386 liter
1165 2325 1378 2385 accesserunt
1393 2321 1452 2402 (6),
1467 2325 1499 2386 et
1512 2323 1633 2385 ibidem
1648 2324 1865 2386 invenientes.

223 2421 271 2481 ris
285 2420 321 2481 in
338 2420 503 2482 mandatis
518 2423 554 2482 ut
573 2422 742 2499 praedicta,
757 2423 852 2500 juxta
870 2423 1019 2500 ejusdem
1074 2421 1234 2484 Erardum
1246 2421 1364 2500 ipsum,
1377 2422 1489 2484 multis
1503 2421 1724 2494 adstantibus
1741 2422 1865 2500 publice

223 2518 481 2595 praedecessoris
496 2521 602 2580 nostri
615 2520 764 2582 mandati
779 2521 939 2594 tenorem,
957 2537 1018 2582 su·
1075 2519 1135 2582 sub
1148 2519 1254 2582 forma
1276 2519 1422 2582 citavere
1448 2521 1654 2598 praescripta,
1671 2520 1705 2582 et
1720 2520 1867 2596 assigna·

223 2615 313 2699 blato
328 2617 506 2694 cujuslibet
530 2618 802 2680 contradictionis
815 2618 848 2680 et
871 2619 1020 2696 appella·
1074 2618 1337 2680 runtterminum
1348 2618 1865 2690 memoratumeidem‚nestaturn

223 2714 1021 2794 tionisobstaculo,auctoritatenostradiligenter
1073 2719 1172 2778 terrae
1187 2716 1293 2794 ipsius
1308 2716 1484 2777 immutare
1500 2733 1560 2779 seu
1570 2715 1768 2794 perturbare
1783 2733 1864 2793 prae-

224 2811 363 2889 exsequi
387 2814 620 2890 procurarent;
642 2814 675 2876 et
693 2814 723 2875 si
741 2828 808 2874 non
833 2829 947 2876 omnes
966 2813 1019 2874 lris
1075 2814 1230 2888 sumeret,
1248 2816 1346 2894 prout
1364 2814 1413 2875 eis
1433 2813 1618 2892 injunctum
1641 2813 1763 2883 iuerat,
1781 2814 1865 2874 inhi-

224 2910 445 2988 exsequendis
466 2912 630 2974 interesse
655 2912 817 2985 valerent,
841 2927 880 2973 ea
895 2911 1020 2974 nihilo-
1074 2910 1199 2984 bentes
1230 2912 1384 2974 mandato
1409 2911 1641 2989 praedictorum
1671 2911 1815 2989 episcopi
1838 2913 1866 2973 et

223 3007 333 3070 minus
344 3009 409 3070 duo
420 3010 682 3088 exsequerentur
694 3010 837 3071 illorum.
848 3011 914 3088 Ipsi
927 3026 1018 3076 vero.
1075 3007 1240 3081 abbatum,
1258 3025 1387 3071 necnon
1402 3009 1469 3072 lata
1486 3008 1527 3071 ab
1545 3009 1627 3087 ipsis
1644 3010 1865 3072 excommuni-

223 3105 309 3168 sicut
324 3108 393 3168 suis
408 3106 503 3169 nohis
518 3107 639 3170 litteris
652 3108 858 3182 intimarunt,
876 3109 1018 3170 manda·
1075 3107 1216 3168 cationis
1232 3107 1407 3180 sententia,
1423 3107 1581 3168 eidemin
1597 3109 1775 3170 multorum
1791 3123 1865 3186 prae-

223 3203 292 3265 tum
305 3204 529 3282 Apostolicum
547 3206 684 3282 exsequi
695 3206 875 3282 cupientes,
891 3206 1020 3267 dilectis
1069 3203 1181 3267 'sentia
1192 3204 1323 3282 plenius
1339 3205 1525 3283 explicatis.
1542 3207 1688 3285 Cumque
1706 3207 1860 3284 saepedic-

223 3301 302 3361 tlliis
316 3302 462 3363 iohanni
475 3302 580 3380 priori
595 3303 702 3365 Castu
716 3303 925 3378 Theodorici,
942 3305 1021 3365 tunc
1075 3302 1211 3370 tame.
1222 3303 1388 3364 citandam
1402 3303 1499 3365 modo
1512 3303 1613 3364 simili
1627 3305 1859 3382 quaesivissent

224 3398 329 3459 Vallis
360 3400 503 3462 secretae
533 3400 714 3472 canonice,
745 3401 778 3463 et
804 3401 1020 3478 longipontis
1076 3400 1182 3462 dictus
1206 3401 1352 3462 Erardus
1373 3401 1546 3478 respondit
1569 3401 1675 3479 quod,
1700 3418 1774 3464 cum
1796 3402 1860 3478 ipsa

224 3498 257 3557 et
287 3498 324 3557 D.
353 3499 549 3574 Gagiacensi
583 3499 773 3572 monachis,
801 3499 921 3561 litteris
951 3501 1020 3561 suis
1076 3499 1110 3559 in
1139 3497 1255 3559 eodem
1284 3500 1393 3560 castro
1421 3498 1617 3562 infirmitate
1642 3499 1756 3561 valida
1774 3501 1857 3561 tene·

224 3594 805 3659 continentibusnostrnmdeverbo
824 3597 1020 3658 adverbum
1075 3597 1183 3668 retur,
1213 3611 1384 3657 accessum
1409 3596 1532 3658 habere
1560 3613 1627 3658 non
1653 3597 1803 3674 poterant
1824 3595 1858 3656 ad

224 3693 426 3767 mandatum,
455 3693 603 3757 districte
626 3695 660 3755 in
679 3695 802 3757 virtute
824 3695 1021 3758 obedientiae
1076 3693 1236 3766 eamdem,
1255 3695 1486 3772 propterquod
1506 3695 1606 3756 iidem
1624 3695 1659 3756 in
1677 3696 1783 3758 castro
1798 3695 1859 3771 ipso

224 3791 454 3868 praeceperunt
468 3793 504 3854 nt
515 3791 555 3852 ad
568 3790 642 3853 loca
654 3808 726 3869 quae
738 3791 818 3854 dicti
829 3793 974 3854 Erardus
990 3793 1022 3856 et
1076 3807 1187 3852 coram
1201 3790 1351 3869 pluribus
1366 3791 1482 3853 eodem
1497 3792 1594 3853 modo
1613 3793 1722 3870 ipsam
1737 3791 1858 3854 citatam

225 3887 287 3948 Pb.
302 3889 523 3966 frequentant,
541 3889 595 3950 vel
607 3889 642 3950 in
656 3889 775 3968 quibus
790 3890 961 3952 inventuri
973 3887 1020 3970 (2)
1076 3905 1149 3950 esse
1158 3888 1289 3966 publice
1300 3891 1511 3963 nunciarunt,
1522 3891 1630 3951 ettam
1642 3889 1859 3952 inhibitionem

223 3985 385 4059 valerent,
407 3986 629 4064 personaliter
647 3987 854 4059 accedentes,
869 4003 1022 4066 peremp-
1077 3983 1859 4064 factamquamexcommunicationissententiam

224 4082 309 4143 torie
321 4083 472 4156 citarent,
490 4083 608 4145 testum
619 4086 655 4144 Β.
668 4086 766 4146 Lucae
777 4085 927 4162 proxime
940 4101 1022 4164 prae·
1076 4084 1178 4146 latam
1193 4101 1252 4162 per
1267 4086 1462 4147 executores
1473 4085 1659 4162 praedictos,
1673 4088 1861 4162 proutsupe

225 4179 360 4241 teritum
395 4181 479 4258 ipsis
506 4181 684 4242 terminum
710 4183 930 4259 assignantes
956 4201 1021 4262 quo
1077 4181 1147 4243 rins
1169 4183 1219 4243 est
1248 4197 1460 4259 expressum,
1486 4183 1639 4244 omnibns
1664 4181 1860 4245 adstantibus

225 4293 286 4356 per
299 4293 334 4340 se
349 4279 400 4340 vel
412 4280 645 4355 procuratores
661 4279 797 4342 idoneos
812 4283 947 4359 propter
958 4281 1022 4343 hoc
1076 4282 1292 4355 exponentes
1314 4279 1492 4357 saepedicto
1514 4279 1734 4357 injunxerunt
1749 4279 1861 4341 Erardo

192 4437 194 4442 .
224 4375 413 4454 Apostolico
437 4392 473 4438 se
499 4378 690 4454 conspectui
715 4379 965 4454 praesentarent,
989 4379 1023 4441 et
1077 4378 1112 4438 ut
1127 4377 1318 4439 citationem
1341 4379 1374 4439 et
1395 4378 1586 4451 terminum,
1602 4379 1635 4441 et
1661 4379 1729 4439 alia
1753 4391 1861 4454 supra-

223 4474 1023 4554 nihilominusinhiberentsubpoenaexcommu-
1077 4474 1175 4546 dicta,
1203 4475 1310 4536 eidem
1345 4475 1441 4552 plene
1481 4475 1652 4538 intimaret
1677 4475 1859 4552 Phillippae:

224 4572 401 4635 nicationis
414 4573 550 4647 eisdem,
561 4591 602 4635 ne
615 4573 911 4651 statumpraedictae
922 4575 1021 4636 terrae
1076 4572 1161 4650 quod
1171 4573 1203 4635 et
1218 4573 1289 4650 ipse
1305 4573 1449 4635 asseruit
1461 4589 1496 4633 se
1511 4573 1689 4635 iacturum.

223 4671 398 4733 turbarent
408 4671 575 4750 ineliquo,
586 4672 745 4734 veletiam
755 4671 978 4745 immutarent,
990 4674 1023 4735 et
1117 4670 1329 4740 Postmodum
1353 4685 1432 4732 vero
1463 4671 1613 4746 praedicti
1642 4672 1814 4748 episcopus
1834 4669 1861 4730 et

224 4769 439 4831 emendarent
450 4767 694 4847 plenarieinlra
705 4785 851 4832 mensem
864 4770 1020 4849 quidquid
1076 4767 1178 4829 abbas
1205 4769 1431 4846 Longipontis,
1448 4766 1566 4829 abbate
1581 4769 1791 4831 Cluniacensi
1810 4751 1861 4828 erl

223 4866 386 4928 turbando
399 4867 452 4930 vel
466 4867 670 4929 immutando
682 4871 802 4931 statum
811 4869 1021 4947 terraeipsins
1076 4868 1190 4928 cusato
1204 4866 1361 4943 legitime,
1379 4865 1465 4928 sicut
1479 4867 1512 4928 in
1529 4882 1644 4928 eornm
1663 4865 1781 4929 litteris
1791 4880 1858 4944 per-

224 4963 1022 5043 aeeotemporeattentarantquoruerantauo-
1076 4965 1246 5043 speximus
1272 4965 1447 5032 contineri,
1480 4963 1685 5042 sepedictum
1713 4963 1858 5026 Erardum
1964 5015 1965 5034 ,

224 5063 358 5124 toritate
371 5060 519 5139 praedicti
531 5062 787 5138 praedecessoris
799 5065 903 5127 nostri
915 5065 1019 5139 citati,
1077 5065 1108 5124 et
1134 5063 1289 5124 Milonem
1305 5063 1345 5123 de
1365 5062 1515 5134 Noeriis,
1539 5063 1697 5139 quoniam
1721 5061 1784 5140 ipsi
1799 5063 1856 5137 jam
1899 5097 1908 5115 .

225 5163 258 5224 et
273 5161 360 5239 quod
377 5157 459 5222 illud
478 5158 721 5233 emendassent,
738 5161 914 5224 redderent
931 5163 1021 5239 ipsos
1077 5177 1140 5222 non
1156 5161 1296 5234 occulte,
1314 5159 1371 5221 sed
1387 5161 1470 5222 adeo
1488 5159 1664 5222 manifeste
1680 5159 1763 5238 quod
1780 5159 1855 5218 locus

263 5349 303 5418 (l)
317 5349 415 5406 Potius
426 5366 434 5405 .·
445 5347 645 5406 declararetur.
1114 5349 1153 5420 (t)
1164 5349 1366 5432 Longipontis.

262 5421 291 5489 (t
318 5420 420 5480 Metius
435 5437 443 5475 :
460 5420 593 5477 inveniri.
1116 5422 1157 5492 (5)
1174 5420 1371 5492 Cagracensie.

263 5491 291 5558 (3
317 5488 459 5562 tegendae
483 5505 517 5548 ea
545 5491 580 5546 de
596 5505 626 5546 re
647 5491 765 5548 lionorti
785 5493 898 5550 Litterae
923 5507 1019 5568 supra,
1114 5493 1154 5564 (ti)
1166 5493 1291 5548 loannes
1304 5491 1382 5563 prior
1393 5490 1478 5547 castri
1493 5487 1671 5560 Theudorici,
1683 5503 1746 5546 cum
1758 5484 1852 5542 tilloblls

225 5564 279 5618 ccl.
299 5561 350 5618 l05
364 5568 392 5617 ot
405 5561 467 5618 385.
1077 5561 1227 5619 monacbis
1238 5577 1270 5618 ac
1282 5561 1461 5634 Cagiaccnsi,
1478 5568 1614 5633 utsupra.
