4080 6316
130 269 190 328 821
758 270 988 343 EPISTOLAE,
1012 273 1090 334 Lln.
1114 273 1155 334 11.
1721 278 1781 338 822

130 429 266 492 clericis
281 429 482 510 supradictis
497 431 545 494 sic
561 431 596 495 in
617 431 817 518 necessariis
841 432 874 494 et
893 433 928 494 tu
983 434 1104 494 nostrae
1129 433 1318 496 donationis
1340 435 1598 513 eleemosynam,
1626 429 1779 500 alibnad-

129 527 204 606 ipse
227 527 416 601 subvenias,
440 531 474 592 et
498 530 601 592 iacias
622 530 657 592 in
678 531 735 592 tua
756 531 927 609 provincia
981 531 1142 594 vertimus
1151 530 1678 596 iorecollocandam.Videbamus
1689 535 1777 596 enirn

130 624 314 698 subveniri,
327 625 414 702 quod
427 626 504 704 ipsi,
521 627 739 690 subventione
752 627 927 690 caritativa
983 628 1128 705 quotidie
1151 631 1343 694 memoratae
1367 631 1494 704 domus,
1511 635 1548 694 ut
1572 632 1633 696 lob
1655 635 1688 694 et
1709 635 1778 692 To-

129 722 266 792 firmati,
286 725 489 802 assumptam
514 740 648 786 causam
673 725 790 788 lortius
806 742 926 804 prose·
982 725 1082 796 biam,
1100 743 1281 804 pauperum
1296 729 1426 791 turbam
1450 731 1491 792 ad
1516 748 1552 792 se
1576 731 1778 791 diffluentem

130 823 285 897 quantur.
314 824 433 884 Datum
450 824 688 894 Laterani,le
704 823 927 901 kalendasju-
982 826 1139 888 diuturna
1162 827 1356 888 victualium
1383 828 1671 892 administratione
1695 828 1778 888 reii-

129 918 180 991 lii,
194 919 404 996 pontificatus
420 921 525 984 nostri
545 937 633 984 anno
649 922 805 984 secundo.
982 939 1069 996 cere,
1087 925 1291 986 mortuorum
1310 926 1345 986 in
1362 926 1506 998 Christe,
1523 942 1662 1003 corpora
1678 926 1778 1002 digna

981 1022 1196 1084 veneratione
1234 1023 1376 1100 sepelire
1403 1041 1411 1084 :
1442 1026 1478 1086 et
1504 1025 1540 1086 ut
1573 1026 1707 1085 renatos
1745 1023 1777 1082 in

112 1177 115 1184 .
468 1081 595 1170 GCGX
837 1112 841 1120 '
982 1119 1111 1181 Christo
1127 1120 1337 1182 Machahaeos
1353 1137 1419 1186 nou
1436 1123 1564 1184 tantum
1580 1121 1614 1182 in
1630 1136 1779 1198 pagano-

128 1206 182 1265 Ad
196 1205 406 1282 madiilfflm
420 1205 455 1270 el
468 1205 601 1280 fraires
615 1208 735 1268 domus
749 1207 926 1280 hospitalis
981 1234 1054 1280 rum
1070 1217 1224 1280 confiniis
1240 1221 1349 1281 castra
1361 1219 1584 1280 munitissima
1600 1219 1776 1288 collocare,

360 1304 695 1382 HWOSOWWWW·
980 1332 1096 1380 rerum
1118 1317 1218 1380 etiarn
1239 1333 1299 1394 pro
1322 1317 1446 1378 Christi
1469 1317 1602 1378 nomine
1624 1317 1779 1393 propria-

424 1415 533 1494 thjun.
551 1417 630 1476 litt.
980 1431 1055 1476 rum
1084 1415 1236 1478 litatione
1273 1430 1492 1492 personarum
1523 1414 1778 1478 Amalecharum

233 1522 666 1588 maeinanhonumhungarial,
678 1525 752 1585 mn,
765 1523 817 1590 at]
980 1512 1138 1590 impetum
1158 1513 1343 1585 retinendo,
1367 1513 1560 1576 christianae
1580 1511 1657 1574 iidei
1677 1512 1779 1572 semi-

126 1620 179 1678 Eis
196 1612 323 1680 annuum
334 1629 448 1681 centurn
468 1636 629 1683 marcarum
651 1622 764 1696 argenti
784 1621 924 1680 redditum
980 1627 1099 1672 narum
1112 1627 1307 1689 propagare.
1321 1613 1390 1674 Nos
1401 1611 1503 1688 igitur
1516 1610 1703 1688 saepediclae
1714 1609 1778 1670 do-

166 1709 202 1766 eh
224 1709 349 1780 Andrea,
379 1711 535 1784 llungerie
559 1725 640 1786 rege,
668 1726 849 1782 concessum,
875 1727 925 1784 pro
981 1726 1054 1772 mus
1087 1725 1154 1772 non
1179 1711 1308 1774 tantum
1338 1709 1461 1772 divinae
1492 1708 1626 1787 pietatis
1654 1707 1778 1770 intuitu

163 1798 707 1876 culediflfflslriffldrgflliwssssrffldl.
980 1808 1189 1880 coadjutores
1218 1807 1306 1869 ellici
1334 1808 1527 1884 cupientes,
1555 1807 1613 1878 sed
1641 1808 1708 1874 tarn
1742 1805 1778 1868 iu

168 1907 336 1968 Honorius
378 1909 573 1986 episcopus,
604 1925 719 1972 servus
753 1925 924 1972 servornm
979 1904 1126 1976 achone,
1139 1905 1260 1968 Chrato
1275 1905 1308 1974 et
1322 1906 1472 1982 Margalo
1487 1904 1582 1966 nohis
1595 1905 1774 1980 impensas,

127 2005 199 2076 bei,
216 2006 292 2077 etc,
310 2004 440 2068 dilectis
456 2005 572 2068 lillis...
589 2006 747 2082 magistro
762 2007 795 2069 et
809 2007 925 2071 iratri-
980 2001 1118 2064 delicias
1133 2004 1167 2064 et
1189 2001 1333 2064 honores
1355 2003 1505 2064 nolentes
1528 2000 1777 2076 ingratitudinis

127 2101 190 2162 bus
210 2102 326 2166 domus
340 2103 515 2180 hospitalis
530 2103 854 2181 Hierosolymitauae,
870 2121 926 2166 sa·
980 2098 1151 2176 praeterire
1169 2099 1312 2171 silentio,
1327 2100 1442 2162 nostra
1453 2100 1706 2175 nostrorumque
1716 2098 1778 2159 ha-

112 2200 230 2262 ⁴lulem
246 2202 278 2262 et
295 2201 510 2277 apostolicam
525 2201 802 2264 benedictionem.
979 2213 1097 2259 ronum
1113 2197 1351 2262 deliberatione
1366 2197 1516 2273 legitima
1540 2197 1575 2258 in
1591 2199 1646 2274 ius
1662 2197 1695 2257 et
1714 2212 1775 2255 su-

168 2299 393 2360 Cumanobis
408 2299 539 2376 petitur,
562 2303 624 2366 etc.
641 2303 922 2379 Eapropter,etc.,
979 2295 1121 2373 pradioti
1149 2297 1292 2372 Margatl
1321 2295 1406 2373 quod
1433 2297 1525 2358 recte
1552 2295 1588 2356 in
1612 2293 1776 2356 frontibus

125 2413 235 2470 amque
250 2413 402 2460 assensu.
419 2401 574 2460 Anuuum
588 2401 719 2462 centum
736 2415 923 2462 marcarum
980 2409 1184 2470 paganorum
1200 2395 1300 2456 situm
1321 2395 1382 2462 est,
1404 2393 1678 2456 sustentationem
1695 2407 1775 2468 per-

126 2495 258 2570 argeuti
280 2494 444 2558 redditum
467 2495 561 2560 vobis
577 2513 636 2573 pro
657 2497 806 2560 custodia
822 2499 922 2564 castri
979 2493 1123 2569 petuam,
1145 2491 1186 2554 ob
1209 2491 1432 2554 reverentiam
1455 2490 1555 2553 etiarn
1580 2490 1720 2552 fratrum
1740 2489 1776 2550 in

126 2592 241 2664 vestri,
253 2593 339 2670 quod
354 2595 498 2670 Margati
515 2595 647 2666 dicitur,
662 2612 681 2657 a
697 2596 872 2660 carissimo
888 2597 922 2656 in
979 2593 1160 2652 meinorato
1176 2591 1286 2654 castro
1309 2590 1601 2662 commorantium,
1620 2605 1639 2650 a
1655 2587 1775 2666 quibus

125 2686 258 2750 Christo
287 2688 356 2752 lilio
388 2691 504 2752 nostro
532 2689 665 2754 andrea
691 2690 816 2757 illustri
843 2707 923 2767 rege
978 2687 1013 2749 in
1027 2690 1141 2750 nostro
1154 2689 1296 2751 transitu
1307 2688 1449 2764 benigne
1465 2687 1589 2764 recepti
1602 2686 1725 2750 suimus
1742 2687 1777 2747 et

125 2785 309 2862 Hungariae
331 2787 371 2848 de
390 2787 605 2865 proventibus
620 2789 740 2850 salium
761 2791 855 2865 regni
871 2790 922 2852 sui
978 2786 1162 2850 honorilice
1188 2786 1394 2864 pertractati,
1419 2786 1459 2848 de
1475 2783 1690 2863 proventibus
1714 2799 1774 2844 sa-

109 2884 214 2960 ‚apud
227 2884 369 2948 Zolacha
384 2886 439 2963 pia
452 2885 652 2950 liberalitate
662 2902 868 2960 concessum,
881 2889 923 2952 si·
979 2885 1059 2946 lium
1074 2884 1170 2960 regni
1185 2885 1291 2949 nostri
1307 2887 1437 2947 centum
1453 2898 1584 2946 marcas
1597 2897 1727 2958 semper
1740 2881 1776 2942 in

124 2982 305 3058 calipsum
322 2985 413 3059 juste
432 3000 472 3045 ac
493 2983 631 3061 pacifice
655 2983 822 3056 obtinetis,
840 2983 922 3047 etin
978 2982 1129 3059 paschali
1142 2983 1291 3059 tempore
1306 2981 1456 3044 dedimus
1476 2982 1511 3040 in
1532 2981 1670 3055 argento
1686 2979 1773 3056 apud

125 3080 276 3157 ejusdem
300 3080 388 3157 regis
410 3081 532 3146 litteris
554 3081 685 3159 plenius
713 3071 919 3154 continetur,
978 3079 1119 3142 chacha
1153 3079 1226 3141 sine
1255 3079 1444 3141 conditione
1476 3077 1713 3156 persolvendas
1743 3076 1775 3138 et

123 3177 219 3240 vohis
232 3181 266 3242 et
287 3195 348 3256 per
366 3195 425 3240 vos
452 3180 564 3242 domui
583 3181 703 3242 vestras
725 3173 926 3244 auctoritate
977 3178 1177 3240 contulimus
1192 3179 1228 3238 in
1249 3179 1444 3255 perpetuum
1463 3176 1692 3254 possidendas.
1708 3178 1776 3236 Ve-

123 3276 791 3354 Apostolicacoufirmamus,etpraesentis
807 3278 921 3355 scripti
977 3293 1052 3338 rum
1078 3277 1156 3353 quia
1177 3276 1226 3336 rei
1252 3276 1354 3351 gestae
1380 3275 1540 3336 memoria
1560 3274 1651 3336 sacili
1677 3274 1776 3351 lapsu

122 3373 309 3450 patrocinio
320 3377 573 3438 communimus.
584 3376 632 3437 Ad
644 3378 920 3453 majoremautern
977 3375 1167 3438 mortalium
1191 3376 1319 3437 mentes
1344 3372 1485 3447 deserit,
1507 3372 1572 3434 nisi
1599 3373 1774 3450 scripturae

123 3471 175 3534 rei
185 3472 397 3545 evidentiam,
412 3474 561 3536 tenorem
574 3473 760 3536 litterarum
773 3474 921 3551 ipsarum
977 3474 1190 3539 monumento
1220 3471 1488 3541 commendetur,
1518 3471 1551 3534 et
1576 3471 1774 3532 auctoritate

123 3569 165 3630 de
186 3569 287 3632 verbo
306 3571 347 3632 ad
369 3571 506 3634 verbum
516 3571 678 3647 jussimus
699 3571 920 3648 praesentibus
976 3572 1070 3647 regia
1084 3569 1256 3642 solidetur,
1274 3571 1310 3632 ut
1324 3570 1428 3632 haeca
1444 3569 1540 3632 nobis
1561 3570 1647 3630 lacta
1669 3569 1776 3630 dona-

123 3669 290 3730 annotari.
307 3669 369 3740 Qui
381 3669 458 3732 talis
470 3671 520 3731 est
536 3690 543 3729 ε
976 3669 1022 3731 tio
1035 3668 1158 3732 nostris
1176 3670 1431 3744 nostrorumque
1446 3683 1676 3733 successorum
1691 3681 1774 3744 ope-

164 3767 202 3826 in
215 3767 348 3828 nomine
364 3769 494 3830 Sanctae
509 3766 682 3829 Trinitatis
696 3769 729 3829 et
739 3767 920 3830 individua
976 3766 1067 3830 ribus
1075 3766 1168 3828 salva
1179 3781 1309 3843 semper
1318 3767 1557 3828 etinconcusse
1565 3765 1770 3842 permaneat,

121 3863 270 3928 unitatis.
285 3865 436 3928 Andreas
449 3865 508 3926 Dei
519 3865 627 3941 gratia
640 3866 922 3942 Hungariaabal·
976 3866 1172 3942 praesentem
1192 3863 1416 3926 concessimus
1441 3863 1595 3940 paginam
1611 3862 1774 3926 secretio·
1877 3877 1879 3883 ⁴

120 3961 245 4034 malias,
275 3961 429 4034 Creatiae,
454 3964 580 4035 Ramae,
608 3963 745 4032 Serviae,
775 3965 918 4036 aalide,
975 3963 1023 4022 ris
1034 3961 1137 4037 sigilli
1152 3961 1268 4032 nostri,
1284 3977 1395 4022 aurem
1415 3960 1572 4021 videlicet
1586 3959 1696 4032 hullae,
1714 3974 1773 4020 ca·

122 4059 394 4137 Lcdomircaeque
412 4076 474 4122 rex
499 4060 535 4124 in
555 4062 762 4138 perpetuum.
778 4063 919 4124 Munili-
975 4061 1103 4121 ractere
1116 4059 1150 4120 in
1173 4060 1367 4137 perpetuum
1377 4057 1579 4120 roboratam.

120 4157 240 4220 centias
255 4157 379 4234 regalis
394 4159 613 4231 immensitas,
633 4160 711 4223 licet
731 4161 772 4224 ad
787 4160 918 4238 ignotos
1014 4160 1132 4220 Datum
1146 4157 1233 4234 apud
1258 4159 1445 4234 biargatum
1468 4172 1528 4234 per
1543 4173 1678 4218 inanum
1700 4173 1773 4216 nra-

120 4257 155 4318 et
175 4255 324 4332 cognitos
341 4255 476 4318 dilatari
497 4255 625 4330 debeat,
641 4257 842 4320 illostamen
862 4260 917 4321 di·
972 4255 1070 4332 gistri
1095 4255 1280 4330 Hugueriui
1310 4255 1397 4318 aulae
1427 4255 1529 4332 regiae
1556 4255 1769 4326 cancellarii,

118 4353 208 4416 vinae
223 4353 357 4430 pietatis
376 4354 498 4416 intuitu
524 4354 661 4430 largiori
679 4356 788 4431 gratia
805 4356 918 4420 lovere
972 4355 1259 4414 anquGCXVil.
1272 4353 1462 4414 Venerabili
1474 4352 1626 4416 iohanne
1642 4351 1772 4428 strigo-

119 4444 264 4514 debetet
284 4451 451 4528 amplecti,
478 4467 537 4528 per
558 4469 698 4529 quorum
722 4469 840 4518 manus
865 4457 918 4520 nt·
974 4451 1094 4524 aiensi,
1122 4450 1306 4516 reverendo
1328 4449 1505 4512 Bertholdo
1522 4450 1695 4512 colocensi
1714 4465 1772 4510 ar-

119 4551 197 4626 pote
225 4548 491 4625 dispensatorum
520 4549 667 4611 fidelium
696 4567 761 4612 non
790 4552 917 4614 tantum
973 4549 1195 4626 chlepiscopis
1219 4547 1448 4620 existentibus,
1466 4547 1589 4608 Colano
1607 4546 1771 4623 Quinque·

117 4646 294 4723 largientis
302 4648 740 4722 memorlaeccmmendatur,
748 4650 804 4712 sed
816 4650 915 4712 etiam
973 4647 1185 4718 ecclesiensi,
1208 4645 1381 4708 Desiderio
1400 4644 1610 4716 cenadiensi,
1626 4647 1769 4722 symone

119 4745 408 4808 succrescentibus
435 4761 524 4808 verae
552 4746 725 4824 religionis
756 4747 916 4810 fructibus
972 4744 1196 4816 waradiensi,
1217 4744 1388 4806 'Willelmo
1410 4743 1641 4815 Transilvano,
1670 4743 1768 4806 Petro

118 4843 179 4904 Dei
194 4843 303 4904 cultus
328 4844 541 4906 incessanter.
558 4844 728 4907 dilatatur.
755 4847 835 4910 Cum
849 4846 916 4908 ita·
973 4841 1162 4914 Gouriensi,
1192 4840 1335 4908 Roberto
1362 4840 1618 4918 vesprimiensi,
1645 4839 1769 4903 Jacoho

118 4956 194 5017 que,
211 4942 309 5018 prout
322 4957 366 5006 ex
382 4944 544 5020 susceptae
555 4943 835 5020 peregrinationis
850 4944 918 5006 offl·
972 4939 1157 5013 watiensi,
1186 4939 1353 5016 Stephano
1380 4938 1613 5015 zagabriensi,
1641 4939 1768 5000 Thema

118 5039 172 5100 cio
187 5037 393 5112 tenebamur,
417 5040 452 5104 in
469 5043 571 5104 Terra
588 5041 708 5110 Sancta
723 5041 837 5104 divino
851 5059 915 5104 ra·
970 5039 1125 5116 Agriensi
1139 5039 1244 5100 electo
1266 5038 1432 5114 episcopis
1446 5037 1608 5100 ecclesias
1624 5036 1768 5100 feliciter

116 5151 270 5198 caremus
286 5137 916 5216 servitio,stproutanteadidiceramus
971 5136 1247 5214 gubernantibus3
1258 5139 1276 5199 J
1280 5136 1335 5198 ula
1349 5136 1513 5208 Palatino,
1529 5134 1686 5212 Dionysio
1702 5149 1769 5194 ma·

115 5234 254 5307 auditu,
290 5235 552 5300 sacratissimum
589 5237 706 5300 domus
741 5237 915 5316 hospitalis
970 5235 1348 5311 gistro'ravarnlcorum
1366 5237 1399 5298 et
1420 5233 1539 5296 comite
1564 5231 1767 5302 Novicastri,

117 5333 232 5395 Sancti
249 5332 413 5396 ,iohannis
425 5335 582 5412 Baptistae
596 5336 636 5397 de
645 5336 832 5400 Jerusalem
851 5336 916 5401 col-
971 5336 1057 5396 Ocuz
1083 5333 1204 5396 curiali
1226 5334 1363 5406 comite,
1385 5332 1558 5409 Rapbaym
1580 5331 1767 5408 woywoda,

116 5430 242 5506 legium
255 5428 421 5506 largifluis
430 5431 590 5495 virtutum
606 5432 762 5510 operibus
773 5432 915 5510 lragres-
970 5435 1124 5494 Bancone
1136 5430 1234 5503 bano,
1250 5437 1284 5494 et
1298 5431 1429 5494 caeteris
1442 5428 1620 5492 comitibus
1632 5429 1768 5490 comita·

113 5542 203 5598 cere‚
220 5527 285 5589 tide
305 5528 570 5608 perspiceremus
590 5529 733 5602 oculata,
749 5547 913 5610 nusquam
968 5532 1022 5593 tus
1034 5529 1236 5592 tenentibus.
1254 5529 1360 5606 Regni
1374 5527 1481 5590 nostri
1494 5543 1582 5590 anno
1597 5529 1684 5593 Xlil.

115 5625 246 5695 melius,
272 5641 370 5702 qrram
397 5626 432 5688 in
456 5627 555 5704 hujus
575 5627 691 5690 domus
716 5629 913 5706 suffragium
957 5639 958 5643 ’
1009 5628 1102 5691 Nulli
1129 5644 1220 5706 ergo,
1245 5629 1320 5700 etc,
1349 5627 1471 5690 nostrae
1498 5624 1763 5689 confirmationis
