3994 6326
253 293 313 352 6119

256 451 356 521 11111,
375 451 408 510 11
429 447 465 509 11
479 446 529 508 eis
542 445 614 506 sine
629 443 890 508 contradictione
903 444 1050 522 qualibet

254 548 427 610 interesse.
446 542 537 606 Nulli
553 557 632 618 ergo
648 544 769 604 nostrae
780 543 1005 604 concessionis
1017 543 1050 605 et

252 641 508 713 constitutionis,
531 641 606 716 etc.;
627 640 655 700 si
671 639 746 716 quis
770 641 891 712 autem,
904 641 965 702 etc.
978 643 1048 702 Da-

252 744 322 804 tum
339 737 494 802 Laterani
516 739 634 816 quarto
649 737 724 798 idus
745 738 873 816 aprilis,
888 753 975 800 anno
995 754 1050 800 se-

252 839 369 900 cundo.

572 941 730 1028 CXCIII

288 1079 339 1141 Act
364 1078 620 1153 Barcnqartom
633 1078 805 1148 quondam
818 1079 1008 1154 Anqlornm

560 1173 732 1247 rapinam.

524 1293 558 1352 lo
582 1293 663 1367 april.
694 1293 773 1350 lala.

251 1405 371 1468 [ilegest.,
391 1399 436 1452 llb.
450 1399 481 1460 11,
507 1397 582 1464 epist.
597 1397 666 1450 1011.
684 1399 792 1450 111111
809 1397 886 1450 Perta
905 1397 1046 1466 11111111]

293 1508 393 1569 Clerici
402 1506 513 1566 uxorati
524 1504 628 1563 debent
643 1507 705 1579 regi
717 1505 842 1579 justitias
853 1506 1006 1564 etservitia

460 1601 596 1654 consueta
614 1594 678 1652 eliis
696 1595 832 1652 uxoratis.

291 1703 470 1776 Honorius,
483 1705 559 1776 etc,
576 1701 758 1764 carissimae
773 1702 808 1762 in
823 1701 953 1764 Christo
967 1701 1045 1764 filiae

248 1805 477 1880 berengariae,
510 1801 675 1879 quondam
705 1801 832 1876 reginae
863 1800 1044 1878 anglorum

246 1902 381 1964 illustri.

287 2003 336 2060 Ex
351 1998 444 2075 parte
458 1993 586 2059 1111111
593 1994 797 2072 propositum
809 2010 920 2058 coram
935 1993 1042 2070 nobis,

248 2097 334 2176 quod
354 2094 505 2158 nonnulli
532 2093 668 2154 litterati
682 2093 780 2154 terrae
794 2094 872 2166 tuae,
886 2093 1002 2156 habitu
1013 2095 1046 2156 et

246 2197 386 2258 tonsura
419 2190 567 2254 clericali
589 2189 731 2262 relictis,
762 2189 892 2266 publice
920 2191 1045 2254 ducunt

247 2305 371 2352 uxores
383 2287 443 2368 (1),
459 2286 499 2348 de
512 2285 565 2347 his
580 2284 637 2362 qui
652 2289 729 2348 1111
743 2285 933 2364 hlijusmodi
947 2287 1043 2349 solli-

247 2388 315 2460 citi,
333 2383 495 2464 quomodo
510 2383 670 2444 uxoribus
685 2383 839 2460 placeant
848 2384 1041 2448 existentes.

247 2480 818 2558 01111111110111110111111,1111111
827 2481 1042 2543 saecularibus

245 2581 404 2644 insistant
415 2578 568 2654 negotiis,
581 2579 617 2640 ut
630 2580 740 2640 tamen
756 2579 923 2642 consuetis
940 2579 1043 2657 justi-

244 2681 301 2742 tiis
316 2680 349 2741 et
362 2676 482 2739 debitis
503 2674 672 2752 obsequiis
690 2677 724 2738 te
741 2675 946 2748 defraudent,
960 2677 1039 2738 ton-

247 2793 361 2838 suram
374 2775 551 2836 resumunt
565 2772 739 2849 abjectam,
759 2775 921 2849 quatenus
936 2772 1041 2850 ipsius

244 2873 408 2952 praetextu
421 2870 463 2933 ab
478 2869 680 2947 hujusmodi,
696 2870 734 2931 ut
743 2869 868 2941 clerici,
881 2885 1041 2932 excusen-

244 2974 309 3042 tur,
320 2983 519 3047 quamquam
528 2983 594 3029 non
607 2965 906 3039 militentllomino
919 2968 975 3029 sed
985 2985 1040 3046 po·

243 3069 311 3130 tius
321 3065 445 3128 mundo
456 3067 493 3128 ut
503 3063 616 3127 caeteri
627 3063 772 3125 uxorati.
786 3064 925 3137 Quidam
939 3067 1039 3128 etiam

243 3165 378 3242 accepta
391 3165 498 3242 prima
513 3163 652 3223 tonsura
666 3160 821 3223 similiter
838 3162 1040 3226 contrahunt

242 3264 276 3324 et
296 3261 446 3323 eamdem
471 3261 641 3320 tonsuram
670 3257 832 3330 deserunt,
863 3260 899 3321 ut
922 3259 1038 3321 eodem

242 3358 407 3438 praetextu
431 3354 586 3417 excusari
612 3353 747 3416 valeant
767 3369 787 3416 1
811 3355 989 3432 praedictis,
1007 3359 1039 3418 et

240 3453 443 3518 venerabilis
457 3452 560 3514 irater
574 3453 688 3512 noster
697 3453 874 3529 episcopus
883 3453 916 3514 et
925 3452 1038 3516 dilecti

241 3553 303 3614 filii
317 3551 475 3619 decanus,
501 3548 768 3623 archidiaconus,
795 3551 829 3612 et
857 3550 1037 3626 capitulum

240 3653 463 3712 cenomanen.
498 3647 588 3725 ipsos
626 3647 794 3724 tamquam
830 3646 969 3710 clericos
1002 3650 1037 3710 in

241 3747 517 3810 substractionem
532 3745 745 3808 servitiorum
767 3748 901 3809 tuorum
924 3745 1037 3809 lovere

240 3847 395 3911 nituntur
409 3845 444 3905 in
458 3845 551 3905 tuum
564 3843 794 3920 praejudicium
803 3844 1034 3919 etgravamen.

241 3947 321 4006 Cum
336 3944 440 4020 igitur
453 3940 622 4004 reddenda
635 3941 701 4004 sint
716 3957 790 4018 quae
805 3941 882 4002 sunt
893 3942 1036 4004 Caesaris

241 4041 506 4116 caesarioque
517 4039 594 4100 sunt
609 4039 799 4110 1111111111
812 4038 942 4115 publice
957 4055 1037 4102 uxo

239 4139 305 4201 rati
319 4138 384 4199 viri
399 4134 620 4198 ecclesiastici
635 4151 702 4197 non
721 4136 877 4208 existant,
894 4137 972 4198 dum
1000 4152 1036 4199 se

240 4237 289 4298 sic
303 4234 446 4310 negotiis
462 4231 679 4294 saecularibus
692 4231 874 4310 implicant,
891 4236 1037 4312 aequani-

240 4333 338 4396 miter
350 4331 500 4392 ducimus
515 4328 733 4402 tolerandum,
748 4329 777 4390 si
785 4331 1036 4407 justitiasdebi-

238 4433 301 4504 tas,
316 4431 349 4494 et
363 4429 500 4492 servilia
515 4430 672 4490 consueta
687 4427 778 4490 velut
792 4427 833 4489 ab
847 4429 925 4494 aliis
948 4447 1035 4493 uxo-

237 4529 320 4592 ratis
333 4529 450 4604 exigas
464 4529 498 4588 et
510 4525 653 4602 recipias
664 4524 705 4586 ab
719 4525 855 4599 eisdem,
872 4542 947 4588 cum
960 4529 1036 4590 ton-

237 4643 328 4699 sura,
346 4641 443 4704 quam
463 4640 530 4686 non
554 4623 690 4686 obtentu
714 4622 899 4700 religionis,
917 4625 975 4686 sed
999 4626 1034 4686 in

236 4725 388 4787 fraudem
410 4721 628 4784 subtrahendi
652 4721 789 4784 servitia
815 4723 1034 4800 resumpsisse

235 4823 290 4884 vel
306 4821 475 4898 accepisse
485 4820 648 4892 videntur,
665 4819 700 4880 in
716 4819 829 4880 iissibi
839 4835 904 4880 non
916 4819 1036 4883 debeat

237 4918 458 4998 patrocinium
500 4916 674 4992 impertiri.
722 4917 840 4978 Datum
877 4917 1033 4980 Laterani

238 5015 353 5093 quinto
367 5013 442 5075 idus
457 5013 573 5088 aprilis
588 5013 800 5090 pontificatus
816 5015 920 5076 nostri
945 5030 1034 5078 anno

236 5110 395 5176 secundo.

276 5276 314 5336 lu
343 5269 494 5334 eumdem
519 5269 649 5330 modum
677 5271 834 5349 scriptum
859 5273 1033 5351 estsuper

233 5373 334 5433 hoc...
357 5369 549 5450 episcopo...
576 5367 712 5441 decano,
730 5369 975 5445 archidiacono,
1000 5374 1033 5436 et

235 5467 381 5546 capitulo
415 5469 637 5530 cenomanen.
667 5483 775 5542 usquc
810 5469 1032 5545 patrocinium

871 283 1047 346 bonomi
1070 283 1114 348 ΙΙΙ
1137 285 1284 350 OPERA.
1844 298 1892 358 7111

1104 445 1279 524 impertiri.
1294 449 1417 511 verum
1432 449 1542 514 tamen
1557 449 1598 514 de
1610 451 1804 520 discretioni
1822 473 1889 520 ves-

1103 543 1155 604 tra
1168 559 1235 606 non
1249 545 1414 608 modicum
1440 547 1654 621 admirantes,
1680 567 1785 626 grave
1807 555 1890 630 geri·

1103 642 1236 713 111111
1261 643 1444 719 indignum,
1461 645 1546 721 quod
1562 646 1618 724 huj
1625 649 1753 710 usmodi
1768 667 1888 713 uxora-

1102 739 1154 800 tos
1169 737 1287 801 lovetis
1303 739 1363 800 suh
1377 743 1538 818 praetextu
1553 744 1696 808 tonsuras
1707 753 1888 826 resumpta,

1103 835 1242 898 1111111
1257 837 1363 914 ipsam
1378 838 1526 902 toleretis
1541 841 1684 915 eosdem,
1706 860 1782 906 cum
1818 847 1887 908 teu-

1102 937 1233 996 suratos
1261 935 1453 1000 cohabitare
1478 939 1639 1000 uxoribus
1673 942 1839 1006 redundet
1862 947 1889 1006 in

1102 1027 1302 1108 vituperium
1337 1033 1516 1098 ministerii
1543 1036 1720 1111 clericalis,
1754 1041 1788 1102 et
1814 1043 1890 1118 iuris

1102 1129 1331 1206 praejudicium
1366 1131 1479 1204 alieni,
1515 1131 1672 1212 quoniam
1708 1134 1891 1214 hujusmodi

1103 1227 1271 1288 tonsuram
1294 1241 1360 1288 non
1384 1229 1420 1290 11
1442 1231 1521 1302 Deo,
1551 1231 1609 1292 sed
1637 1233 1675 1293 ut
1701 1249 1890 1298 mammona

1101 1321 1211 1399 potius
1242 1319 1432 1387 deserviant
1460 1321 1538 1388 dicti
1573 1325 1727 1392 deserunt
1754 1334 1890 1394 uxorati.

1102 1420 1263 1492 Quocirca
1275 1421 1469 1484 discretioni
1482 1426 1601 1487 vestrae
1623 1441 1684 1503 per
1704 1429 1890 1505 1111101111

1102 1517 1225 1594 1111111
1249 1519 1473 1597 praecipiendo
1496 1522 1703 1597 mandamus,
1720 1527 1888 1602 quatenus,

1101 1611 1164 1675 boc
1176 1613 1252 1678 lieri
1264 1616 1304 1678 de
1319 1617 1440 1680 caetero
1452 1619 1676 1696 prohibentes,
1693 1637 1762 1684 non
1782 1624 1886 1700 impe·

1100 1709 1200 1773 diatis
1221 1711 1290 1773 ullo
1313 1713 1410 1776 modo
1427 1714 1617 1792 hujusmodi
1632 1719 1797 1793 praetextu
1816 1722 1886 1781 ton-

1100 1821 1199 1881 surae,
1220 1809 1396 1887 quominus
1421 1811 1463 1873 ab
1484 1815 1635 1876 uxoratis
1660 1815 1787 1876 eisdem
1810 1819 1887 1879 sicut

1100 1904 1140 1966 ab
1156 1906 1232 1970 aliis
1246 1907 1362 1970 eadem
1375 1909 1491 1986 regina
1510 1912 1660 1988 justitias
1676 1912 1806 1976 debitas
1822 1915 1887 1976 exi·

1099 2005 1166 2078 gat,
1193 2006 1226 2066 et
1251 2006 1387 2068 servitia
1415 2008 1555 2084 recipiat
1576 2011 1748 2072 consueta.
1775 2013 1885 2074 Datum

1100 2101 1255 2164 Laterani
1269 2107 1288 2166 1
1300 2103 1375 2166 idus
1390 2104 1506 2180 aprilis
1521 2121 1609 2168 auno
1624 2107 1782 2170 secundo.

1422 2264 1575 2352 cxdlv

1124 2395 1481 2472 dearchiepiscopare
1496 2403 1731 2463 diacoconem
1746 2403 1862 2474 111111
1991 2459 1992 2496 3

1365 2497 1618 2573 suffroqaneos.
1991 2503 1992 2514 ³

1386 2617 1508 2690 10111111.
1520 2619 1598 2676 lile.

1127 2717 1246 2782 [nqar.‚
1256 2719 1300 2772 lib.
1312 2721 1344 2782 ll,
1358 2723 1433 2786 epist.
1444 2723 1512 2774 1013.
1522 2725 1579 2775 1111.
1590 2726 1625 2777 La
1635 2726 1711 2776 Porta
1721 2725 1756 2776 du
1767 2725 1854 2791 Thalb]

1096 2830 1132 2887 Ut
1143 2827 1281 2886 adversus
1294 2828 1471 2887 subditorum
1494 2831 1612 2904 injurias
1635 2839 1768 2890 tueantur
1787 2833 1881 2907 dogio

1316 2933 1378 2975 rum
1394 2921 1524 2992 reginam
1541 2920 1666 2978 mandat.

1134 3027 1312 3099 Honorius,
1325 3029 1400 3100 111,
1422 3028 1668 3090 venerabilibus
1692 3027 1878 3092 iratribus...

1094 3123 1344 3201 archiepiscopo
1353 3127 1516 3188 Toronen.
1530 3127 1563 3188 11
1572 3127 1794 3204 suffraganeis
1803 3131 1878 3207 ejus.

1133 3221 1226 3283 Licet
1246 3223 1444 3298 Apostolicae
1464 3223 1632 3286 servitutis
1656 3223 1805 3287 osticium
1827 3243 1881 3286 nos

1093 3317 1245 3379 omnibus
1256 3319 1290 3379 in
1300 3319 1430 3397 Justitia
1439 3320 1748 3395 statuatdebitores,
1759 3325 1886 3401 specia-

1093 3415 1170 3476 liter
1184 3417 1295 3478 tamen
1307 3419 1461 3478 tenemur
1475 3434 1518 3479 ex
1537 3434 1577 3479 eo
1599 3417 1805 3482 detensionis
1819 3422 1886 3499 cly-

1092 3527 1153 3588 peo
1166 3512 1284 3574 viduas
1297 3514 1513 3588 communire,
1529 3531 1610 3592 quas
1634 3519 1795 3578 Dominus
1809 3534 1884 3581 soce

1091 3609 1286 3686 prophetica
1315 3611 1466 3689 praecipit
1487 3612 1665 3686 defensari,
1691 3631 1831 3691 quarum
1853 3631 1885 3676 se

1092 3707 1252 3784 promittit
1266 3708 1444 3771 clamorem
1465 3709 1505 3771 ad
1533 3727 1608 3772 eum
1635 3713 1882 3776 vociferantium

1091 3804 1262 3878 exaudire,
1281 3821 1321 3868 ac
1341 3809 1456 3870 contra
1470 3823 1539 3881 eos,
1554 3809 1609 3885 qui
1636 3825 1695 3870 eas
1720 3810 1881 3882 laeserunt,

1091 3905 1302 3966 commoveri.
1319 3905 1400 3966 Cum
1414 3905 1699 3981 igiturcarissima
1710 3907 1880 3971 inchristc

1092 4001 1160 4062 tilia
1175 4003 1378 4078 Berengaria
1394 4003 1557 4079 quondam
1570 4005 1754 4081 anglorum
1773 4007 1881 4082 regina

1092 4099 1232 4161 illustris
1256 4097 1446 4177 frequenter
1473 4115 1493 4161 a
1520 4101 1633 4162 multis
1659 4103 1728 4165 tam
1757 4104 1880 4166 clericis

1091 4212 1188 4275 qnam
1207 4197 1304 4258 laicis
1331 4197 1472 4276 injurias
1494 4200 1668 4271 sustineat,
1686 4201 1720 4262 et
1740 4203 1895 4278 rapinas..

1090 4312 1130 4357 ac
1144 4296 1244 4356 nimis
1260 4295 1292 4356 ei
1305 4295 1551 4373 dispendiosum
1564 4299 1652 4360 esset
1666 4298 1700 4360 et
1713 4314 1815 4375 grave
1825 4313 1877 4376 pro

1091 4393 1236 4472 querelis
1265 4393 1406 4470 singulis
1439 4393 1480 4455 ad
1511 4393 1628 4456 Sedem
1663 4395 1874 4473 apostolicam

1090 4492 1225 4553 nuntios
1239 4491 1417 4562 destinare,
1435 4506 1495 4552 nos
1517 4491 1548 4553 ei
1568 4493 1721 4556 volentes
1747 4497 1873 4572 paterna

1091 4589 1313 4650 sollicitudine
1327 4588 1512 4666 providere,
1530 4591 1744 4654 universitati
1765 4595 1871 4654 vestras

1089 4703 1150 4764 per
1163 4686 1350 4764 Apostolica
1363 4687 1486 4764 scripta
1508 4687 1733 4766 praecipiendo
1742 4689 1869 4750 manda-

1090 4801 1173 4857 mus,
1191 4785 1363 4861 quatenus,
1381 4786 1533 4862 quotiens
1546 4785 1587 4846 ab
1611 4801 1652 4848 ea
1676 4785 1803 4848 fueritis
1823 4801 1869 4846 re-

1089 4881 1214 4959 quisiti,
1236 4881 1373 4959 quilibet
1396 4884 1541 4945 vestrum
1565 4883 1606 4945 de
1633 4883 1773 4947 subditis
1797 4883 1864 4950 suis.

1089 4979 1145 5058 qui
1159 4996 1232 5041 eam
1247 4981 1519 5058 praesumpserint
1531 4980 1677 5044 indebite
1694 4984 1863 5050 molestare,

1088 5079 1152 5154 ipsi
1180 5077 1312 5140 faciatis
1336 5079 1559 5156 appellatione
1585 5081 1724 5154 remota,
1744 5078 1863 5158 justitia

1088 5174 1326 5253 plenitudinem
1349 5175 1511 5250 exhiberi,
1537 5177 1671 5240 eosdem
1697 5178 1738 5240 ad
1764 5177 1793 5239 id
1814 5188 1862 5252 per

1087 5289 1261 5336 censuram
1274 5273 1533 5336 ecclesiasticam
1553 5276 1772 5353 appellatione
1785 5273 1861 5352 post·

1088 5373 1193 5448 posita
1208 5371 1447 5449 compellendo.
1463 5374 1581 5434 Datum
1597 5375 1751 5437 Laterani
1762 5371 1858 5451 quarto

1086 5469 1161 5531 idus
1176 5469 1293 5547 aprilis
1308 5484 1396 5530 1110
1412 5471 1566 5533 secundo.

271 5625 312 5701 (1)
333 5623 373 5684 cl.
391 5625 496 5692 011111
512 5626 687 5697 compilatio,
710 5623 758 5684 lib.
774 5628 826 5696 111,
842 5628 1407 5702 1111111.1,11111111111,101.169.
