4014 6312
102 314 165 376 529
730 315 959 376 EPISTOLAE.
985 317 1065 378 LlB.
1088 317 1128 378 11.
1691 319 1750 380 530

143 472 214 536 Etsi
229 473 451 541 lamentabilis
475 489 571 536 casus
587 473 643 552 qui
660 473 781 536 accidit
792 475 899 537 caris-
953 475 1134 550 subiturus,
1151 491 1211 555 pro
1227 493 1266 542 eo
1282 479 1367 556 quod
1384 479 1500 542 centra
1519 479 1750 542 inhibitionem

100 572 243 634 simoin
268 571 398 635 Christo
420 573 490 633 iilic
514 573 627 634 nostro
652 572 898 650 P.impetarori
953 575 1150 652 Apostolicae
1171 574 1265 638 Sedis
1279 591 1393 653 regem
1415 579 1447 639 et
1462 593 1601 653 regnum
1621 577 1749 655 angliae
1794 603 1798 614 ·

98 669 468 747 Constantinopolitano
491 669 616 732 illustri
636 671 771 732 Latinos
785 672 899 747 tangat
952 673 1169 749 impugnavit.
1193 675 1311 735 Datum
1331 673 1498 747 Laterani,
1515 676 1621 752 pridie
1644 691 1749 737 nonas

99 766 898 847 communiteruniversos(l),specialitertameri
953 769 1748 848 novembris,pontiiicatusnostriannosecundo.

96 867 234 940 gentem
254 867 403 927 noscitur
413 866 550 942 tangere
566 865 781 939 Gallicanam,
801 883 898 944 qnam
1729 863 1743 900 ’

96 979 167 1024 non
184 963 291 1025 solum
314 979 373 1041 pro
398 964 470 1040 ipso
489 964 688 1041 imperatore
714 966 747 1027 et
774 965 816 1025 iis
842 965 898 1042 qui
993 949 1521 1026 lnssumdssmmmmscl'iltflm
1535 949 1749 1011 &Omnibus

97 1059 292 1123 detinentur
312 1077 386 1122 cnm
411 1077 462 1133 eo,
487 1061 662 1123 sollicitam
682 1078 756 1124 esse
771 1063 900 1138 oportet
935 1045 1213 1132 ‚alsshitllssffllis
1229 1047 1379 1107 Ffflfflae
1393 1048 1426 1107 θῒ
1439 1046 1659 1122 suffraganeis
1680 1047 1749 1108 suis

97 1159 133 1219 et
148 1158 295 1231 anxiam,
320 1173 436 1220 verum
453 1158 552 1221 etiam
568 1159 709 1221 sollicite
726 1159 900 1236 providere
953 1157 1059 1216 vidite
1072 1145 1183 1204 Terrae
1194 1141 1342 1204 subsidiO
1357 1143 1547 1204 Omiflefflsst·

96 1273 142 1316 ne
156 1257 262 1318 totum
277 1255 454 1334 imperium
475 1255 659 1329 Romaniae,
676 1273 751 1317 cum
772 1256 899 1333 ingenti

96 1354 210 1429 gloria
224 1354 457 1430 conquisitum,
474 1370 541 1416 non
560 1353 684 1432 absque
706 1354 899 1417 contusione
1305 1320 1398 1408 UH
1417 1367 1419 1370 ·

96 1467 160 1528 lmr
211 1452 317 1528 ipsius
369 1452 580 1528 ifflPOPRtOPiS
628 1453 899 1529 impedimentum
986 1475 1038 1534 Ad
1059 1473 1246 1535 Walternm
1259 1477 1510 1534 Eboraccnscrn
1527 1475 1718 1548 arcbtepts-
1762 1515 1766 1522 ·

97 1549 242 1620 amittat,
260 1565 334 1610 cum
360 1549 571 1612 fraudulenta
595 1552 784 1611 Graecorum
803 1550 898 1611 timi·
1284 1585 1415 1644 copam,

96 1647 199 1719 ditas,
214 1663 274 1723 pro
285 1663 323 1708 eo
335 1647 420 1726 qnod
436 1648 471 1708 in
487 1648 550 1709 hee
563 1647 626 1709 sibi
637 1648 837 1709 successisse
853 1648 899 1708 vi·
1250 1693 1267 1749 b
1286 1706 1343 1749 nov
1371 1692 1438 1749 lili

96 1744 217 1817 detur,
257 1761 292 1806 se
325 1745 359 1806 in
392 1746 519 1807 tantam
556 1745 686 1807 dicatur
725 1745 898 1808 audaciam
1346 1735 1352 1749 '
1443 1735 1449 1748 '
1478 1806 1483 1816 ,

94 1843 260 1914 erexisse,
278 1843 364 1920 qued
386 1843 513 1905 Latinis
535 1844 591 1921 qui
616 1842 742 1905 suntin
757 1843 898 1920 imperio
1073 1805 1220 1872 mathian,
1235 1808 1337 1857 um*
1350 1807 1377 1855 ⁰¹
1387 1807 1525 1864 loentum,
1540 1821 1566 1870 μ’
1578 1805 1645 1870 m]

93 1941 896 2012 memorato,nisieeleritersuccurratureisdem,
953 1922 1160 2024 Βθῦθῃθῑθζΰῐῃ
1180 1922 1360 1980 ⁰⁰¹¹⁰¹i0¹¹0¹¹¹
1383 1922 1507 2024 abipso
1533 1921 1750 1995 tl0h10l5⁸⁰⁰l0

93 2053 202 2113 grave
216 2038 348 2099 videtur
363 2039 547 2115 periculum
562 2039 747 2101 imminere·
762 2039 801 2100 Et
822 2038 892 2116 qui,
1007 2026 1146 2070 canonice
1160 2010 1265 2069 lectam
1281 2019 1452 2084 recognovit
1469 2019 1498 2068 et
1510 2027 1575 2069 eum
1590 2010 1696 2068 landet.

95 2136 174 2195 dem
187 2150 246 2195 nos
262 2149 362 2213 super
375 2135 482 2212 ipsius
494 2136 705 2213 imperatoris
717 2137 750 2197 ct
764 2151 898 2196 suorum
993 2137 1173 2211 Honorius,
1183 2139 1260 2211 etc,
1276 2138 1475 2202 liberacensi
1486 2139 1748 2216 archiepiscopo.

94 2233 253 2310 captione
268 2248 307 2294 ac
322 2233 509 2295 detentione
525 2233 661 2310 indigna
675 2234 766 2296 tanto
786 2229 899 2294 dolere
993 2237 1068 2298 Non
1089 2238 1139 2298 est
1159 2252 1281 2298 novum
1302 2237 1387 2314 quod
1403 2237 1542 2314 angelus
1563 2239 1694 2298 Satanae
1714 2236 1748 2296 in

93 2329 353 2407 pertringimnr,
383 2331 591 2393 attendentes
628 2332 662 2394 et
690 2331 898 2394 devotionem
953 2335 1038 2395 lucis
1055 2333 1210 2410 angelum
1229 2351 1265 2395 se
1278 2335 1502 2406 transformet,
1525 2334 1751 2396 etimmissio-

94 2428 194 2489 illius
219 2430 252 2489 et
271 2428 469 2505 apostolicae
497 2429 592 2491 Sedis
614 2429 783 2506 injuriam,
805 2431 898 2505 quus
953 2447 1084 2509 uesper
1098 2431 1353 2507 malosangelos
1369 2447 1457 2508 saepe
1471 2432 1563 2504 dant,
1577 2446 1617 2492 ac
1632 2430 1747 2491 adver-

93 2526 232 2602 legatus
242 2523 289 2604 (2)
300 2525 467 2589 detinetur
480 2543 554 2588 cum
567 2528 650 2604 ipsc,
664 2543 704 2588 ac
714 2527 898 2604 periculum
954 2546 1010 2591 sus
1033 2529 1227 2591 innocentes
1242 2529 1495 2605 malignantium
1511 2529 1696 2590 simultates
1717 2531 1751 2590 et

93 2623 186 2702 quod
202 2624 330 2685 Latinis
343 2623 562 2686 existentibus
577 2625 611 2686 in
627 2625 767 2702 imperio
779 2641 900 2686 memo·
953 2627 1182 2688 aemulationes
1207 2626 1394 2703 insurgant.
1410 2627 1646 2690 Verumtamen
1675 2625 1751 2701 dig·

92 2724 173 2784 rato
182 2722 356 2784 imminere
364 2723 505 2794 videtur,
518 2723 603 2800 quod
614 2723 655 2785 ad
669 2723 897 2784 liberationem
954 2739 1032 2784 num
1055 2724 1155 2786 estut
1177 2725 1372 2785 aemulorum
1396 2724 1552 2800 figmenta
1570 2739 1636 2784 non
1656 2738 1748 2800 prae-

92 2821 247 2897 ipsorum
260 2819 478 2883 libentissime
491 2821 729 2884 excitassemus
746 2821 898 2883 crucesi·
953 2821 1086 2884 valeant
1107 2822 1251 2894 veritati,
1278 2821 1335 2882 sed
1357 2821 1487 2883 salsitas
1514 2813 1748 2882 coniusa'suc-

91 2920 275 2993 gnatorum
288 2919 481 2991 exercitum,
497 2919 561 2979 nisi
574 2934 661 2991 eum,
672 2936 731 2996 pro
742 2921 836 2996 cujus
849 2919 899 2981 est
953 2919 1094 2992 cumbat,
1112 2920 1145 2980 et
1156 2919 1400 2981 detrahentium
1411 2917 1500 2980 labia
1513 2917 1747 2980 conticescant.

94 3017 237 3093 paratus
263 3016 440 3094 obsequio,
470 3016 696 3078 timuissemus
729 3017 897 3079 offendere
992 3017 1084 3078 Licet
1107 3017 1217 3078 autem
1241 3015 1282 3076 ad
1303 3015 1589 3094 importunitatem
1612 3015 1643 3076 et
1666 3031 1749 3090 sug·
1824 3057 1837 3070 .

91 3117 112 3176 J
116 3128 212 3174 esum
227 3114 404 3176 Christum.
951 3115 1135 3191 gestionem
1151 3113 1379 3191 quorumdam,
1401 3112 1643 3190 aliquantulum
1664 3109 1746 3172 dure

137 3211 333 3288 Excogitata
360 3212 463 3288 igitur
483 3213 540 3274 ria
568 3227 644 3290 qua,
660 3212 744 3290 sine
775 3213 897 3276 Christi
952 3213 1067 3274 contra
1086 3212 1130 3283 te,
1159 3227 1256 3288 quem
1278 3210 1409 3272 sincera
1435 3209 1605 3286 diligimus
1628 3209 1662 3269 in
1683 3209 1749 3270 Do-

92 3309 239 3377 offensa,
251 3310 444 3386 imperatori
456 3310 613 3387 praedicto
628 3310 662 3371 et
677 3309 755 3370 aliis
769 3327 844 3373 cnm
858 3326 897 3372 ee
952 3310 1042 3370 mino
1057 3309 1209 3382 caritate,
1226 3309 1262 3370 in
1277 3308 1473 3386 quibusdam
1498 3308 1620 3369 nostris
1636 3307 1751 3368 videa-

92 3407 251 3477 detentis,
266 3422 304 3468 ac
314 3407 414 3468 etiam
430 3407 556 3470 Latinis
570 3407 721 3469 omnibus
741 3409 776 3469 in
792 3425 899 3486 saepe·
953 3423 1027 3467 mur
1052 3407 1171 3469 litteris
1202 3408 1416 3484 processisse,
1438 3421 1505 3467 non
1530 3406 1641 3467 tamen
1668 3420 1748 3482 erga

92 3505 185 3565 dicte
196 3504 337 3581 imperio
351 3504 620 3577 consistentibus,
637 3506 761 3582 posset,
777 3507 814 3569 ut
831 3521 900 3568 cre·
952 3521 1129 3581 personam
1152 3505 1243 3565 tuam
1266 3505 1388 3565 nostrae
1408 3502 1512 3566 detuit
1529 3502 1677 3565 caritatis
1699 3502 1751 3562 ai-

92 3603 228 3673 dimns,
263 3601 445 3664 elilcaciter
477 3601 664 3675 subveniri,
697 3603 895 3665 fraternitat'
956 3601 1073 3673 fectus,
1102 3601 1183 3679 quin
1206 3601 1316 3677 potins
1342 3603 1398 3662 tuo
1423 3599 1658 3661 consulebatur
1685 3598 1750 3661 ho-

93 3699 219 3760 vestrae
251 3715 311 3776 per
333 3700 522 3777 Apostolica
551 3701 674 3777 scripta
702 3701 897 3762 mandamns
953 3699 1038 3770 nori,
1054 3699 1093 3770 si,
1109 3698 1194 3775 quod
1211 3697 1308 3770 absit,
1323 3712 1404 3758 vera
1419 3696 1560 3759 luissent
1576 3712 1650 3774 quae
1663 3694 1703 3756 de
1717 3695 1750 3758 te

92 3797 262 3874 quatenus
275 3797 398 3876 singuli
409 3797 571 3862 moneatis
582 3796 695 3860 fideles
705 3800 898 3874 pervestras
954 3795 1048 3857 nobis
1077 3795 1211 3857 fuerant
1236 3795 1400 3856 intimata.
1428 3797 1550 3856 Verum
1581 3809 1681 3872 quum
1707 3809 1750 3855 ex

92 3895 261 3956 dioeceses
285 3895 492 3968 constitutos,
512 3895 545 3957 et
557 3894 606 3957 eis
621 3897 769 3976 exparte
784 3896 899 3958 nestra
953 3893 1074 3954 litteris
1087 3892 1252 3954 carissimi
1266 3891 1301 3952 in
1315 3891 1445 3954 Christo
1459 3891 1520 3951 tilii
1535 3890 1640 3953 nostri
1653 3893 1748 3952 Hen-

92 3992 377 4054 inremissionem
402 3993 631 4070 peccaminum
643 3993 827 4071 injungatis
850 3995 896 4066 ut,
954 3991 1015 4053 rici
1037 3991 1176 4053 illustris
1191 3990 1280 4066 regis
1294 3989 1422 4066 Angliae
1445 3989 1556 4051 dilecti
1575 3989 1634 4050 tilii
1652 3991 1688 4050 G.
1705 3987 1751 4049 ti-

93 4091 209 4151 crucis
234 4091 412 4167 assumpto·
428 4090 610 4166 signaculo,
635 4090 676 4151 ed
705 4085 898 4152 succursum
952 4089 1014 4150 tuli
1044 4089 1158 4154 Sancti
1183 4089 1320 4150 Martini
1348 4088 1534 4166 presbiteri
1549 4087 1747 4159 cardinalis,

92 4187 310 4265 imperatoris
331 4188 482 4266 praedicti
501 4188 645 4254 viriliter
663 4203 698 4251 se
711 4187 897 4264 accingant,
953 4186 1150 4263 Apostolicee
1167 4186 1261 4248 Sedis
1276 4185 1388 4262 legati,
1405 4186 1438 4247 et
1454 4185 1670 4247 Eboracensis
1692 4199 1752 4246 ca-

93 4285 143 4346 ita
158 4287 271 4349 tamen
288 4285 373 4361 quod
387 4285 411 4346 ii
427 4285 483 4363 qui
494 4288 564 4363 jam
585 4285 807 4360 crucesignati
823 4289 900 4347 sunt
954 4284 1061 4360 pituli,
1087 4284 1313 4360 acceperimus
1327 4285 1360 4345 te
1382 4299 1483 4360 super
1497 4282 1675 4345 collatione
1690 4282 1752 4343 be-

93 4398 158 4459 pro
173 4381 323 4443 subsidio
346 4385 457 4444 Terrae
483 4382 624 4454 Sanctae,
647 4383 782 4459 propter
801 4381 898 4443 hoca
954 4381 1148 4442 neficiorum
1165 4384 1316 4457 Morgan.
1339 4385 1377 4443 Α.
1395 4380 1560 4459 quondam
1580 4378 1749 4457 praepositi

94 4495 158 4540 suo
172 4478 341 4560 proposito
352 4495 419 4539 non
432 4479 608 4550 divertant,
621 4479 678 4542 sed
688 4479 840 4558 proximo
852 4479 900 4540 lu·
953 4479 1218 4552 Beverlacensis,
1245 4495 1312 4541 non
1336 4478 1456 4541 iecisse
1483 4478 1598 4538 contra
1625 4477 1746 4539 statuta

93 4577 174 4637 ture
185 4575 340 4654 passagio
354 4576 465 4637 votum
483 4576 621 4653 exsequi
635 4575 799 4648 studeant,
812 4575 898 4653 quod
953 4576 1119 4654 generalis
1135 4576 1284 4648 Concilii,
1307 4576 1393 4636 sicut
1413 4592 1432 4636 a
1453 4575 1520 4636 tuis
1543 4575 1672 4635 aemulis
1688 4590 1750 4635 no-

95 4673 138 4734 de
153 4671 376 4749 ipsiusTerrae
390 4671 739 4734 subsidioemiserunt.
751 4673 800 4737 Ad
812 4672 895 4745 haec,
953 4674 1097 4750 tabatis;
1130 4691 1190 4736 nos
1228 4673 1376 4735 eamdem
1408 4673 1630 4744 collationem,
1662 4672 1750 4735 sicut

95 4769 205 4831 nobili
216 4769 287 4831 viro
303 4773 341 4832 R.
358 4769 405 4850 (3)
419 4773 460 4832 cle
468 4771 648 4846 cortenay,
663 4757 770 4847 ipsius
793 4770 900 4847 impe·
953 4771 1041 4833 iacta
1055 4772 1115 4843 est,
1132 4771 1291 4832 canonice
1302 4769 1534 4848 approbamus.

94 4867 222 4931 rateris
237 4882 407 4944 germano,
425 4867 621 4929 auctoritate
635 4867 826 4944 Apostolica
845 4867 900 4928 in·
993 4869 1172 4940 Praeterea,
1187 4868 1265 4945 quia
1281 4868 1367 4929 sicut
1382 4884 1425 4930 ex
1443 4867 1564 4929 litteris
1579 4865 1749 4929 intellexi-

90 4965 246 5043 jungatis
261 4965 296 5031 ut
307 4965 378 5042 ipse
394 4965 583 5042 specialiter
593 4981 667 5030 cnm
680 4964 822 5028 extortio
838 4981 898 5026 suo
953 4983 1026 5026 mus
1040 4965 1283 5042 praedictorum,
1308 4965 1394 5027 idem
1413 4965 1610 5043 praepositus
1626 4967 1750 5026 Bever·

95 5063 139 5124 ad
149 5063 256 5138 ipsius
269 5063 480 5142 imperatoris
492 5077 685 5124 succursum
696 5079 731 5124 se
746 5063 898 5138 accingat
953 5063 1106 5136 lacensis
1124 5064 1180 5142 qui
1195 5063 1336 5125 vivificae
1347 5064 1461 5124 Crucis
1473 5065 1606 5140 signum
1619 5063 1749 5140 accepit

95 5159 243 5221 viriliter
264 5163 296 5221 et
317 5159 479 5237 potenter,
498 5159 676 5222 transitum
698 5175 758 5237 per
781 5159 898 5220 Sedem
953 5161 993 5222 de
1008 5177 1143 5223 suorum
1158 5161 1393 5223 beneficiorum
1410 5162 1634 5238 proventibus,
1651 5161 1749 5237 prout

96 5256 324 5334 Apostolicam
340 5257 502 5329 iaciendo,
518 5258 657 5319 remisso
669 5257 732 5318 sibi
744 5257 899 5318 Hieroso·
953 5258 1048 5320 nobis
1064 5259 1255 5336 suggestum
1270 5259 1379 5321 inerat
1393 5259 1475 5320 nihil
1491 5260 1527 5319 in
1549 5259 1653 5319 morte
1674 5257 1747 5318 dis-

96 5353 899 5434 lymitanaeperegrinationislaborequemsuerat
953 5355 1073 5435 posuit,
1102 5357 1181 5434 quin
1209 5358 1318 5435 potius
1345 5359 1422 5418 ante
1445 5371 1542 5416 suum
1566 5353 1691 5416 obitum
1716 5357 1750 5416 et

150 5497 175 5568 l)
189 5497 264 5552 Petri
273 5463 477 5580 deCnnrtiniaco
487 5511 585 5584 casum
595 5497 755 5581 luculenter
765 5496 899 5556 describit
989 5495 1018 5568 (Ξ
1049 5499 1175 5555 loannes
1185 5496 1220 5555 de
1231 5499 1377 5565 Columna,
1391 5495 1537 5570 presbyter
1550 5493 1711 5552 cardinalis.

98 5495 241 5712 little
255 5567 895 5714 tltttlttaeintelletibilis·
989 5569 1017 5642 (³
1052 5567 1183 5626 ΝΜΟ·

230 5678 239 5706 5
550 5681 557 5707 5
635 5682 641 5694 ι
889 5683 896 5696 ο
