4072 6314
269 413 330 472 hle

268 571 393 648 scripta
408 570 601 632 mandamus
623 573 656 632 et
670 569 819 634 districte
842 573 1064 650 praecipimus

268 671 431 752 quatenus
446 668 512 730 tam
524 669 614 746 ipsos
626 684 725 746 quam
737 684 851 731 omnes
867 669 1022 748 praelatos
1034 671 1067 732 et

268 769 352 829 alios
379 765 544 839 lautores,
569 768 738 843 tamquam
764 769 1066 838 excommunicatos

268 864 386 926 evitari
399 865 523 926 arctius
539 863 680 937 faciatis
698 866 731 927 et
754 864 909 942 praefatas
931 867 1067 927 senten-

267 963 332 1024 tias
357 963 498 1038 singulis
523 961 638 1023 diebus
665 962 840 1024 dominicis
868 966 902 1026 et
925 962 1064 1036 festivis,

267 1060 406 1138 pulsatis
442 1060 614 1137 campanis
649 1062 682 1122 et
711 1060 859 1122 candelis
893 1060 1064 1133 accensis,

267 1158 489 1235 appellatione
514 1159 651 1231 remota,
678 1157 870 1220 solemniter
890 1157 1065 1236 publicari,

268 1255 616 1332 saepedictamterram
635 1256 670 1316 in
685 1272 724 1317 eo
740 1257 828 1318 statu
851 1259 1011 1336 quaerat,
1026 1271 1066 1318 eo

266 1357 496 1432 temporeque
515 1354 622 1430 primo
637 1354 729 1416 citati
751 1354 854 1427 fuere,
870 1354 1067 1416 auctoritate

267 1451 383 1512 nostra
405 1451 622 1512 nihilominus
642 1454 887 1524 conservantes
910 1452 1068 1515 molesta-

269 1549 357 1609 tores
387 1548 419 1609 et
446 1548 631 1611 turbatores
664 1549 769 1627 ipsine
802 1567 862 1628 per
892 1566 1066 1613 censuram

269 1645 549 1722 ecclesiasticam,
574 1648 703 1710 sublato
730 1648 905 1726 qu'uslibet
933 1649 1068 1710 contra-

269 1743 423 1805 dictionis
446 1747 479 1805 et
507 1746 741 1822 appellationis
762 1745 943 1818 obstaculo,
972 1760 1066 1808 com-

268 1842 442 1920 pescendo.
459 1844 550 1914 Quod
567 1845 595 1903 si
610 1860 676 1906 non
687 1859 813 1916 omnes,
827 1844 892 1904 duo
907 1846 1066 1914 vestrum,

268 1940 331 2000 etc.
339 1941 457 2001 Datum
474 1942 641 2012 Laterani,
652 1942 769 2019 quarto
782 1941 1066 2008 nonastebruarii,

268 2051 355 2098 anno
371 2038 527 2098 secundo.

308 2235 345 2292 ln
358 2233 509 2294 eumdem
518 2233 650 2294 modum
664 2233 823 2310 scriptum
836 2234 888 2295 est
901 2231 1068 2296 nobilibus

266 2331 361 2400 viris,
378 2331 527 2404 ducibus,
552 2331 738 2402 comitibus,
764 2330 956 2404 baronibus
973 2332 1067 2394 mili-

268 2429 368 2502 tibus,
389 2429 422 2490 et
443 2428 519 2489 aliis
541 2429 663 2490 Christi
683 2429 836 2492 fidelibus
855 2445 914 2507 per
927 2445 1069 2506 regnum

267 2527 430 2596 Franciae,
443 2542 482 2587 ae
495 2527 776 2598 Bisuntinensem,
786 2530 1026 2588 Treverensem
1037 2530 1069 2589 et

269 2623 499 2684 coloniensem
531 2623 719 2700 provincias
751 2624 950 2688 constitutis.
988 2626 1068 2685 Cum

269 2721 348 2781 olim
365 2720 485 2782 dilecta
509 2720 544 2781 in
562 2721 692 2783 Christo
706 2722 785 2793 filia,
815 2723 889 2794 etc„
912 2722 1068 2798 usquein

271 2833 331 2878 sua
356 2818 482 2879 ducunt
505 2817 633 2879 malitia
658 2819 909 2895 persIstendum.
939 2823 1069 2882 Deinde

268 2915 472 2988 attestator:
488 2915 648 2987 Quocirca
661 2916 912 2978 universitatem
924 2918 1069 2978 vestram

271 3013 487 3076 exhortamur
497 3014 532 3076 in
543 3014 694 3087 Domino,
706 3030 766 3092 per
775 3014 965 3092 Apostolica
976 3014 1069 3077 vobis

273 3112 395 3188 scripta
407 3113 1069 3191 mandantes,quatenustamipsosquam

267 3223 383 3269 omnes
406 3208 563 3286 praelatos
592 3211 625 3272 et
656 3211 753 3282 alioS,
783 3212 820 3272 ut
853 3211 976 3272 dictum
1007 3211 1067 3282 est,

268 3320 383 3367 eorum
395 3305 554 3378 fautores,
573 3307 743 3384 tamquam
765 3308 1069 3370 excommunicatos

269 3401 303 3462 in
314 3402 466 3464 omnihus
477 3403 601 3465 arctius
615 3405 759 3476 evitetis,
776 3420 818 3466 ne
836 3405 913 3466 alite
926 3405 1069 3482 partici-

268 3501 388 3577 pando,
417 3500 610 3563 efficiamini
625 3502 731 3578 culpae
752 3503 785 3564 et
799 3502 886 3564 notae
899 3505 1069 3565 consortes

268 3598 304 3659 in
325 3599 470 3676 propriae
494 3599 612 3660 salutis
631 3599 840 3676 dispendium
859 3600 892 3662 et
906 3599 1002 3662 tamea
1022 3601 1070 3661 ni-

268 3695 448 3756 bilominus
484 3697 732 3770 detrimentum,
759 3715 834 3760 cum
861 3698 984 3760 talibus
1020 3699 1069 3760 sio

268 3795 513 3856 communicare
532 3794 678 3857 scienter
701 3796 736 3856 in
754 3798 976 3874 contemptum
999 3798 1070 3858 cla-

267 3891 359 3951 vium
382 3892 538 3954 Ecclesiae
559 3910 626 3956 non
643 3893 687 3955 sit
703 3893 840 3956 dublum
855 3894 1043 3956 redundare
1060 3911 1067 3949 :

269 4004 350 4064 quas
366 3989 394 4050 si
403 3991 641 4067 contempserit
654 3991 761 4052 dintus
775 3992 1066 4063 Erar·dusdiutiuS‚

268 4100 344 4144 cum
355 4088 426 4160 jam
451 4087 495 4149 sit
511 4086 635 4164 duplici
655 4087 773 4165 laqueo
797 4089 1069 4149 excommunica-

269 4180 370 4242 tionis
390 4183 579 4254 adstrictus,
598 4184 717 4261 poterit
737 4200 803 4245 non
819 4185 984 4246 immerito
1000 4185 1070 4246 ior-

268 4277 396 4338 midare
412 4295 453 4340 ne
468 4281 579 4340 notam
602 4280 752 4342 incurrat
769 4280 936 4344 haereticae
956 4282 1070 4358 pravi-

269 4376 358 4446 tatis,
368 4377 470 4439 etnos
481 4378 616 4455 propter
630 4377 693 4438 hoc
708 4377 823 4440 contra
839 4393 913 4439 eum
930 4377 1069 4442 forsitan

268 4474 487 4552 procedamus
513 4477 611 4554 prout
634 4476 749 4538 contra
786 4475 869 4538 tales
898 4477 1070 4539 consuevit

269 4573 414 4648 procedi,
436 4589 511 4636 oum
526 4575 562 4634 in
581 4574 644 4635 hoc
660 4574 792 4652 negotio
803 4588 917 4650 pacem
933 4573 966 4633 et
974 4573 1071 4650 justi·

269 4669 350 4730 tiam
360 4672 598 4749 amplexemur,
610 4671 728 4750 quibus
739 4672 827 4734 idem
838 4670 984 4733 Erardus
994 4686 1069 4732 curn

273 4913 278 4924 Ι
306 4844 345 4916 (l)
361 4847 519 4920 Maurique,
535 4849 642 4905 Anacl.
656 4849 862 4917 attrectatae,
876 4853 894 4907 t.
906 4849 953 4916 lv,
966 4863 994 4920 p.
1006 4847 1066 4912 tlt,

271 4923 372 4970 norum
392 4919 500 4974 recudit
520 4920 676 4990 Epistolam
702 4920 819 4978 llonorii
839 4918 875 4978 ad
895 4921 1067 4994 Raynerlum

270 4984 400 5042 abbatem
416 4989 598 5044 Casaentarini
615 5005 664 5060 per
680 5005 765 5061 quam
787 4989 927 5064 promittit
952 5005 983 5048 se
1003 5006 1067 5048 curn

269 5055 426 5112 honorabili
438 5066 511 5114 coetu
524 5059 815 5132 archiepiscoporum,
829 5063 1028 5134 episcoporum
1040 5069 1068 5118 et

268 5126 453 5184 cardinalium
467 5129 571 5185 iturum
586 5145 650 5186 esse
663 5130 691 5186 in
714 5147 834 5203 persona
857 5133 903 5190 dle
929 5133 981 5190 XV
1000 5147 1065 5204 sep-

268 5198 385 5256 tembris
412 5199 447 5256 ad
475 5199 626 5257 ecclesiam
656 5210 815 5261 conventus
843 5203 1067 5260 consecrandam

270 5269 332 5349 Vid.
350 5269 424 5328 hanc
439 5271 528 5343 lipist.
544 5271 599 5330 col.
615 5271 677 5342 lea,
694 5275 789 5346 mill,
811 5273 872 5332 bib.
896 5276 933 5332 ll.
959 5273 1067 5334 Deinde

270 5339 373 5412 adjecit
386 5344 533 5400 annalista
550 5357 557 5398 :

306 5431 317 5459 ι
335 5413 402 5469 llaec
418 5414 559 5472 Honorius
572 5411 608 5470 de
618 5413 801 5472 casamarinl
819 5412 947 5472 Basilice
963 5427 1064 5470 conse·

267 5481 404 5551 oratione,
420 5499 505 5555 quern
530 5486 647 5558 insuper
673 5485 798 5557 pluribus
827 5485 890 5544 aliis
911 5485 1067 5544 cumulavit

267 5551 423 5610 beneficiis.
435 5557 529 5612 Primo
538 5557 614 5614 enirn
623 5556 652 5614 in
660 5554 716 5613 hoc
726 5556 788 5629 ipso
798 5556 1064 5629 sannitdlplonratc‚

268 5631 300 5681 ut
315 5622 376 5680 baec
387 5627 564 5683 consecratio
584 5641 677 5684 annua
701 5626 863 5684 novendiali
887 5627 1066 5684 solemnitate

268 5694 467 5765 celebraretur,
477 5705 504 5753 et
518 5698 616 5756 lideles
631 5698 873 5756 illucaccedentee
889 5711 985 5755 annuo
999 5711 1066 5769 quo-

886 413 1061 473 nononrr
1085 413 1130 472 rrr
1152 385 1319 474 ornans
1845 420 1894 477 cao

1121 572 1304 636 fautoribus
1325 574 1396 636 suis
1411 575 1618 653 contemptis,
1635 591 1702 638 non
1719 576 1822 638 solum
1835 593 1900 651 reg-

1121 687 1199 732 num
1235 673 1385 738 Francia
1417 673 1535 735 nititur
1563 674 1775 751 perturbare,
1802 675 1854 736 sed
1874 677 1901 736 et

1120 773 1232 832 Terrae
1244 771 1373 833 Sanctae
1388 787 1448 850 per
1458 771 1522 833 hoc
1536 772 1697 849 impedire
1713 788 1899 832 succursum.

1122 868 1386 946 Slcergoipsum
1402 869 1577 932 decaetero
1597 870 1741 942 evitetis,
1760 869 1841 946 quod
1853 885 1902 930 vos

1120 982 1194 1026 esse
1220 967 1312 1044 pacis
1339 967 1426 1050 filios
1456 983 1516 1044 per
1548 967 1787 1030 exhibitionem
1809 968 1902 1044 operis

1121 1065 1313 1137 ostendatis,
1326 1065 1359 1127 et
1369 1081 1482 1128 amare
1492 1066 1658 1144 justitiam
1669 1068 1702 1126 et
1718 1064 1904 1141 odloiniqui·

1120 1162 1222 1224 tatem
1237 1159 1377 1236 habere,¹
1387 1165 1521 1242 propter
1535 1164 1621 1240 quod
1637 1164 1711 1225 oleo
1727 1163 1905 1224 mereamini

1122 1260 1355 1324 exsultationis
1379 1262 1506 1338 inungi,
1522 1277 1582 1342 per
1596 1262 1678 1323 illud
1702 1261 1744 1322 ad
1765 1263 1905 1328 aetemam

1121 1357 1272 1420 laetitiam
1300 1360 1503 1436 perventuri.
1534 1361 1653 1422 Datum
1680 1359 1846 1430 Laterani,
1869 1359 1906 1418 lll

1122 1471 1227 1517 nonas
1242 1454 1414 1529 februarii,
1430 1473 1518 1520 anno
1534 1456 1691 1519 secundo.

1442 1652 1605 1741 CXXIII

1162 1805 1214 1864 Ad
1227 1805 1444 1878 achamom
1461 1805 1663 1866 abbatemet
1676 1802 1877 1865 concernunt

1403 1905 1641 1964 Cascencortnt.

1431 2041 1517 2102 3leb.
1535 2042 1614 2100 1218.

1185 2166 1338 2231 [Maurique
1348 2165 1461 2216 Annales
1470 2165 1655 2224 cistercienses,
1667 2172 1686 2215 t.
1703 2164 1748 2224 1v,
1764 2179 1791 2230 p.
1804 2163 1866 2226 tlt]

1124 2291 1334 2367 indulgentiam
1355 2291 1486 2350 concedit
1502 2294 1530 2348 ln
1546 2291 1745 2350 anniversario
1760 2289 1807 2348 die
1821 2303 1909 2346 conse·

1288 2381 1424 2438 cretionis
1438 2380 1550 2437 illorum
1565 2379 1694 2436 eeclesia
1707 2378 1761 2452 (l).

1164 2515 1256 2576 Licet
1268 2515 1377 2578 autem
1388 2513 1626 2576 monasterium
1636 2514 1788 2575 vestrum
1797 2511 1914 2590 jnriset

1123 2613 1295 2692 potestatis
1315 2612 1359 2675 sit
1380 2613 1474 2674 Sedis
1498 2611 1695 2690 Apostolicae
1719 2609 1910 2690 specialiter,

1124 2711 1201 2788 quia
1215 2712 1327 2772 tamen
1343 2726 1386 2772 ex
1399 2710 1462 2771 boc
1469 2709 1557 2787 juris
1572 2709 1699 2770 scilicet
1711 2707 1914 2788 proprietatis

1125 2809 1228 2886 Ipsius
1244 2808 1424 2888 specialius
1444 2809 1493 2869 est
1509 2807 1674 2878 effectum,
1690 2822 1754 2866 nos
1768 2805 1848 2866 illud
1863 2802 1914 2863 sub

1125 2906 1262 2984 speciali
1278 2921 1358 2967 cura
1374 2907 1407 2968 et
1420 2905 1598 2982 principali
1611 2904 1713 2966 tutela
1730 2903 1823 2965 beati
1836 2901 1913 2963 Petri

1124 3004 1322 3081 suscipimus
1361 3019 1434 3064 cum
1470 3002 1617 3064 omnium
1643 3000 1760 3073 rebuS,
1786 3016 1865 3080 quas
1886 2998 1915 3058 ln

1124 3102 1377 3179 praesentiarum
1388 3103 1478 3178 justo
1501 3100 1598 3163 titulo
1623 3097 1784 3178 possidet,
1810 3099 1866 3160 aut
1886 3097 1915 3156 in

1124 3199 1271 3262 futurum
1293 3199 1394 3277 Justis
1423 3197 1529 3260 modis
1565 3198 1686 3274 poterit
1717 3196 1862 3274 adipisci
1887 3193 1917 3252 ut

1125 3296 1305 3358 secundum
1328 3295 1503 3375 privilegia
1538 3295 1824 3374 praedecessorum
1849 3307 1919 3354 nos·

1124 3396 1260 3468 trorum,
1278 3395 1310 3457 et
1329 3395 1442 3456 nostra
1463 3408 1593 3471 semper
1618 3409 1675 3454 eas
1697 3393 1775 3454 sine
1794 3393 1919 3454 contra·

1123 3487 1918 3570 dictionepossideatgaudensubiqueprivilegiis

1124 3593 1157 3652 et
1182 3590 1398 3666 indulgentiis
1419 3590 1596 3663 universis,
1617 3591 1688 3660 tam
1712 3586 1918 3664 generalibus

1125 3705 1223 3767 quam
1238 3686 1438 3766 specialibus
1464 3704 1484 3748 a
1510 3686 1595 3749 Sede
1609 3685 1802 3764 apostolica
1822 3686 1919 3762 impe-

1123 3787 1246 3860 tratis,
1283 3786 1385 3848 salvis
1422 3785 1554 3847 statutis
1581 3785 1720 3848 concilii
1745 3783 1916 3860 generalis.

1124 3886 1266 3946 Cunctos
1281 3884 1383 3961 igitur
1392 3883 1499 3960 ipsius
1506 3885 1586 3961 jnra
1602 3883 1775 3944 servantes
1791 3881 1919 3959 aposta

1125 3983 1222 4046 tolica
1236 3981 1422 4044 benedictio
1434 3982 1664 4058 prosequatur,
1678 3996 1803 4057 eosque
1814 3978 1919 4040 divina

1125 4082 1280 4157 majestas
1291 4079 1452 4158 justificet
1466 4078 1682 4156 inpraesenti,
1708 4079 1741 4138 et
1761 4073 1920 4154 glorificet

1124 4177 1159 4238 in
1183 4177 1303 4239 futuro.
1330 4176 1530 4238 Turbatcres
1554 4178 1664 4237 autem
1701 4175 1827 4252 ipsius,
1858 4171 1918 4234 nisi

1124 4274 1315 4336 commoniti
1326 4273 1536 4351 resipuerint,
1546 4289 1621 4336 reos
1632 4289 1667 4334 se
1679 4272 1792 4335 divino
1796 4270 1918 4350 jndicio

1124 4373 1164 4434 de
1179 4375 1367 4452 perpetrata
1382 4371 1557 4450 iniquitate
1572 4371 1785 4448 cognoscant,
1800 4371 1833 4431 et
1851 4385 1919 4432 rnu-

1124 4471 1214 4534 rreris
1227 4469 1426 4549 apostolicae
1440 4468 1681 4530 benedictionis
1697 4469 1862 4544 expertes

1164 4571 1281 4630 Datum
1312 4565 1470 4640 Laterani
1493 4567 1592 4628 tertio
1617 4581 1722 4626 nonas
1748 4560 1915 4630 februarii,

1124 4666 1334 4744 pontificatus
1349 4663 1454 4728 nostri
1469 4680 1557 4726 anno
1572 4664 1729 4726 secundo.

1124 4857 1179 4914 que
1199 4841 1441 4926 indulgentiarum
1457 4839 1592 4898 thesauro
1608 4839 1799 4911 locupletavit.
1823 4909 1828 4920 ⁵
1900 4906 1904 4917 Ι
2012 4875 2013 4894 r

1161 4935 1172 4962 ι
1195 4915 1230 4971 Ut
1245 4914 1333 4986 tpsrus
1348 4913 1460 4968 eclesie
1474 4911 1615 4968 dedicatio
1630 4910 1793 4968 veneranda
1818 4921 1916 4978 tsequr·

1124 4991 1168 5040 tur·
1179 4981 1332 5054 Honorius)
1347 4983 1480 5109 Ιεὶηῇυιίε
1501 4983 1584 5040 annis
1605 4981 1737 5042 devotius
1751 4980 1914 5060 celebretur,

1124 5055 1274 5123 universis,
1306 5068 1354 5126 qur
1389 5067 1403 5108 a
1461 5053 1654 5110 celebritatem
1697 5059 1914 5109 consecrationis

1123 5123 1250 5197 ejusdem
1266 5122 1336 5180 intra
1353 5138 1455 5180 novem
1469 5123 1531 5181 dies
1546 5123 1648 5181 devote
1663 5123 1859 5187 convenerint,
1880 5115 1913 5200 ad
2012 5159 2013 5164 η

1124 5197 1197 5253 illius
1205 5197 1338 5277 pietatem
1349 5195 1462 5277 confisi,
1472 5197 1518 5252 cul
1527 5203 1572 5278 est
1581 5201 1763 5267 peccatorum
1777 5194 1913 5274 remisero,
2012 5255 2013 5258 Ἴ

1122 5267 1158 5324 de
1173 5268 1306 5342 injunctis
1319 5267 1372 5324 sibi
1388 5274 1562 5340 poenrtenhrs
1577 5281 1683 5324 annum
1699 5279 1788 5322 unum
1806 5276 1911 5320 nnserr·
2012 5313 2013 5324 ,

1121 5337 1243 5396 corditer
1266 5339 1438 5394 relaxamus.

1160 5431 1171 5459 ι
1192 5409 1328 5468 Nobiliori
1345 5405 1582 5465 derodebastltee
1597 5407 1684 5465 cultui
1707 5415 1736 5463 et
1749 5408 1912 5463 ornamento
1970 5439 1973 5446 .
2012 5429 2013 5460 r

1121 5481 1283 5549 consulens,
1300 5479 1449 5536 monacbis
1463 5479 1601 5551 indulget,
1618 5486 1649 5536 nt
1676 5478 1762 5535 certis
1782 5476 1911 5534 duntaxat
2012 5495 2013 5498 ¹

1122 5553 1189 5610 anni
1204 5551 1313 5618 (liebus,
1330 5551 1429 5606 sericis
1443 5550 1527 5607 liceat
1540 5550 1666 5610 vestibus
1681 5549 1709 5606 in
1727 5550 1809 5606 alteri
1833 5557 1910 5618 atque
2012 5629 2013 5632 Ἴ

1122 5625 1267 5697 argenteis
1282 5621 1431 5678 thurihubs
1446 5621 1495 5678 utI.
1514 5643 1524 5670 r
