3936 6318
283 353 341 423 251
763 353 942 416 nononn
961 352 1009 414 111
1030 351 1471 414 ornan-snauouus.
1851 357 1899 418 aa

283 515 746 593 telumaaoemarprartom
755 527 937 588 pererrem
950 514 1085 574 screws
1136 509 1284 574 municat
1308 510 1468 584 Ecclesia,
1493 510 1530 572 ut
1548 510 1647 574 homo
1670 509 1901 588 corrigatur,et

283 633 363 680 mos
376 616 549 692 parcentes
563 617 634 676 Deo
652 629 732 674 oum
751 612 847 674 noete
866 611 899 673 et
919 625 1082 672 reveren»
1136 609 1272 686 spiritus
1287 609 1399 670 salvus
1410 608 1454 670 sit
1465 608 1500 670 in
1517 608 1572 670 die
1584 608 1715 670 Domini
1727 611 1824 674 nostri
1835 615 1901 674 lesu

286 716 337 778 tte
357 712 470 794 (Hebr.
491 729 552 782 xu,
572 710 639 790 28).
660 711 699 773 nt
715 708 834 771 heatus
850 708 1078 784 Augustinus:
1136 707 1269 770 Christi.
1296 708 1387 780 Quod
1412 708 1441 768 si
1463 722 1523 784 pro
1549 707 1684 770 mortali
1699 709 1824 784 peceato
1842 712 1901 787 quis

284 814 421 875 Proesto
439 824 577 886 semper
590 809 642 871 est
657 808 774 885 preste
785 821 862 880 parce
873 820 942 868 uolt
952 805 1080 868 recedit
1135 805 1452 877 excommunicatur,
1482 805 1515 866 et
1539 820 1605 866 non
1626 805 1821 877 emendatur,
1843 821 1903 868 oer-

283 915 351 974 nist
363 915 519 986 carpetra,
531 907 565 968 et
575 921 644 968 non
653 905 846 968 revertitur
855 907 924 966 utet
932 919 998 979 per
1006 918 1081 977 poe-
1134 903 1204 964 tum
1219 904 1269 964 est
1284 901 1369 980 quod
1384 917 1452 964 non
1465 903 1530 964 erit
1544 902 1667 964 salvus.

284 1009 481 1071 attonitam.
1173 1001 1292 1062 Messis
1306 1001 1470 1078 purgatur
1481 1015 1540 1079 per
1554 1000 1726 1062 veritatem
1743 999 1904 1062 denuncia-

324 1105 482 1183 Sequitur
497 1102 537 1164 de
560 1100 657 1162 salsis
674 1095 831 1162 sectione.
851 1100 961 1162 Falcis
977 1099 1080 1161 sectio
1134 1098 1245 1171 tionis,
1279 1099 1356 1176 quia
1388 1099 1467 1160 honi
1498 1098 1703 1160 mundantur·
1722 1113 1742 1158 a
1769 1099 1901 1174 peccatis,

284 1206 334 1266 est
351 1201 543 1280 praedicatio
558 1215 731 1278 poenarum
748 1197 882 1270 inferni,
902 1198 936 1260 et
954 1198 1079 1276 praedi·
1135 1197 1265 1273 quando
1284 1197 1503 1258 annuntiatur
1518 1196 1568 1257 eis
1588 1195 1667 1273 quid
1686 1196 1728 1258 sit
1745 1195 1902 1273 peccatum.

285 1302 371 1364 catio
396 1299 541 1362 ooelestis
566 1297 807 1376 promissionis,
832 1296 929 1368 idest,
951 1295 1078 1372 gloriae.
1134 1295 1219 1355 Nam
1230 1297 1400 1372 peecatum
1413 1309 1614 1370 cognoscere
1627 1293 1716 1356 salus
1735 1295 1783 1355 est
1793 1293 1903 1354 anima.

284 1402 370 1462 Nam
388 1397 474 1460 sieut
487 1396 572 1459 lalce
587 1395 704 1456 messis
720 1395 928 1472 separatura
945 1393 1078 1471 stipula,
1135 1393 1229 1454 Unde
1244 1393 1378 1471 quidam
1391 1393 1524 1470 sapiens
1538 1409 1574 1451 :e
1588 1391 1715 1454 Notitia
1724 1390 1842 1469 peccati
1852 1389 1906 1450 ini-

284 1498 331 1560 ita
345 1497 464 1558 timore
477 1509 660 1572 poenarum,
677 1494 710 1556 et
721 1491 941 1571 promissione
962 1490 1081 1553 eoeles-
1134 1489 1217 1551 tium
1235 1491 1354 1552 salutis
1368 1492 1430 1552 est.
1448 1507 1467 1550 s
1484 1490 1523 1552 et
1542 1490 1701 1553 Dominus
1715 1489 1755 1552 ad
1768 1487 1906 1550 Ezechie-

286 1596 329 1657 tis
343 1594 458 1670 gloriae
480 1607 708 1670 separamura
733 1590 913 1668 cupiditate
932 1591 1077 1662 terrena,
1135 1587 1218 1649 lem:
1231 1587 1908 1661 Ftttltomiaismotassaelerueotemotes

287 1693 364 1772 quia
378 1692 455 1752 inde
475 1690 628 1752 oriuntur
644 1689 757 1750 omnia
776 1689 876 1760 mala,
895 1686 983 1749 sicut
1001 1686 1081 1748 dicit
1133 1684 1444 1764 srms(Ezech.xv1,
1459 1685 1504 1765 2).
1522 1686 1547 1747 Ο
1563 1684 1612 1746 tili
1626 1685 1779 1756 hominis,
1795 1683 1908 1752 idesto

285 1786 461 1864 Apostolus
487 1806 494 1844 :
523 1785 698 1860 Cupiditas
720 1783 772 1844 est
794 1785 901 1844 radim
919 1768 1082 1860 'mittum
1136 1782 1306 1860 propheta,
1329 1783 1385 1862 qui
1406 1799 1443 1844 ee
1469 1783 1557 1845 lilius
1581 1783 1737 1856 hominis,
1762 1781 1811 1844 lac
1830 1780 1910 1840 notas

284 1889 458 1945 motorum
471 1878 500 1960 (Ι
514 1880 597 1942 Tim.
611 1895 656 1951 ur,
668 1877 732 1958 10).
753 1879 850 1952 Nam,
872 1879 959 1940 sicut
975 1877 1081 1938 mater
1134 1881 1206 1942 vias
1220 1897 1309 1954 suas,
1326 1881 1422 1954 idest,
1439 1881 1617 1960 inquitates
1632 1897 1711 1942 suas
1731 1877 1907 1946 Jerusalem,

285 1979 390 2042 nutrit
401 1979 485 2040 tilios
497 1994 575 2038 suos
586 1975 627 2038 ad
637 1977 771 2048 honum,
782 1977 828 2037 ita
839 1976 1004 2054 cupiditas
1018 1977 1082 2036 ter·
1134 1978 1220 2041 idest
1240 1979 1330 2040 fideli
1349 1979 1481 2041 animas.
1503 1979 1587 2051 Quia
1608 1995 1669 2056 pro
1688 1979 1817 2057 peccato
1836 1971 1907 2052 quod

284 2094 366 2140 rena
379 2077 483 2139 nutrit
497 2076 584 2136 filios
599 2091 677 2136 suos
692 2075 727 2135 in
743 2075 890 2152 peceato,
903 2073 1000 2146 idest,
1018 2073 1081 2134 ho-
1135 2077 1300 2138 eommisit
1319 2076 1424 2138 Adam
1441 2075 1477 2138 in
1490 2077 1660 2154 paradiso,
1683 2075 1819 2154 turpiter
1831 2076 1908 2148 ejec-

284 2177 391 2240 mines
403 2175 536 2252 iniquos
548 2173 582 2235 et
597 2188 783 2250 perversos.
800 2173 878 2234 Sine
891 2172 997 2232 matre
1012 2187 1080 2232 non
1134 2174 1187 2235 tus
1216 2175 1266 2236 est
1299 2174 1340 2236 de
1366 2174 1538 2251 paradiso,
1567 2175 1654 2236 sicut
1682 2174 1801 2250 legitur
1824 2189 1831 2226 ι
1853 2172 1909 2231 Eua

285 2274 434 2338 nascitur
446 2269 1001 2347 illiue,etsinecupiditateterrena
1012 2284 1079 2330 non
1134 2272 1275 2334 credidit
1288 2271 1399 2334 verbis
1416 2272 1591 2348 serpentis,
1608 2272 1641 2335 et
1661 2273 1800 2350 primum
1815 2265 1907 2329 homi·

285 2371 322 2434 flt
340 2371 438 2432 homo
454 2385 641 2446 perversus.
659 2367 903 2444 Undepropter
916 2383 1078 2429 amoven-
1135 2353 1221 2444 nem',
1236 2369 1332 2443 idest,
1349 2370 1453 2432 Adam
1461 2370 1502 2431 de
1514 2368 1672 2446 paradiso
1681 2367 1816 2447 expulit.
1832 2362 1911 2426 Unde

283 2469 359 2530 dam
374 2467 587 2545 cupiditatem
602 2465 762 2528 Dominus
775 2464 906 2528 dicebat
919 2465 955 2526 iu
970 2467 1080 2526 livan-
1134 2483 1194 2544 per
1208 2467 1414 2545 mysterium,
1429 2467 1550 2529 dicitur
1564 2467 1600 2529 in
1613 2467 1754 2530 Genesi:
1770 2462 1912 2526 ‹Planta-

282 2565 370 2643 gelio
385 2583 392 2620 :
416 2565 556 2628 Vendtte
567 2579 644 2638 prete
654 2564 838 2638 possidetis
853 2563 886 2624 et
904 2563 983 2625 dete
998 2569 1081 2625 elee-
1134 2583 1153 2624 a
1174 2567 1268 2628 verat
1282 2567 1392 2628 autern
1412 2569 1499 2627 Deus
1514 2565 1708 2642 paradisum
1721 2559 1911 2640 voluptatisa

281 2678 463 2737 mespharat
485 2659 580 2739 (Luc.
609 2677 669 2733 xri,
694 2660 760 2741 33).
783 2663 983 2738 separemur
1003 2660 1077 2739 (sic)
1134 2663 1350 2740 (principio,
1371 2663 1407 2725 in
1428 2679 1493 2740 quo
1512 2663 1622 2740 posuit
1645 2662 1811 2726 hominem
1830 2671 1911 2736 quern

283 2775 363 2837 ergo
385 2759 554 2824 ahamore
574 2758 806 2835 temporalium
821 2773 946 2830 rerum,
963 2759 1079 2819 utnon
1134 2758 1386 2834 «formaverat,
1416 2760 1452 2823 ut
1475 2763 1673 2838 operaretur
1698 2763 1732 2822 et
1754 2751 1913 2821 custodiret

286 2855 629 2936 separemuragloria
643 2857 737 2931 regni
748 2855 903 2917 ooelestis.
918 2857 997 2917 Haec
1015 2871 1079 2916 au·
1135 2874 1153 2918 e
1174 2858 1279 2918 illum.
1306 2859 1535 2936 Praecepitque
1560 2859 1592 2920 ei
1615 2859 1750 2922 dicens:
1771 2860 1818 2920 Ex
1838 2849 1912 2916 omni

282 2958 349 3019 tem
360 2954 525 3032 separatio
541 2952 577 3014 tit
592 2952 721 3014 duobus
735 2952 841 3015 modis
855 2969 863 3010 :
877 2969 937 3030 per
952 2953 1081 3014 senten·
1134 2971 1153 3015 e
1174 2955 1265 3031 ligno
1287 2956 1435 3033 paradisi
1463 2956 1613 3030 comede,
1639 2957 1682 3019 de
1710 2955 1798 3033 ligno
1820 2951 1912 3014 auten

282 3055 365 3118 tiam
381 3051 746 3124 excommunicationis,
770 3052 803 3112 et
825 3067 885 3127 per
905 3052 1079 3113 veritatem
1134 3069 1152 3112 e
1174 3053 1322 3115 soientiae
1335 3053 1414 3116 honi
1428 3055 1461 3116 et
1472 3055 1551 3115 mali
1567 3069 1608 3116 ne
1625 3054 1790 3117 comedas.
1804 3052 1840 3112 nt
1852 3047 1913 3110 sons

285 3149 557 3214 denuntiationis.
569 3149 634 3210 Per
646 3148 845 3210 sententiam
857 3147 1081 3210 excommuni·
1122 3165 1152 3209 ·‹
1173 3150 1406 3227 egrediebatur
1426 3150 1467 3212 ad
1492 3151 1701 3228 irrigandum
1727 3147 1910 3228 paradisum,

282 3249 434 3321 cationis,
461 3247 538 3326 quia
551 3246 681 3324 quando
697 3246 804 3308 malus
819 3246 917 3308 homo
940 3263 1079 3308 excom·
1133 3265 1153 3308 a
1174 3249 1230 3325 qui
1245 3248 1455 3311 dividebatur
1470 3248 1662 3326 induatuor
1678 3247 1823 3318 flumina,
1835 3241 1915 3304 ride·

283 3348 482 3419 municatur,
508 3345 603 3423 qrrasi
629 3344 744 3404 lolium
768 3360 788 3405 a
813 3335 921 3406 messe
948 3343 1079 3406 Domini
1134 3345 1261 3418 «licet,
1286 3346 1411 3408 Phison
1430 3347 1463 3408 et
1484 3349 1586 3419 Goon,
1602 3347 1720 3439 Tigrip
1736 3345 1768 3408 et
1781 3341 1916 3420 Euphra-

283 3441 468 3522 separatur,
485 3444 518 3504 et
531 3439 663 3502 diaholo
677 3440 832 3502 traditur.
857 3439 950 3502 Unde
968 3442 1078 3516 Apos-
1134 3449 1242 3506 «ten.
1277 3440 1420 3522 »(Cen.
1455 3458 1492 3515 11,
1533 3441 1583 3523 8.)
1619 3447 1802 3506 Possumus
1834 3450 1912 3514 ergo,

281 3542 369 3604 tolus
384 3540 563 3602 :Jadtcoot
591 3538 731 3600 trudere
750 3539 947 3610 heduensem
969 3540 1081 3600 hemt—
1134 3539 1265 3613 fratres,
1291 3541 1381 3602 hunc
1406 3540 1598 3618 paradisum
1630 3557 1714 3604 sane
1745 3537 1915 3613 intelligere

281 3654 362 3703 nem
375 3637 565 3701 Seleuceia
580 3636 762 3698 interitum
776 3638 905 3708 carate,
922 3635 1080 3710 utsptrt-
1134 3640 1285 3701 sanctam
1309 3638 1342 3699 et
1366 3639 1613 3704 immaculatam
1639 3639 1833 3709 Ecclesiam,
1860 3647 1915 3695 non

283 3741 338 3801 tus
356 3744 473 3801 salvus
491 3735 538 3798 sit
560 3737 598 3796 to
618 3737 672 3797 dte
696 3736 836 3797 Domini
856 3734 970 3796 nostrl
995 3736 1079 3794 Jesu
1133 3737 1309 3799 habentem
1321 3737 1486 3799 maenam
1499 3753 1607 3814 neque
1620 3754 1761 3814 rugam3
1777 3730 1916 3814 qneepul·

282 3839 410 3900 Christi
426 3833 455 3914 (l
470 3836 542 3896 Cor.
557 3851 589 3905 u,
603 3831 649 3911 5).
1133 3834 1216 3896 chra
1230 3836 1328 3898 estet
1344 3835 1464 3897 decora
1480 3836 1531 3898 vel
1546 3836 1652 3898 electa
1668 3839 1706 3900 ut
1720 3837 1781 3898 sol.
1797 3834 1855 3896 ilic
1872 3826 1914 3890 est

322 3931 543 4008 Quaerendum
571 3929 622 3990 est
640 3929 801 4006 quomodo
823 3929 976 3991 tradatur
1001 3929 1077 3991 dia·
1134 3933 1310 4010 paradisus
1331 3933 1521 4010 voluptatis,
1556 3933 1653 4006 idest,
1690 3927 1915 3996 delectationis.

282 4032 359 4094 holo
375 4030 432 4108 qui
455 4027 505 4089 est
519 4026 835 4088 excommunicatus.
852 4027 901 4088 Ad
920 4026 1007 4104 quod
1027 4027 1080 4088 di·
1133 4031 1196 4092 Hic
1215 4031 1265 4094 est
1290 4031 1407 4093 hortus
1438 4047 1560 4093 nucum
1581 4032 1617 4092 in
1639 4047 1739 4108 quem
1763 4023 1918 4093 descendit

284 4127 434 4198 cendum,
457 4125 534 4202 quia
554 4123 705 4185 diabolus
728 4122 909 4185 nonhabet
930 4125 1079 4201 potesta·
1134 4145 1288 4206 sponsus.
1315 4131 1395 4190 Haec
1418 4130 1469 4191 est
1492 4129 1590 4191 vinea
1618 4131 1751 4192 Domini
1775 4122 1916 4191 Sabaoth.

281 4228 349 4289 tem
372 4225 408 4285 in
429 4222 483 4283 his
509 4221 567 4298 qui
585 4219 716 4280 suntin
737 4220 899 4281 charitate
921 4221 1079 4284 Ecclesiae
1133 4226 1196 4288 Hic
1210 4227 1261 4288 est
1279 4226 1372 4288 loeus
1387 4227 1594 4289 deliciarum.
1611 4228 1673 4290 llio
1693 4229 1747 4292 est
1759 4223 1918 4306 paradisus

283 4321 517 4389 constituti,eo
533 4317 618 4396 quod
641 4317 708 4379 sint
727 4317 873 4379 membra
895 4319 1029 4392 Christi,
1046 4323 1080 4385 et
1133 4325 1297 4386 malorum
1312 4325 1508 4402 punicorum
1523 4341 1598 4387 cum
1612 4339 1788 4403 pomorum
1810 4318 1917 4385 tructi-

283 4420 434 4484 diaholus
453 4433 520 4480 non
544 4415 643 4479 hahet
663 4416 858 4493 potestatem
881 4416 916 4478 in
940 4433 1078 4496 corpore
1133 4421 1205 4484 bus.
1217 4425 1265 4484 De
1275 4438 1437 4501 aquarum
1448 4423 1634 4501 frequentia
1643 4425 1850 4501 praemissum
1860 4416 1917 4480 est:

284 4519 416 4583 Christi.
434 4515 570 4590 Quando
585 4517 696 4577 autem
715 4515 789 4592 quis
809 4531 868 4592 per
882 4531 1078 4578 excommu-
1132 4525 1225 4583 Fons
1239 4523 1481 4598 egrediebatur
1494 4525 1539 4588 od
1555 4525 1778 4598 irrigandum
1790 4515 1921 4595 paredi·

284 4619 485 4682 dicationem
510 4614 550 4675 ah
577 4612 731 4675 Ecclesia.
751 4613 896 4690 pellitur,
924 4615 1078 4690 potestati
1131 4635 1221 4692 sem,
1254 4619 1572 4692 percipientem
1603 4621 1756 4694 eentum
1786 4618 1920 4694 pamiae

283 4717 407 4780 diaboli
429 4712 648 4791 mancipatur,
673 4707 752 4789 quia
771 4711 972 4774 deseritura
997 4716 1076 4788 Dee,
1133 4714 1229 4795 (Gen.
1243 4732 1279 4788 11,
1297 4714 1361 4796 10).

283 4817 361 4878 licet
382 4813 532 4875 diabolus
558 4811 713 4872 rideatur
731 4826 827 4870 suum
841 4812 897 4889 jus
921 4827 1078 4874 exercere
1172 4815 1376 4875 Haecomnia
1399 4814 1435 4875 in
1453 4813 1550 4878 horto
1569 4814 1768 4878 deliciarum
1793 4812 1918 4878 nostra-

283 4914 383 4974 ineo.
405 4911 498 4972 Unde
518 4909 626 4986 potest
643 4924 719 4970 eum
739 4909 773 4968 in
793 4924 893 4969 carne
915 4909 1076 4988 affligere.
1132 4928 1219 4985 runs,
1235 4911 1332 4984 idest,
1346 4913 1461 4974 sancta
1476 4912 1637 4984 Ecclesia,
1648 4913 1679 4974 si
1693 4913 1870 4990 diligenter
1880 4907 1921 4967 at·

283 5011 360 5072 dum
375 5007 467 5084 vivit,
484 5007 563 5068 etin
578 5006 690 5066 anima
704 5007 779 5082 post
797 5007 948 5078 mortem,
963 5009 992 5068 si
1011 5025 1077 5072 non
1131 5010 1308 5082 tendimus,
1319 5026 1494 5088 possumus
1504 5011 1667 5072 invenire.
1683 5014 1922 5084 insanamque

284 5105 481 5184 corrigatur,
507 5105 540 5164 et
554 5103 628 5164 ideo
650 5102 734 5164 dixit
755 5105 953 5181 Apostolus:
975 5105 1010 5166 in
1030 5107 1079 5168 in·
1133 5110 1211 5170 sunt
1220 5107 1357 5170 arbores
1369 5109 1481 5169 densas
1495 5107 1531 5170 in
1547 5123 1687 5186 quarum
1699 5103 1920 5184 modioposita

282 5206 418 5272 teritum
435 5201 557 5273 carnia,
574 5199 652 5277 quia
670 5200 818 5262 Ecclesia
835 5219 902 5264 non
918 5205 1079 5280 permittit
1132 5205 1210 5268 sunt
1228 5206 1293 5268 duo
1319 5205 1432 5282 ligna:
1457 5205 1585 5282 lignum
1607 5205 1766 5270 videlicet
1791 5205 1877 5271 vitae,
1893 5197 1922 5260 θῑ

283 5303 416 5368 diaholo
437 5300 474 5362 ut
493 5297 603 5374 rapiat
619 5297 748 5358 animas
771 5303 1076 5365 excommunicato·
1132 5302 1258 5379 lignum
1271 5303 1421 5365 scientiae
1433 5303 1511 5364 honi
1520 5303 1554 5366 et
1566 5303 1657 5366 mali.
1672 5302 1782 5368 Arbor
1791 5303 1866 5365 vitae
1876 5295 1922 5360 eet

282 5419 368 5474 rum,
380 5399 458 5462 dum
468 5397 594 5468 vivunt,
604 5395 661 5456 sed
673 5396 708 5457 ut
717 5394 845 5473 alligat
854 5414 1002 5476 corpora.
1013 5399 1076 5462 Sed
1132 5401 1293 5478 illacujus
1304 5401 1402 5463 radix
1416 5400 1593 5474 suitlesse,
1603 5402 1703 5479 juxta
1714 5401 1802 5463 illud
1814 5399 1920 5462 isaiae:

283 5499 424 5564 callidus
439 5495 544 5558 hostis
559 5492 699 5570 negligit
719 5495 930 5558 vexationem
954 5513 1076 5574 corpo·
1131 5499 1236 5561 «Erit
1262 5499 1361 5560 radix
1383 5501 1489 5568 lesse,
1514 5500 1547 5561 et
1574 5500 1630 5578 qui
1657 5515 1699 5562 ex
1726 5499 1791 5561 hec
1818 5495 1923 5559 radice

283 5600 342 5672 ris,
359 5600 396 5659 ut
412 5594 488 5673 post
501 5593 639 5654 mortem
650 5594 798 5656 transeat
812 5594 854 5655 ad
866 5595 1076 5656 vexationem
1131 5596 1342 5673 «consurget
1362 5611 1479 5673 regere
1503 5597 1630 5674 gentes,
1655 5597 1691 5658 in
1717 5613 1794 5658 eum
1815 5591 1924 5673 gentes

284 5697 481 5761 animarum.
508 5693 578 5753 Hac
602 5691 712 5754 autem
735 5691 920 5756 intentione
942 5709 1078 5755 excom·
1131 5693 1356 5776 «sperabunt.
1375 5712 1394 5772 r
1410 5696 1449 5757 nt
1472 5694 1577 5757 alibi:
1604 5698 1721 5760 Radia
1745 5698 1843 5757 lesse
1868 5690 1922 5764 qul
