3994 6326
89 339 133 400 133
503 330 559 390 xl.
575 357 616 374 -
632 327 678 390 ΙΝ
699 325 920 390 CATHEDRA
942 324 1091 386 SANCTI
1113 326 1248 390 PETRI.
1641 335 1699 396 134

117 497 200 557 licum
224 505 298 556 esse
324 506 402 560 eum
425 489 597 555 confessus
624 489 686 562 est,
716 486 848 566 quando
903 487 1011 551 olivae.
1036 489 1135 566 Ergo,
1151 491 1281 554 Beatus
1303 504 1352 564 es,
1368 493 1487 556 Simeon
1510 497 1696 572 carlom,

88 591 168 654 dixit:
182 593 226 652 lt:
237 604 275 653 ec
287 590 445 654 Christus
457 593 575 662 Filius,
584 591 649 652 Dei
661 591 743 650 vivi.
760 589 848 649 Duas
902 589 983 662 outa
997 601 1080 650 curo
1094 586 1128 648 et
1137 590 1280 666 :capue
1293 603 1363 652 non
1376 591 1699 667 recalescentem

87 689 228 754 scribtor
242 689 277 750 in
298 687 431 750 Christo
450 689 586 750 naturas
599 687 633 748 et
650 703 751 748 unam
767 701 847 764 per·
902 687 1014 748 Peter
1047 701 1145 748 meus
1178 687 1326 750 caelestis
1359 691 1418 762 eui
1452 691 1505 753 est
1538 695 1576 754 m
1606 699 1700 760 cretis

86 803 183 858 sonan,
197 787 350 849 naturam
365 786 545 848 humanam
563 786 597 849 et
619 786 772 847 naturam
791 783 848 844 di·
904 782 1035 864 (Matth.
1063 800 1132 856 xvr,
1163 782 1227 865 17).
1258 785 1342 846 Caro
1367 786 1401 847 et
1427 789 1583 865 sangnis,
1613 791 1700 856 idest

87 887 171 948 sinam
185 885 359 946 :naturam
383 884 563 946 humanam
585 899 660 945 cum
676 882 777 944 dicit:
800 885 849 943 fi:
903 881 1021 944 scribae
1049 882 1083 944 et
1111 882 1274 945 Pharisaei
1306 883 1346 944 de
1374 900 1514 962 quorum
1538 903 1638 951 carne
1666 892 1700 954 et

85 1000 113 1046 es
134 982 299 1054 Cbrtstus,·
324 983 476 1044 naturam
503 981 651 1044 divinam
676 997 750 1042 cum
774 980 845 1042 ait:
903 981 1111 1058 sanguinetu
1125 981 1247 1057 existi:
1264 983 1538 1059 quemadmodum
1553 987 1586 1048 et
1602 987 1642 1051 de
1661 1005 1698 1054 se

84 1084 167 1143 hiim
177 1083 235 1142 Dei
246 1083 330 1142 viel.
354 1080 458 1142 Filius
474 1079 563 1142 enim
581 1079 641 1142 Dei
655 1095 722 1141 non
742 1078 850 1156 potest
903 1079 984 1143 dicit
997 1079 1183 1158 Apostolus.
1202 1079 1260 1141 Vel
1277 1079 1399 1142 dicitur
1410 1083 1476 1142 Bar
1484 1084 1580 1158 Jona,
1597 1085 1695 1161 idest,

85 1195 139 1239 essa
150 1178 206 1238 nisi
218 1179 325 1251 Deus,
343 1179 429 1240 sicut
447 1178 536 1239 filins
551 1178 695 1240 bominis
710 1193 778 1239 non
792 1192 848 1254 po·
870 1229 871 1232 ,
902 1177 991 1240 filius
1005 1177 1143 1240 loannis
1167 1178 1224 1256 qni
1245 1177 1482 1255 interpretatur
1495 1181 1604 1257 gratia
1622 1183 1694 1246 Dei.

84 1275 203 1338 testesse
216 1276 283 1338 nisi
307 1276 417 1339 homo.
439 1277 537 1350 Nam,
558 1276 646 1338 siout
659 1275 771 1338 anima
791 1291 849 1341 ra·
901 1276 1042 1340 Tantam
1061 1275 1202 1353 gratiam
1219 1276 1378 1338 Dominus
1400 1277 1498 1340 Petro
1520 1283 1696 1356 concessit,

84 1374 188 1435 ionalis
200 1377 232 1438 et
243 1391 322 1436 caro
338 1391 424 1436 unus
442 1376 494 1436 est
512 1374 622 1447 home,
640 1375 689 1436 ita
706 1377 793 1436 Deus
815 1374 849 1436 et
901 1375 939 1436 ut
954 1373 1068 1436 umbra
1084 1376 1157 1451 ejus
1172 1374 1370 1436 sanarentur
1384 1374 1519 1449 infirmi,
1543 1377 1589 1440 ita
1604 1379 1641 1442 ut
1661 1380 1697 1442 in

82 1472 309 1535 bonounusest
321 1473 481 1535 Christus.
493 1472 572 1536 Vel:
586 1472 848 1536 mescamstm
902 1471 1021 1550 plateis
1040 1471 1202 1550 ejicerent
1214 1472 1376 1546 infirmos,
1396 1472 1431 1534 ut
1452 1475 1607 1538 veniente
1628 1479 1696 1540 Pe-

80 1575 165 1631 Ftllus
180 1574 240 1632 Dei
262 1574 345 1642 vivi,
367 1571 424 1648 qui
446 1572 563 1633 vivens
583 1569 618 1632 iu
639 1587 676 1634 se
700 1569 848 1633 vivificat
901 1571 965 1644 tro,
982 1571 1099 1633 saltem
1119 1569 1235 1632 umbra
1259 1573 1331 1648 ejus
1353 1570 1564 1636 obumbraret
1578 1591 1696 1652 qrrem-

80 1668 224 1746 universa3
239 1668 278 1730 in
292 1685 358 1746 quo
372 1669 526 1742 vivimus,
543 1683 717 1731 movemur
737 1669 771 1731 et
789 1683 848 1728 su·
901 1668 990 1746 piam
1014 1684 1129 1732 eorum
1148 1668 1181 1730 et
1202 1668 1403 1730 sanarentur
1430 1669 1472 1730 ab
1493 1670 1699 1737 infirmitati·

80 1783 144 1826 nus.
161 1768 249 1829 lianc
270 1767 399 1830 tantam
420 1767 519 1830 fidem
542 1766 635 1829 nulla
654 1782 772 1846 passus
796 1767 848 1828 est
900 1765 974 1828 bus.
988 1769 1059 1828 Hoc
1073 1765 1424 1828 manifestetestantur
1438 1767 1539 1830 hctus
1556 1772 1696 1848 Aposto-

78 1865 208 1927 boninus
235 1865 421 1929 tentatione
448 1865 602 1939 deficere,
630 1881 706 1928 cum
734 1865 844 1928 dixit:
900 1864 1020 1926 lorum.
1035 1864 1128 1926 Unde
1141 1863 1456 1926 dictumestPetrc:
1473 1868 1521 1926 Tu
1535 1883 1570 1929 es
1583 1869 1697 1946 pastor

78 1965 182 2036 smmi,
203 1966 334 2033 Simon,
359 1965 509 2028 Satanas
532 1964 701 2040 empetlclt
719 1979 781 2027 cos
807 1964 847 2026 ut
901 1961 1024 2034 ovium,
1048 1962 1202 2039 princeps
1221 1962 1464 2039 Apostolorum,
1480 1963 1541 2026 tibi
1560 1965 1698 2032 tradidit

78 2063 219 2124 adheret
233 2063 325 2124 sicut
337 2063 504 2135 triticeam,
517 2066 578 2125 aed
591 2077 653 2140 eoo
664 2075 731 2138 pro
746 2063 779 2124 te
792 2076 848 2124 ro·
901 2063 988 2122 Deus
1002 2059 1113 2122 claves
1125 2059 1220 2138 regni
1235 2059 1403 2122 coelorum.
1567 2061 1572 2071 '

77 2161 147 2232 occi,
157 2159 270 2230 Patre,
285 2160 325 2221 ut
339 2175 409 2222 nom
418 2162 556 2236 desiciet
569 2163 656 2236 pce:
671 2161 741 2234 tuo,
759 2159 794 2222 et
809 2159 847 2221 tc
940 2159 1061 2220 Nonne
1078 2157 1165 2236 quod
1179 2158 1304 2220 dictum
1323 2159 1374 2221 est
1384 2153 1495 2232 Petro,
1509 2160 1632 2225 dictum
1647 2163 1698 2228 est

76 2259 227 2330 abaciaco
241 2272 433 2322 conversus
442 2257 847 2334 mammotrectus
900 2255 1054 2319 omnibus
1069 2256 1317 2319 successoribus
1332 2259 1428 2334 ejusl
1446 2259 1605 2322 Omnibus
1620 2259 1697 2324 data

77 2349 149 2430 (huc.
161 2371 237 2428 xxn,
252 2354 321 2435 37).
901 2355 952 2416 est
965 2355 1112 2431 potestas
1136 2351 1264 2432 ligandi
1280 2354 1379 2432 atque
1404 2356 1564 2418 solvendi.
1581 2359 1697 2420 Omni-

104 2454 182 2514 lianc
195 2453 439 2516 confessionem
454 2453 716 2532 quadrupliciter
727 2469 844 2516 remu·
900 2451 962 2513 bus
985 2451 1160 2513 commissa
1182 2452 1234 2514 est
1257 2467 1338 2513 cura
1358 2451 1392 2513 et
1413 2453 1602 2516 sollicitudo
1623 2471 1696 2518 om-

76 2550 180 2612 namrit
189 2551 351 2615 Christus.
365 2551 476 2614 Primo
489 2552 577 2630 quod
589 2552 675 2615 dixit
683 2567 759 2614 eum
769 2567 845 2614 esse
900 2549 993 2627 nium
1005 2548 1233 2622 ecclesiarum,
1248 2550 1284 2612 ut
1298 2549 1454 2612 mandata
1468 2551 1528 2613 Dei
1538 2553 1695 2630 populum

76 2645 157 2708 ilium
169 2649 349 2728 columbae3
375 2649 519 2714 secundo
544 2651 630 2729 quod
651 2651 748 2712 vocat
769 2665 845 2712 eum
900 2647 1040 2710 doceant
1072 2645 1174 2709 verbo
1208 2646 1456 2724 predicationis
1484 2649 1517 2713 et
1543 2651 1696 2730 exemplo

77 2745 200 2823 Palmam:
213 2747 314 2810 terlio
327 2747 459 2826 quando
472 2747 575 2810 dixit:
589 2747 662 2810 'libi
677 2747 761 2810 dabo
774 2747 847 2809 cla·
898 2745 977 2808 boni
991 2745 1150 2822 temporis
1169 2761 1245 2806 eum
1259 2746 1410 2823 pascant,
1424 2747 1458 2808 et
1471 2763 1531 2824 pro
1548 2748 1693 2824 peccatis

76 2857 119 2903 aas
133 2845 219 2922 regni
240 2845 420 2922 coelorum3
442 2847 562 2924 quarto
582 2844 712 2924 quando
734 2845 842 2907 dixit:
900 2859 1015 2906 eorum
1027 2842 1068 2905 ad
1084 2845 1188 2906 Deum
1201 2842 1419 2906 intercedant.
1436 2844 1530 2907 Unde
1542 2861 1618 2906 cum
1628 2847 1697 2907 Do-

75 2939 285 3020 tlmdcumque
320 2947 484 3022 licaveris
522 2959 630 3020 super
667 2946 843 3009 terram...
898 2941 1009 3004 minus
1025 2941 1216 3019 loqueretur
1229 2939 1384 3002 omnibus
1398 2941 1566 3020 apostolis
1582 2943 1693 3013 simul,

77 3036 183 3114 (haim.
197 3059 266 3116 xm,
290 3042 354 3124 19).
371 3043 484 3106 Pr1m0
498 3042 631 3106 vocavit
644 3058 720 3104 eum
739 3042 844 3104 fllium
900 3041 973 3102 ait:
999 3042 1154 3107 Quorum
1166 3040 1377 3102 remiseritis
1396 3041 1549 3116 peccota,
1572 3043 1697 3104 remit·

74 3136 206 3202 mioniae
225 3141 363 3220 quando
383 3140 489 3203 dixit:
517 3141 647 3203 Beatus
661 3155 709 3214 es,
725 3143 845 3204 Simon
900 3138 1022 3200 tuetur
1035 3140 1123 3200 ets...
1142 3137 1223 3197 Gum
1240 3136 1351 3198 autem
1371 3137 1435 3198 soli
1450 3138 1549 3200 Petro
1564 3137 1694 3201 locutus

73 3237 355 3320 Borlmo(1bid.
381 3235 532 3318 xenii).
566 3239 688 3301 Beatus
723 3238 845 3300 dicitur
899 3236 997 3308 esset,
1015 3235 1119 3299 dixit:
1148 3237 1384 3310 Quodcumque
1407 3239 1570 3312 amaveras
1590 3253 1698 3313 super

75 3334 238 3408 pastione
252 3337 385 3400 auctus.
399 3335 521 3399 Beatus
534 3335 653 3398 Petrus
671 3335 734 3399 fuit
748 3337 844 3415 quasi
900 3337 1046 3407 terram,
1063 3334 1133 3396 emt
1150 3333 1297 3409 sapatum
1313 3334 1348 3396 et
1361 3337 1399 3396 m
1419 3337 1550 3398 coelis...
1570 3335 1617 3396 m
1636 3337 1696 3398 tect

73 3427 136 3494 bena
158 3437 270 3498 auctus
298 3451 359 3513 per
384 3435 602 3512 principalem
627 3434 782 3512 gratiam,
808 3435 844 3496 in
899 3437 984 3496 deco
1004 3437 1116 3495 claves
1129 3433 1230 3508 repat
1247 3436 1422 3494 coelorum.
1443 3431 1592 3495 Ostendit
1610 3434 1695 3512 quod

73 3525 120 3590 bac
130 3533 198 3606 vita,
210 3551 271 3612 per
281 3533 500 3596 excellentem
508 3531 649 3610 gloriam
660 3531 843 3596 incoelesti.
900 3531 1013 3594 caeteri
1027 3529 1139 3594 vocati
1156 3527 1283 3591 suntin
1300 3531 1428 3607 partem
1444 3530 1693 3606 sollicitudinis,

74 3627 122 3688 Par
130 3632 342 3710 principalem
357 3632 510 3709 gratiam,
525 3630 604 3708 quia
618 3631 709 3694 dedit
721 3631 753 3693 ei
767 3647 844 3693 ma·
899 3629 990 3692 solus
1002 3628 1113 3691 autem
1129 3627 1247 3689 Petrus
1261 3629 1450 3707 assumptus
1467 3629 1518 3690 est
1536 3628 1571 3690 in
1588 3629 1698 3706 pleni-

72 3725 215 3799 gisterium
236 3730 444 3792 universalis
463 3730 631 3804 Ecclesia,
654 3729 688 3794 et
706 3729 845 3808 insuper
898 3727 1048 3790 tudinem
1057 3725 1230 3804 potestatis
1245 3740 1252 3780 :
1269 3724 1452 3802 quiasolus
1468 3725 1574 3802 potest
1590 3725 1697 3804 ligare

72 3820 308 3892 dediteiclares
322 3828 419 3905 regni
434 3828 603 3891 coelorum.
899 3825 1053 3898 cataros,
1080 3822 1139 3886 sed
1162 3838 1229 3884 non
1256 3821 1356 3899 ligari
1379 3822 1488 3900 potest
1510 3839 1531 3884 a
1553 3823 1693 3886 caeteris.

99 3927 159 3986 Per
170 3929 395 3991 accedentem
408 3931 566 4004 pieriam,
586 3925 664 4004 quia
679 3926 766 3990 sicut
781 3924 845 3989 fuit
899 3924 983 3997 Quia
1017 3936 1192 3984 successor
1227 3920 1329 3994 Petri,
1357 3920 1513 3983 videlicet
1540 3923 1694 3984 Summus

72 4020 171 4094 primus
203 4027 238 4088 in
258 4025 445 4104 Apostolis,
471 4025 520 4088 ita
554 4025 682 4103 primus
716 4025 845 4088 assistit
899 4021 1065 4094 Pontifex,
1088 4018 1311 4098 principatum
1345 4017 1513 4081 cathedrae
1536 4021 1695 4084 Romanae

71 4117 175 4186 Christo
196 4125 232 4186 in
249 4123 358 4188 coelis.
373 4128 449 4186 Ber
461 4127 551 4186 Joam
574 4139 694 4186 nomen
715 4125 766 4187 est
785 4122 845 4188 be-
898 4119 1056 4184 Ecclesiae
1076 4117 1223 4196 possidet
1236 4117 1270 4178 et
1289 4115 1462 4193 gubernat,
1478 4116 1536 4195 qui
1550 4116 1697 4196 plenitu-

71 4212 191 4295 breum,
213 4222 436 4300 compositum
459 4237 502 4284 ex
523 4221 655 4299 integro
681 4221 768 4300 quod
794 4225 845 4286 est
898 4219 1009 4282 dinem
1023 4217 1162 4280 honoris
1182 4215 1234 4276 sui
1248 4215 1281 4277 et
1296 4213 1535 4292 amplissimam
1548 4215 1695 4293 dignita-

71 4315 134 4390 Bor,
143 4319 224 4383 idest
232 4321 354 4394 Filius,
368 4322 402 4384 et
411 4321 587 4398 corruptus
598 4320 686 4399 qnod
695 4321 746 4384 est
754 4324 844 4385 June
897 4319 964 4381 tem
979 4315 1110 4380 caeteris
1129 4313 1281 4376 ecclesiis
1300 4328 1360 4391 per
1381 4313 1572 4376 universum
1596 4331 1695 4378 mun·

70 4427 114 4488 prc
130 4420 271 4493 Ioanne,
295 4419 383 4481 idest
401 4417 491 4480 tilius
513 4419 665 4482 loannis.
686 4419 748 4482 Vel
768 4424 844 4482 Bar
898 4417 975 4479 dum
1001 4415 1037 4476 in
1071 4412 1210 4476 Domino
1243 4411 1432 4475 constitutis
1468 4411 1637 4475 distribuit
1661 4415 1695 4476 et

69 4513 137 4578 laea
145 4515 382 4596 interpretatur
396 4515 485 4580 tilius
500 4515 673 4580 columbae.
684 4516 842 4581 Columba
897 4512 1077 4592 dispensat,
1094 4511 1253 4574 ordinans
1265 4509 1301 4571 in
1313 4509 1362 4570 eis
1377 4509 1602 4586 patriarchas,
1623 4511 1696 4589 pri-

71 4611 107 4670 ast
116 4613 247 4690 Spiritus
260 4615 417 4688 Sanctus,
435 4614 492 4693 qui
505 4615 598 4678 venit
611 4631 713 4692 super
725 4615 842 4678 Chris·
897 4614 1014 4686 metae,
1031 4610 1215 4688 episcopos,
1230 4606 1376 4679 abbates,
1392 4608 1597 4692 caeterosque
1611 4625 1693 4687 prae·

71 4707 163 4772 lumin
181 4714 331 4776 iordane
345 4713 494 4775 flumine.
509 4712 632 4776 Beatus
651 4715 771 4776 Petrus
792 4718 843 4777 est
896 4713 992 4785 latos,
1021 4709 1107 4772 sicut
1134 4706 1213 4768 fecit
1244 4707 1388 4782 Moyses,
1412 4706 1468 4784 qui
1492 4721 1567 4766 cum
1594 4723 1691 4772 mane

72 4801 138 4868 flius
159 4811 332 4884 columbae,
352 4811 430 4890 quia
452 4811 595 4889 Spiritus
612 4813 752 4875 Sanctus
774 4828 840 4874 nu·
897 4825 1001 4889 usqua
1017 4808 1058 4871 ad
1081 4819 1256 4882 vesperum
1274 4801 1415 4871 sederet,
1438 4803 1471 4864 et
1491 4817 1557 4864 non
1579 4807 1693 4882 posset

70 4901 139 4967 trivit
148 4911 293 4972 animam
309 4913 392 4988 ejus,
405 4908 492 4972 sicut
503 4911 598 4988 pater
607 4909 712 4972 nutrit
722 4909 838 4972 fllium.
896 4910 1061 4972 sustinere
1071 4901 1292 4980 frequentiam
1304 4899 1428 4977 populi,
1440 4901 1605 4978 jndicium
1619 4921 1693 4982 pos·

70 4999 113 5060 lei
126 5004 238 5068 dicitrn·
254 5008 347 5068 filius
369 5006 530 5080 columbae
553 5023 614 5086 pro
635 5007 739 5071 multa
755 5009 840 5070 sim-
893 5005 1043 5076 tulantis,
1060 5000 1222 5072 hibunos,
1240 4999 1463 5072 centuriones,
1480 5002 1514 5061 et
1525 5002 1691 5080 quinqua-

70 5097 198 5179 plicitate,
219 5122 281 5184 pro
306 5105 410 5168 multa
434 5105 699 5180 mansuetudine,
725 5107 758 5171 et
780 5123 840 5189 pro
893 5104 1051 5184 generice
1064 5101 1100 5162 in
1113 5095 1234 5176 populo
1249 5096 1425 5169 Ordissallb
1439 5098 1475 5159 1¹1
1486 5095 1550 5174 ipsi
1561 5099 1691 5164 minora

71 5199 149 5262 nulla
162 5203 351 5267 dilectione.
895 5199 1099 5268 solummodo
1119 5195 1321 5276 judicarent,
1342 5194 1384 5255 ad
1407 5210 1443 5256 se
1461 5211 1541 5257 vero
1563 5201 1690 5276 majora

99 5299 161 5362 hta
172 5304 285 5382 itaque
296 5301 442 5366 notanda
458 5302 535 5363 sunt
545 5301 660 5384 inista
672 5303 836 5380 columba,
894 5300 1027 5380 negotia
1036 5294 1217 5366 deferrent,
1228 5309 1303 5370 quae
1318 5291 1464 5370 quotidie
1479 5309 1539 5370 per
1552 5295 1689 5358 miseri-

72 5389 143 5466 idesl,
157 5399 271 5464 devota
286 5403 323 5463 ot
341 5400 477 5462 humilis
493 5399 618 5473 anima,
634 5400 732 5475 idest,
753 5405 837 5484 quod
892 5398 1042 5462 cordiam
1053 5393 1114 5456 Dei
1127 5390 1284 5453 facimus·

73 5491 225 5562 nidificavit
244 5501 281 5561 in
304 5497 531 5560 foraminibus
546 5499 660 5576 petrae,
676 5500 762 5579 quod
783 5501 837 5564 of·
933 5495 1020 5560 Dicit
1042 5506 1123 5568 ergo
1146 5493 1234 5552 Deus
1255 5487 1357 5550 Pater
1380 5487 1442 5550 sub
1465 5503 1607 5566 persona
1628 5493 1692 5554 Za-

74 5585 209 5657 ferahatnr
220 5597 256 5659 in
271 5595 440 5658 sacrificio
454 5597 577 5658 retorto
592 5596 634 5658 ad
650 5597 770 5660 collum
787 5615 840 5662 ca·
893 5593 1018 5658 cbariae
1036 5613 1044 5652 ε
1064 5590 1245 5664 assumpsi
1258 5589 1346 5649 duos
1364 5589 1483 5664 carpos
1503 5583 1615 5665 (Zach.
1638 5606 1686 5664 xi,

75 5686 132 5760 lite,
148 5695 226 5770 qnod
249 5694 331 5757 tulit
352 5694 394 5756 ad
411 5709 523 5757 arcam
548 5709 677 5758 ramum
695 5695 837 5762 viventis
892 5695 936 5771 7),
952 5691 1048 5766 raes,
1063 5686 1181 5752 VOssaVi
1197 5684 1281 5748 du⁰⁵
1301 5685 1468 5762 ὅθθῧῖθῙθ8
1489 5684 1560 5748 SiV⁰
1573 5687 1688 5765 Ρᾶὓῑθ·
