4072 6314
93 339 155 400 att

93 501 227 562 remota
238 499 375 576 cogatis,
391 497 480 560 dicta
494 497 627 559 illorum
641 497 678 557 in
696 495 893 572 scripturam

94 597 267 674 publicam
288 597 396 674 redigi
417 595 586 668 facientes,
601 598 635 656 et
653 594 682 655 si
704 609 785 671 6666
810 591 894 654 16116

94 695 291 772 hujusmodi
303 711 404 756 cansa
418 694 590 770 contingit,
601 692 801 755 denuntietis
812 693 891 762 illis,

93 795 134 855 61
156 791 237 855 huic
260 793 442 871 receptioni
463 792 607 864 testium,
624 790 653 852 si
672 791 776 852 velint
790 791 895 852 inter-

95 891 220 963 sint,et
229 907 330 969 super
339 889 587 953 denuntiatione
596 890 645 950 sic
655 888 894 961 facta‚saciatis

95 988 219 1050 confici
236 987 403 1066 publicum
422 987 688 1050 instrumentum.
701 986 774 1049 Dat.
796 986 896 1048 Late-

94 1086 281 1148 ranisaxto
291 1083 895 1163 kalend.aprilis‚pontiflcatusnostri

95 1198 188 1244 anno
204 1183 360 1245 secundo.

399 1287 594 1377 CLXXIII

165 1427 218 1486 Ad
232 1425 523 1498 crcbtcptsccpum
537 1423 828 1485 ebredunensem

381 1535 514 1596 1761611.
532 1535 611 1595 1118.

127 1633 252 1698 stimat,
264 1631 309 1684 lib.
320 1631 355 1694 ll,
364 1633 440 1698 epist.
451 1631 505 1684 tet.
520 1633 578 1684 llss.
591 1633 628 1684 La
639 1632 713 1684 Porta
725 1631 760 1684 dn
771 1631 864 1695 mcii]

168 1731 287 1790 Mandat
300 1737 330 1789 ut
343 1731 427 1789 lactat
442 1729 672 1790 informationem
684 1729 720 1790 de
734 1731 826 1790 electo

293 1819 452 1878 Arelatensi
473 1819 699 1893 archiepiscopo.

137 1919 318 1992 Honorius,
340 1919 415 1992 616,
438 1919 624 1982 venerabili
641 1917 773 1982 fratri...
790 1919 898 1982 archi·

94 2015 255 2094 episcopo
271 2015 477 2080 Ebredunen.

135 2113 231 2176 Licet
254 2129 360 2191 nuper
388 2113 555 2177 Arelatem.
588 2115 731 2177 ecclesia
757 2115 897 2178 vacante

92 2211 268 2288 pastore...
302 2211 499 2289 praepositus
528 2213 561 2275 et
593 2213 773 2290 capitulum
802 2215 896 2290 ajus-

91 2309 170 2370 dem
182 2308 332 2371 acclesiae
348 2309 503 2372 dilectum
517 2309 673 2383 filium...,
682 2310 897 2388 praepositum

92 2405 283 2468 Massiliam.
300 2405 334 2467 in
349 2407 496 2484 ipsorum
511 2407 799 2485 archiepiscopum
817 2424 898 2469 con-

93 2503 255 2576 corditer,
281 2503 367 2566 sicut
386 2506 585 2583 6666611666,
609 2506 801 2582 elegissent,
826 2508 895 2569 et..-

93 2601 277 2664 sacrista...
314 2601 591 2681 archipresbyter,
624 2604 657 2665 et
688 2602 897 2665 Bermnndus

95 2699 138 2759 de
153 2699 355 2775 Marignaua
374 2701 565 2770 canonicus,
581 2701 615 2763 et
629 2702 789 2779 magister
806 2703 899 2763 Mar-

94 2797 190 2858 tinus
213 2796 356 2858 claricus
370 2797 586 2861 beneficiatus
606 2799 773 2861 Arelatem.
791 2799 899 2861 eccle-

95 2894 156 2954 616
181 2893 265 2955 et...
287 2895 439 2968 sacrista,
464 2895 679 2972 Raymundus
702 2896 839 2965 iuliani,
866 2897 899 2958 at

96 2993 170 3068 Ugo
189 2989 230 3052 de
250 2992 334 3052 Laza
350 2991 503 3054 canonici
517 2993 716 3066 Massiliam,
727 2993 767 3054 ad
780 2993 898 3056 sedem

94 3088 323 3165 Apostolicam
346 3090 553 3162 accedentes,
568 3091 740 3153 electionis
764 3090 897 3153 decreto

94 3185 195 3247 nobis
215 3185 374 3258 exhibito,
392 3187 561 3266 praepositi
584 3191 618 3252 et
640 3189 777 3267 capituli
807 3204 897 3266 prae-

95 3283 265 3345 dictorum
277 3284 551 3362 suscriptionibus
564 3284 730 3358 roborato,
747 3285 899 3348 6616166-

94 3381 208 3443 tantia
221 3381 420 3458 postularint
430 3385 467 3445 ut
479 3383 674 3446 electionem
687 3384 898 3446 confirmare·

94 3494 172 3539 mus
189 3479 350 3551 eamdem,
366 3481 433 3542 tarn
449 3483 736 3559 suffraganeorum
750 3482 897 3561 ejusdem

96 3575 265 3649 ecclesiae,
283 3593 380 3652 quarn
400 3579 579 3642 multorum
591 3579 683 3641 illius
695 3581 795 3642 terrae
810 3597 898 3657 mag-

94 3675 215 3736 natum
235 3675 404 3736 nonnullis
419 3692 519 3754 super
535 3678 598 3740 hoc
612 3677 734 3739 littaris
749 3693 899 3754 praesan-

92 3771 189 3842 tatis,
216 3786 277 3832 nos
297 3773 408 3834 tamen
431 3774 472 3836 da
502 3773 649 3836 moribus
671 3777 705 3836 at
725 3775 794 3838 vite
817 3775 895 3837 dicti

91 3867 285 3931 Massilien.
306 3871 475 3948 praepositi
490 3873 625 3951 propter
639 3871 802 3951 quaedam,
823 3887 896 3949 quaa

91 3967 136 4028 de
155 3967 231 4044 ipso
249 3965 436 4030 audivimus
450 3969 628 4032 certificari
645 3970 805 4043 volantes,
822 3986 897 4032 cum

91 4062 229 4126 nemini
258 4065 439 4128 secundum
463 4068 656 4145 Apostolum
688 4069 753 4130 cito
779 4067 898 4132 debeat

91 4176 219 4226 manus
249 4161 390 4239 imponi,
419 4161 615 4228 discretioni
646 4166 728 4239 tuae,
758 4166 799 4227 de
831 4181 896 4244 666

78 4259 256 4323 ¹fiduciam
270 4261 415 4336 gemmus
426 4260 620 4337 pleniorem,
634 4263 896 4340 6611666161166

92 4355 225 4434 6611616
253 4357 462 4432 mandamus,
489 4361 778 4438 6661666666661
805 4377 895 4438 616-

91 4454 199 4518 1116116
226 4454 300 4515 6166
332 4457 444 4518 666116
477 4455 627 4535 16661166
657 4458 838 4534 prudenter
865 4457 897 4520 at

10 4583 13 4588 ·
92 4549 445 4629 sollicite'veritatem;
461 4571 534 4632 666
547 4555 711 4632 superbis
723 4555 896 4617 inveneris

91 4651 165 4715 tuis
182 4650 364 4712 interclusa
378 4650 499 4727 sigillis
515 4652 557 4714 ad
577 4655 724 4714 nostram
743 4669 895 4732 praesen-

91 4750 180 4814 tiam
197 4747 338 4810 tldeliter
357 4749 624 4811 transmissurus.
650 4753 722 4812 Dat.
741 4751 896 4813 Laterani

93 4849 195 4910 sexto
217 4845 378 4908 kalendas
404 4848 531 4925 aprilis,
552 4847 764 4925 pontificatus
791 4849 897 4910 nostri

93 4959 189 5008 anno
204 4943 360 5004 secundo.

408 5049 597 5138 CLXXIV

250 5185 302 5244 Act
316 5185 511 5258 episcopum
524 5187 744 5259 papiensem.

384 5287 419 5345 18
433 5295 515 5345 mart.
533 5288 612 5346 1118.

185 5383 326 5450 [1111161661
339 5385 441 5434 Memor.
453 5385 540 5436 eccles.
553 5385 586 5436 de
597 5385 702 5444 llimini,
715 5385 819 5450 6181]

182 5485 224 5542 116
238 5482 401 5542 visitatione
417 5485 635 5542 6166116611666
650 5483 816 5542 monasterii

301 5573 398 5630 Sancti
410 5574 512 5631 iventii
527 5573 687 5646 Papieusis.

139 5673 307 5735 Honorius
316 5672 503 5750 episcopus,
516 5688 632 5734 servus
643 5687 813 5733 servorum
825 5661 895 5740 itai,

727 331 954 396 EPISTOLAE.
980 331 1056 392 itta.
1081 333 1120 392 ll.

1686 330 1746 390 11ῖὸ

948 489 1131 553 venerabili
1146 489 1242 553 fratri
1255 489 1411 568 episcopo
1427 488 1594 566 Papiensi,
1610 489 1673 552 etc.

988 589 1094 651 Habet
1112 588 1175 650 hcc
1197 588 1366 667 proprium
1388 588 1516 666 antiqui
1537 587 1642 648 hostis
1657 588 1748 649 invi-

948 686 1014 757 dia,
1032 689 1069 748 61
1083 702 1148 746 1166
1163 687 1270 748 solum
1283 685 1415 747 infirma
1428 683 1575 746 membra
1589 685 1746 746 Ecclesiae

948 783 1158 860 praecipitare
1172 783 1311 851 laborat,
1331 781 1502 844 sedetiam
1519 781 1560 842 ad
1576 781 1747 845 desidera-

949 881 1029 944 bilia
1044 883 1117 959 eJus
1135 897 1270 944 manum
1285 880 1452 952 extendat,
1473 882 1507 942 et
1526 880 1649 942 electos
1664 897 1747 958 sup-

949 979 1101 1056 plantare
1113 979 1248 1041 uitatur.
1271 977 1432 1040 observat
1445 976 1534 1038 enim
1549 977 1698 1051 fluvium,
1715 979 1748 1039 at

950 1093 1016 1138 non
1029 1075 1213 1149 mirabitur,
1232 1075 1265 1138 at
1279 1075 1378 1136 babet
1389 1073 1554 1146 fiduciam,
1572 1075 1749 1153 66611161-

950 1173 1045 1235 danis
1068 1174 1239 1236 666166116
1259 1189 1296 1235 os
1315 1175 1404 1250 eJus;
1421 1171 1456 1234 in
1479 1172 1555 1234 illos
1577 1173 1747 1250 potissime

950 1271 1088 1348 sagittas
1108 1287 1177 1334 suae
1193 1271 1386 1334 tentationis
1404 1270 1599 1343 immittens,
1618 1271 1675 1348 qui
1691 1270 1745 1331 di-

949 1369 1076 1446 gnitate
1089 1370 1144 1432 vel
1156 1369 1318 1446 religione
1333 1368 1488 1430 videntur
1502 1368 1578 1430 aliis
1600 1369 1749 1444 praeami·

950 1483 1040 1540 nera,
1053 1467 1189 1529 6116616
1204 1465 1246 1527 ad
1260 1466 1374 1542 plures
1386 1465 1583 1542 perditionis
1596 1466 1748 1542 exempla

950 1564 1192 1636 transmittant,
1219 1563 1341 1642 quanto
1362 1563 1541 1640 pretiosius
1564 1562 1748 1624 membrum

951 1662 1101 1724 ecclesiae
1125 1678 1194 1722 suae
1212 1659 1312 1723 fuerit
1332 1658 1521 1721 calliditate
1546 1660 1747 1738 collapsum3

951 1761 1038 1822 sicut
1067 1759 1102 1821 in
1135 1758 1277 1822 eeclesia
1307 1757 1422 1820 Sancti
1455 1756 1574 1819 iventii
1609 1759 1747 1834 Papien.

951 1857 1071 1920 dilecto
1091 1857 1160 1918 tilio
1184 1856 1343 1931 magistro
1362 1857 1399 1916 B.
1426 1854 1574 1932 ejusdam
1597 1854 1748 1916 ecclesiae

951 1955 1129 2024 referente,
1143 1954 1320 2015 didicimus
1335 1952 1524 2029 contigisse.
1543 1955 1648 2025 Quum
1659 1953 1747 2014 anim

952 2053 1065 2116 clerici
1094 2052 1243 2130 ejusdem
1269 2050 1419 2113 acclesiae
1445 2051 1679 2112 consueverint
1706 2049 1748 2111 ab

951 2151 1088 2228 6611666
1107 2152 1221 2228 jacere
1233 2148 1268 2209 in
1286 2148 1490 2220 dormitorio,
1507 2147 1539 2209 at
1557 2147 1750 2210 161616616-

953 2249 1003 2310 116
1019 2248 1113 2309 retici
1131 2247 1171 2308 da
1190 2245 1367 2318 communi,
1392 2246 1426 2307 61
1441 2244 1622 2322 6661161616
1641 2244 1691 2306 bis
1713 2246 1747 2305 16

952 2345 1006 2406 die
1018 2346 1156 2417 intrare,
1177 2359 1217 2405 66
1234 2343 1323 2404 61166
1338 2345 1455 2404 horam
1465 2342 1597 2404 tertiam
1613 2342 1749 2402 missam

953 2441 1123 2503 celebrare
1147 2441 1338 2512 solemnem,
1366 2441 1489 2516 praeter
1507 2440 1559 2499 sui
1579 2439 1748 2516 praepositi

953 2540 1122 2601 licentiam
1135 2538 1317 2600 claustrum
1333 2536 1449 2613 egredi
1462 2536 1598 2598 minima
1621 2551 1750 2614 praesu-

952 2639 1091 2712 mentes,
1107 2635 1163 2698 sad
1177 2627 1312 2712 accepta
1327 2634 1462 2696 11666116
1477 2649 1608 2710 semper
1620 2633 1701 2706 bini,
1717 2635 1750 2696 et

953 2735 1066 2812 cappis
1092 2733 1197 2810 nigris
1222 2732 1331 2794 induti
1361 2730 1581 2808 simplicibus,
1608 2731 1748 2794 incede-

953 2832 1042 2904 baat,
1071 2833 1118 2893 116
1142 2830 1228 2908 quod
1253 2830 1321 2892 vita
1349 2843 1475 2901 eorum,
1499 2828 1556 2907 qui
1579 2830 1749 2906 speculum

953 2929 1135 2992 honestatis
1155 2931 1188 2989 et
1208 2927 1382 3004 religionis
1401 2927 1589 3003 exemplum
1609 2943 1645 2988 se
1660 2927 1749 2990 claro

952 3029 986 3089 61
1006 3027 1127 3104 666616
1147 3024 1359 3096 exhibebant,
1384 3023 1538 3085 omnibus
1563 3025 1750 3100 complace·

952 3125 1017 3198 ret3
1049 3139 1137 3185 nuuc
1168 3123 1363 3200 quibusdam
1396 3120 1567 3182 canonicis
1601 3122 1749 3200 ejusdem

953 3220 1103 3284 66616616
1126 3219 1334 3292 facientibus,
1363 3219 1432 3282 fera
1453 3219 1541 3281 totus
1565 3219 1657 3281 color
1677 3222 1748 3297 ejus

952 3321 1095 3399 optimus
1110 3321 1161 3382 661
1174 3318 1331 3391 mumius,
1356 3333 1432 3378 cum
1455 3331 1570 3378 eorum
1590 3316 1749 3379 medietas

951 3421 1010 3482 vix
1029 3418 1151 3480 ibidem
1166 3417 1289 3479 divinis
1303 3415 1428 3503 officiis
1440 3415 1582 3488 intersit,
1600 3431 1639 3478 ac
1658 3416 1748 3477 divi-

952 3518 998 3578 sis
1018 3516 1200 3579 redditibus
1224 3515 1330 3592 ipsius
1349 3513 1511 3582 ecstasim,
1538 3513 1750 3575 616661661-

951 3612 1247 3676 6661161616616111
1269 3611 1309 3672 dc
1329 3627 1389 3672 suo
1405 3610 1555 3672 comedat
1570 3612 1751 3688 66666616-

952 3726 1027 3790 que,
1043 3713 1076 3773 et
1090 3711 1267 3771 incamara
1277 3709 1401 3785 jaceat,
1415 3721 1481 3767 666
1499 3705 1572 3768 6166
1591 3708 1749 3769 scandalo

953 3809 1181 3886 plurimorum,
1205 3806 1391 3882 vestesque,
1418 3819 1500 3882 6666
1519 3804 1673 3878 66166111,
1701 3806 1751 3866 in·

952 3907 1043 3977 duat,
1066 3906 1098 3967 at
1119 3904 1256 3982 abjectis
1271 3903 1401 3980 penitus
1417 3902 1530 3979 cappis
1546 3902 1661 3978 nigris,
1689 3916 1750 3981 per

952 4004 1119 4066 civitatem
1135 4001 1301 4064 discurrat
1315 4016 1374 4077 pro
1390 4015 1459 4062 suaa
1475 3989 1615 4062 arbitrio
1629 4001 1750 4062 volun-

951 4102 1040 4164 tatis.
1070 4103 1109 4164 nt
1130 4101 1286 4180 quoniam
1312 4099 1386 4160 11666
1406 4113 1473 4159 666
1492 4098 1610 4169 solum,
1632 4099 1687 4162 sed
1715 4100 1747 4161 id

951 4201 1063 4272 etiam,
1085 4199 1170 4278 quod
1194 4201 1231 4260 0.
1255 4197 1435 4260 canonicus
1451 4191 1618 4274 praedictae
1637 4197 1748 4260 accle-

951 4299 1026 4372 siae,
1060 4297 1116 4375 661
1144 4296 1322 4375 quemdam·
1344 4295 1572 4373 presbyterum
1601 4296 1749 4374 ejusdem

951 4395 1103 4458 ecclesiae
1118 4395 1271 4472 nequiter
1285 4409 1398 4456 coram
1414 4393 1525 4455 multis
1540 4393 1581 4454 da
1596 4394 1665 4453 suis
1679 4391 1749 4454 fra-

951 4493 1058 4556 tribus
1084 4491 1252 4554 interfecit
1274 4492 1309 4553 in
1346 4492 1509 4565 claustr03
1538 4491 1571 4550 61
1598 4505 1672 4550 cum
1706 4491 1750 4552 sit

952 4593 1049 4669 culpa
1066 4594 1138 4669 ejus
1163 4591 1305 4657 notoria,
1322 4587 1538 4648 nihilominus
1552 4585 1747 4648 beneficium

951 4689 1161 4766 praebendale
1192 4686 1350 4764 percipit,
1387 4683 1447 4744 sub
1482 4682 1748 4745 dissimulatione

952 4786 1144 4864 pertransit,
1157 4782 1245 4863 (661)
1262 4798 1360 4861 66616
1373 4781 1486 4842 multis
1499 4779 1676 4856 praestatur
1688 4797 1750 4843 66-

952 4885 1048 4946 dacia
1061 4881 1285 4959 delinquendi.
1300 4881 1384 4952 Quia
1402 4894 1482 4941 varo
1494 4877 1535 4939 ad
1553 4877 1615 4939 hoc
1634 4895 1748 4942 sumus

951 4983 1058 5044 vineae
1075 4980 1206 5042 Domini
1221 4978 1366 5056 operarii
1388 4977 1548 5053 deputati,
1565 4978 1602 5039 ut
1621 4977 1749 5039 161166-
1769 5001 1773 5008 ·

951 5081 1057 5142 tuosis
1084 5075 1274 5156 palmitibus
1305 5074 1499 5152 6166616116,
1536 5075 1616 5137 61116
1650 5091 1747 5136 66166

952 5177 1105 5256 palmites
1119 5171 1289 5237 dilatando
1304 5173 1338 5233 in
1364 5171 1523 5234 lateribus
1545 5173 1660 5234 domus
1675 5175 1747 5246 ejus

953 5276 1113 5350 abundet3
1151 5271 1352 5334 fraternitati
1379 5271 1445 5332 tuae
1475 5285 1534 5344 per
1558 5268 1748 5344 apostolica

885 5371 890 5378 '
952 5373 1075 5450 scripta
1103 5371 1252 5434 districte
1284 5364 1506 5446 praecipiendo
1539 5364 1744 5432 mandamus,

952 5471 1115 5549 66616666
1137 5466 1356 5547 personaliter
1374 5463 1415 5524 ad
1440 5451 1614 5522 ecclesiam
1640 5462 1746 5539 ipsam

952 5569 1124 5640 accedens,
1152 5565 1259 5629 eidem
1282 5559 1478 5623 auctoritate
1492 5559 1605 5620 nostra
1631 5561 1745 5634 attus,

952 5667 1095 5728 officium
1122 5659 1323 5724 visitationis
1358 5654 1547 5731 impendas,
1575 5657 1608 5719 at
1636 5659 1745 5719 corri-
