3996 6326
62 407 120 474 aoe
318 389 434 472 xum.
451 437 490 452 -
504 399 549 474 ut
571 401 825 472 Nnmvtrnra
847 403 1002 486 sanem,
1016 405 1193 474 toannrs
1214 401 1444 474 mrrrsrm.
1644 411 1705 476 alo

62 574 107 636 tia
121 565 335 647 virginitatis,
362 567 508 632 secundo
527 585 587 648 pro
609 567 754 647 puritate
773 582 854 630 con·
907 567 1040 646 tempsit
1052 567 1200 642 delicias,
1222 571 1348 648 sprevit
1362 561 1490 650 epulas,
1513 572 1546 634 et
1564 571 1703 635 evitavit

62 668 279 740 versationis,
316 667 348 730 et
372 666 472 730 tertio
496 683 556 746 pro
571 666 713 731 veritate
728 681 855 728 annun·
908 665 1091 729 illecebras.
1116 668 1244 742 Castus,
1274 668 1415 743 sobrius,
1443 669 1616 747 benignus,
1638 686 1703 748 pa-

62 765 218 830 tiationis.
244 768 310 826 Pro
352 765 515 826 munditia
545 762 758 841 virginitatis,
775 763 853 840 quia
906 763 992 827 tiens
1008 766 1040 827 et
1058 765 1238 834 modestus,
1261 767 1319 844 qui
1337 767 1469 829 domum
1486 785 1560 830 cum
1578 767 1703 830 divitiis

62 859 205 940 virgines
229 859 357 938 angelis
379 863 456 924 sunt
475 861 612 936 similes,
634 860 719 922 sicut
735 859 852 922 Domi·
907 861 1095 940 dereliquit,
1125 877 1271 925 eremum
1298 879 1377 926 vero
1408 882 1483 927 cum
1509 866 1703 945 paupertate

63 977 121 1022 nus
144 959 226 1022 dicit
249 959 283 1021 in
303 959 507 1037 Evangelio:
530 965 573 1022 ln
595 960 853 1022 resurrectione
896 959 1072 1038 -quaesirit,
1089 962 1197 1025 noluit
1212 962 1397 1026 sacerdotio
1411 962 1505 1040 iungi
1522 979 1582 1042 pro
1596 965 1701 1042 patre,

62 1073 165 1133 anone
190 1059 319 1120 nubent
337 1073 446 1133 neena
465 1045 724 1132 aureatenses
749 1057 853 1118 erunt
907 1061 943 1120 ut
958 1059 1180 1122 sacerdotales
1200 1061 1234 1123 et
1251 1060 1375 1137 legales
1394 1063 1572 1139 proventus
1594 1060 1704 1139 perci·

62 1156 145 1217 sicut
166 1159 280 1231 aspen
298 1157 361 1217 Det
375 1158 412 1217 tn
431 1161 512 1219 coeto
530 1151 661 1236 (Matth.
682 1169 767 1226 xxti,
787 1152 851 1233 10).
907 1157 1010 1234 peret,
1027 1157 1230 1235 quoniamst
1245 1175 1346 1220 unum
1358 1159 1534 1237 acciperet,
1546 1159 1703 1222 universa

62 1255 194 1330 Semper
206 1254 256 1315 est
272 1253 361 1316 enim
373 1253 502 1330 angelis
515 1253 649 1330 cognita
661 1251 851 1329 virginitas.
907 1253 1044 1316 dimisit.

62 1369 78 1410 1
98 1353 180 1412 Nam
190 1351 226 1413 in
241 1367 353 1425 carue,
370 1353 406 1414 ut
419 1351 640 1430 Hieronymus
656 1351 714 1424 ait,
733 1350 853 1429 praeter
948 1352 1113 1430 Scriptum
1126 1354 1177 1416 est
1189 1353 1309 1433 quippe
1324 1353 1364 1416 de
1375 1353 1446 1428 illo,
1460 1353 1545 1433 quod
1561 1353 1704 1416 habebat

61 1464 189 1511 carnem
204 1449 331 1523 vivere,
344 1448 442 1522 idest,
456 1450 587 1527 quando
602 1450 700 1512 homo
716 1463 783 1511 non
797 1447 852 1509 ia·
907 1450 1140 1514 vestimentum
1153 1451 1193 1515 do
1208 1453 1286 1532 pilis
1301 1453 1516 1528 camelorum,
1534 1453 1567 1514 et
1586 1467 1704 1514 zonam
1795 1451 1798 1458 '

61 1548 103 1610 cit
117 1547 321 1610 volumtatem
342 1563 449 1620 suam,
476 1549 534 1610 sed
559 1529 769 1611 voluntatem
780 1545 851 1615 Dei,
908 1547 1081 1627 pelliceam
1109 1549 1200 1612 circa
1223 1551 1352 1613 lumbos
1371 1567 1461 1613 suos.
1484 1553 1567 1612 Esca
1594 1552 1704 1612 autem

61 1660 122 1706 non
151 1645 334 1706 humanum
358 1645 418 1719 est,
434 1646 491 1708 sed
518 1644 747 1723 angelicum.»
773 1643 854 1716 Qui·
908 1647 1003 1708 erant
1017 1647 1154 1709 locustae
1165 1648 1198 1710 et
1212 1649 1276 1709 mel
1288 1648 1453 1712 silvestre.
1468 1651 1533 1710 Per
1542 1648 1704 1710 locustam

64 1759 198 1820 cumque
213 1743 286 1806 vult
306 1759 420 1805 veram
435 1743 633 1805 munditiam
652 1741 853 1819 virginitatis
908 1743 1065 1805 debemus
1093 1744 1281 1822 intelligere
1309 1745 1466 1823 gaudium
1500 1745 1706 1822 contempla-

64 1840 182 1902 habere
196 1841 233 1902 in
253 1840 353 1903 corde
368 1857 440 1914 suo,
461 1840 604 1920 accipiat
617 1855 733 1902 zonam
753 1839 854 1917 pelli·
907 1841 1019 1905 tionis.
1037 1844 1102 1904 Pro
1128 1859 1168 1905 eo
1190 1843 1276 1921 quod
1296 1844 1461 1905 modicum
1487 1843 1578 1905 volat
1596 1843 1629 1904 et
1648 1842 1706 1906 dat

64 1954 149 2000 ceam
171 1939 213 2000 de
237 1939 357 2000 lumbis
386 1939 537 2012 loannis,
562 1937 658 2000 tollat
685 1936 854 2014 cingulum
908 1939 1025 2025 breres
1041 1939 1156 2015 saltus,
1172 1941 1297 2004 idcirco
1312 1941 1469 2004 dehemus
1480 1941 1705 2017 contemplare

64 2037 220 2098 castitatis
234 2035 561 2115 derenihustoseph‚
573 2035 685 2098 teneat
698 2035 853 2114 populum
908 2037 1068 2100 coelestia.
1088 2041 1155 2101 Per
1173 2039 1239 2101 mel
1254 2038 1452 2116 intelligitur
1465 2038 1623 2114 gaudium
1642 2037 1706 2100 tri-

64 2134 226 2211 pudicitiae
255 2133 295 2196 de
321 2133 407 2197 facie
434 2136 607 2207 Susannae,
628 2132 723 2196 tollat
748 2133 853 2194 absti-
908 2133 1099 2197 bulationis.
1117 2137 1181 2198 Sed
1198 2137 1276 2215 quia
1296 2137 1555 2199 consentaneum
1574 2135 1626 2197 est
1642 2149 1705 2196 na-

64 2232 206 2293 nentiam
220 2231 261 2293 de
270 2247 328 2294 ore
340 2232 477 2310 Moysis,
488 2233 653 2310 jejunium
668 2231 708 2292 de
723 2233 854 2308 gutture
908 2233 991 2294 turae
1011 2233 1157 2309 gaudere
1180 2233 1343 2306 inbonis,
1367 2235 1530 2296 remotum
1551 2233 1660 2294 autem
1684 2248 1705 2294 a

64 2329 172 2402 ileliae,
201 2331 347 2391 esuriem
371 2330 411 2392 de
431 2331 562 2409 jejunio
584 2329 718 2402 Christi,
743 2329 777 2391 et
791 2329 856 2391 sta·
908 2329 1186 2408 naturagaudere
1202 2331 1236 2392 in
1251 2331 1532 2403 tribulationibus,
1552 2329 1626 2392 ideo
1639 2329 1705 2391 mel

63 2429 152 2489 tuens
164 2427 309 2490 cultrum
323 2429 359 2489 in
380 2429 513 2504 gutture
526 2443 597 2502 suo,
614 2428 663 2490 sic
682 2427 855 2504 succingat
910 2427 1061 2490 silvestre
1080 2429 1219 2490 vocatur
1239 2429 1397 2505 gaudium
1418 2428 1454 2489 in
1476 2426 1702 2489 tribulatione.

64 2525 183 2588 lumbos
195 2543 288 2596 suos,
303 2527 339 2588 ut
353 2527 421 2588 sint
431 2525 533 2588 lumbi
547 2528 620 2603 eius
634 2524 807 2603 praecincti
823 2526 855 2588 et
909 2524 1003 2588 Unde
1022 2525 1166 2590 lacobus
1181 2526 1216 2588 in
1231 2524 1377 2604 Epistola
1393 2525 1576 2588 canonica:
1599 2526 1705 2586 Omne

65 2623 217 2686 esurienti
240 2624 362 2686 animae
393 2625 493 2686 etiam
522 2639 637 2685 amara
665 2622 777 2684 dulcia
801 2623 856 2685 vi-
907 2624 1300 2699 panoenmeesnmate,
1317 2624 1555 2698 nutrescunt
1575 2621 1708 2683 tnctttc-

66 2721 208 2783 deantur.
222 2722 313 2783 'l'alis
326 2721 389 2784 luit
403 2721 520 2784 beatus
531 2725 677 2786 loannes
691 2720 852 2798 Baptista,
909 2721 990 2783 rttts
1010 2723 1047 2782 tn
1063 2721 1318 2783 trtbntotionem
1334 2718 1418 2801 (tac.
1434 2735 1458 2793 1,
1479 2717 1524 2800 2).
1541 2718 1581 2781 Bt
1599 2720 1707 2796 Apos-

67 2820 115 2898 qui
141 2835 202 2898 pro
232 2819 394 2882 munditia
422 2835 492 2884 suae
506 2819 710 2896 virginitatis
733 2818 856 2882 meruit
908 2818 995 2880 tolus
1011 2839 1020 2878 ι
1036 2821 1079 2880 In
1092 2814 1628 2894 trtbnlotionepnuetentestllom.
1642 2831 1705 2885 xn,

67 2916 194 2991 angelus
208 2916 382 2993 appellari.
910 2915 972 2996 12).
989 2915 1029 2978 Bt
1044 2914 1126 2976 alibi
1143 2915 1343 2993 exprimitur
1355 2916 1531 2993 utrumque
1545 2913 1706 2992 gaudium

103 3016 163 3076 Pro
174 3014 321 3092 puritate
334 3013 613 3087 conversationis,
624 3013 854 3092 quiaJoannes
908 3013 976 3076 tam
1002 3013 1158 3076 debonis
1179 3012 1336 3091 quamde
1356 3012 1464 3085 maliS,
1481 3011 1538 3073 ubi
1562 3011 1705 3073 dicitur:

66 3109 204 3188 Baptista
227 3111 335 3172 adhuc
356 3127 439 3189 puer
459 3111 631 3174 habitabat
654 3111 689 3172 in
710 3110 852 3182 deserto,
908 3115 998 3173 Esca
1018 3113 1164 3174 Jocnnts
1177 3110 1280 3174 erant
1293 3111 1431 3172 mmcstoe
1445 3111 1479 3172 ct
1493 3115 1560 3172 nect
1573 3107 1704 3189 (Matth.

67 3210 97 3270 ut
115 3209 333 3286 Evangelium
347 3209 500 3282 testatur,
517 3225 622 3287 usque
645 3209 680 3270 in
695 3207 783 3269 diem
798 3223 855 3269 os-
909 3224 958 3281 111,
988 3207 1033 3289 l),
1055 3208 1155 3282 idest,
1173 3208 1332 3286 gaudium
1358 3206 1646 3286 contemplationis
1674 3205 1707 3268 et

64 3308 218 3368 tensionis
237 3323 306 3368 suae
334 3306 375 3368 ad
396 3307 510 3368 lsrael.
534 3307 624 3368 Beda
648 3305 739 3378 dicit,
766 3304 853 3383 quod
909 3307 1066 3383 gaudium
1084 3305 1319 3370 tribulationis.
1339 3309 1378 3368 Et
1392 3305 1455 3368 hoc
1477 3305 1531 3368 est
1555 3305 1642 3382 quod
1657 3304 1704 3366 ait
1763 3317 1784 3359 ·.

66 3403 231 3467 duodecim
243 3404 340 3466 annis
351 3404 506 3480 regnavit
519 3404 687 3480 Augustus
700 3404 774 3481 post
789 3419 853 3465 na·
909 3404 1105 3482 Apostolus:
1119 3407 1315 3468 Gloriemnr
1325 3419 1392 3466 non
1402 3407 1635 3478 schemmata,
1647 3405 1708 3464 sed

67 3501 220 3565 tiritatem
233 3502 365 3575 Christi,
387 3501 421 3564 et
437 3501 591 3564 Tiberius
607 3501 761 3578 regnarit
781 3501 856 3579 post
909 3505 1017 3565 attone
1030 3507 1067 3565 tn
1079 3497 1355 3564 internetionibus
1370 3497 1477 3575 (Rom.
1494 3517 1525 3574 r,
1542 3501 1588 3575 2).
1605 3500 1645 3561 Bt
1659 3499 1709 3561 is·

67 3603 252 3676 Augustum.
276 3599 368 3663 Unde
390 3615 465 3661 cum
480 3615 569 3663 anno
591 3600 706 3677 quinto
727 3599 855 3660 decimo
909 3599 966 3662 tud
982 3599 1106 3678 duplex
1120 3597 1279 3677 gaudium
1291 3599 1475 3676 estduplex
1490 3597 1582 3660 cibus
1597 3600 1704 3660 Joan-

68 3697 186 3775 imperii
211 3698 335 3759 Tiberii
360 3698 403 3759 sit
424 3696 547 3759 iactum
562 3697 700 3760 verbum
723 3696 855 3759 Domini
910 3697 973 3758 nis.
1007 3694 1101 3758 Unde
1128 3695 1304 3772 magnifico
1328 3695 1450 3758 meruit
1475 3711 1535 3772 pro
1561 3695 1706 3772 puritate

68 3811 156 3874 super
165 3799 343 3868 loannem,
353 3795 529 3857 sicutdicit
538 3797 646 3857 Lucas
655 3793 738 3874 (Luc
747 3809 798 3868 111,
809 3792 853 3875 1),
910 3808 980 3855 suaa
993 3791 1259 3855 conversationis
1275 3793 1413 3869 angelus
1426 3791 1599 3869 appellari.
1793 3788 1794 3791 ’

68 3894 245 3973 patetquod
257 3896 402 3956 Joannes
416 3891 553 3970 incoepit
566 3892 749 3969 praedicare
766 3891 856 3969 vige·
952 3892 1018 3952 Pro
1030 3890 1171 3953 veritate
1186 3890 1460 3962 annuntiationis,
1477 3889 1555 3967 quia
1571 3888 1709 3966 angelus

68 3991 141 4053 simo
150 3993 269 4055 octavo
280 4007 367 4053 anno
380 3989 563 4052 nativitatis
577 3989 711 4062 Christi,
727 3987 781 4052 rel
795 3989 857 4051 cir·
910 3986 1148 4066 interpretatur
1159 3987 1313 4050 nuncius.
1333 3987 1373 4050 Bt
1395 3989 1541 4050 loannes
1560 3987 1709 4065 Baptista

69 4089 149 4164 citer,
161 4092 192 4153 et
206 4091 287 4153 tunc
302 4088 540 4152 ostendebatur
548 4088 589 4150 ad
606 4087 723 4150 lsrael.
739 4090 857 4160 Quam·
911 4087 967 4163 qui
983 4085 1150 4150 Christum
1175 4086 1298 4148 mundo
1321 4087 1543 4159 annuntiavit,
1568 4085 1707 4164 angelus

68 4187 111 4248 ris
136 4190 225 4250 enirn
259 4187 352 4265 prius
380 4185 476 4248 multi
507 4186 549 4248 ad
584 4203 661 4247 eum
684 4186 857 4247 venissent
910 4184 1043 4247 Domini
1060 4184 1167 4246 dictus
1182 4185 1234 4246 est
1251 4185 1284 4247 et
1304 4185 1451 4247 nuntius.
1466 4183 1621 4262 Legimus
1640 4185 1709 4246 tres

69 4284 226 4364 tamquam
254 4284 296 4347 ad
321 4285 431 4347 virum
453 4283 614 4356 sanctum,
640 4284 751 4345 tamen
777 4285 856 4345 tunc
911 4281 1051 4345 nuncios
1065 4283 1276 4360 praecessisse
1289 4285 1366 4345 ante
1382 4283 1559 4345 Christum.
1576 4283 1710 4344 Primus

69 4382 193 4462 incoepit
209 4381 383 4445 manifeste
394 4381 588 4461 praedicare.
604 4384 651 4443 De
664 4381 726 4442 hac
745 4381 859 4444 osten·
911 4381 1055 4442 nuncius
1090 4380 1292 4459 praeparavit
1330 4381 1419 4444 viam
1450 4380 1709 4452 incarnationis,

71 4481 152 4544 sione
166 4483 250 4544 dicit
266 4483 393 4543 Lucas:
409 4479 492 4542 bntt
504 4483 657 4541 loannes
671 4481 708 4539 tn
722 4478 858 4540 deserto
913 4478 1077 4541 secundus
1111 4479 1201 4540 viam
1234 4477 1435 4552 nativitatis,
1472 4479 1589 4540 tertius
1622 4478 1711 4540 riam

71 4593 165 4653 usone
190 4582 237 4640 od
255 4581 347 4640 atem
370 4577 574 4639 ostensionis
592 4591 667 4638 snoe
682 4577 727 4636 od
745 4579 859 4637 lsrael
912 4575 1171 4663 praedicationis.
1196 4579 1262 4638 Por
1284 4577 1426 4654 primam
1447 4576 1535 4638 viam
1557 4575 1648 4637 venit
1669 4575 1710 4636 ad

72 4671 153 4752 (buc.
169 4692 193 4746 1,
213 4673 281 4754 80).
307 4673 490 4750 Trigesimo
510 4688 599 4734 auno
622 4671 745 4734 Christi
765 4671 859 4734 venit
913 4673 1070 4752 templum
1093 4673 1259 4749 salutare;
1276 4689 1336 4751 per
1357 4672 1535 4735 secundam
1557 4673 1650 4735 venit
1669 4671 1710 4734 ad

71 4771 132 4847 ipse
149 4774 191 4835 ad
210 4777 386 4845 loannem,
409 4772 442 4833 et
462 4770 647 4848 baptizatus
671 4770 722 4832 est
744 4770 786 4831 ab
806 4785 856 4832 eo.
912 4772 1072 4850 templum
1100 4771 1274 4832 materiale
1290 4793 1299 4846 ;
1315 4785 1376 4847 per
1397 4769 1530 4832 tertiam
1555 4768 1647 4831 uenit
1669 4769 1712 4831 ad

74 4871 218 4948 Sequenti
232 4869 365 4932 Pascha
380 4869 496 4947 captus
514 4867 735 4941 estJoanneS,
759 4866 860 4929 etre-
913 4869 1074 4947 templum
1098 4867 1282 4946 spirituale.
1309 4867 1456 4929 Primum
1481 4867 1639 4946 templum
1662 4868 1714 4931 est

72 4968 173 5032 soluto
198 4984 288 5030 anno
303 4965 488 5029 decollatus
501 4965 562 5028 est.
580 4964 674 5028 Unde
688 4964 797 5044 potest
817 4979 859 5026 ex
913 4983 992 5030 caro
1008 4965 1132 5029 Christi
1147 4964 1189 5027 ad
1207 4964 1292 5044 quod
1314 4964 1407 5027 venit
1420 4964 1565 5026 Verbum
1590 4967 1711 5028 Patris.

73 5062 126 5128 hoc
139 5065 263 5144 colligi,
278 5065 364 5143 quod
383 5065 476 5128 tanto
497 5065 647 5142 ternpore
665 5062 864 5142 praedicavit
913 5064 974 5126 Vel
998 5062 1080 5125 illud
1102 5062 1260 5140 templum
1281 5062 1333 5124 est
1356 5063 1471 5125 uterus
1491 5063 1652 5140 Virginis,
1676 5065 1712 5126 in

74 5164 218 5238 ioannes,
236 5165 362 5243 quanto
380 5162 573 5241 praedicavit
587 5161 750 5235 Christus,
767 5161 860 5223 scili·
914 5178 978 5239 quo
1001 5177 1135 5223 carnem
1151 5161 1280 5240 accepit
1299 5161 1404 5223 Filius
1427 5161 1487 5223 Dei
1507 5161 1627 5223 Patris.
1653 5165 1714 5224 Se-

75 5262 128 5336 cet,
140 5263 267 5326 duobus
282 5261 381 5323 annis
397 5262 431 5323 et
444 5259 594 5333 dimidio,
609 5259 662 5323 vel
675 5259 782 5337 quasi.
798 5258 859 5332 Qui
914 5260 1058 5321 cundum
1072 5259 1232 5336 templum
1253 5260 1304 5321 est
1317 5259 1357 5320 de
1379 5258 1544 5336 lapidibus
1560 5259 1715 5322 materia·

75 5373 144 5434 ergo
166 5361 359 5438 segregatus
378 5359 420 5420 ab
441 5357 632 5420 hominibus
656 5355 752 5430 vixit,
773 5357 861 5419 inter
914 5357 1013 5419 libus.
1029 5357 1178 5420 Tertium
1195 5355 1246 5418 est
1260 5357 1474 5433 congregatio
1489 5356 1647 5418 fidelium.
1664 5359 1713 5420 Ad

76 5459 200 5534 angelos
208 5457 498 5521 conversationem
507 5456 647 5517 Domino
662 5455 859 5533 conjunctus
914 5456 977 5517 hoc
989 5455 1158 5533 templum,
1169 5453 1255 5532 quod
1269 5454 1320 5516 est
1333 5453 1494 5526 Ecclesia,
1505 5455 1598 5517 venit
1615 5456 1634 5517 J
1637 5472 1713 5518 esus

77 5551 190 5618 habuit.
207 5558 268 5628 Qui
287 5555 376 5616 enim
392 5553 506 5616 sancte
521 5553 554 5616 et
573 5553 730 5630 religiose
746 5553 862 5615 vivunt
914 5569 974 5632 per
988 5552 1259 5631 praedicationem
1273 5551 1423 5614 loannis.
1440 5553 1513 5628 Ipse
1526 5551 1615 5612 enirn
1628 5555 1715 5615 tarn-

78 5649 178 5717 inhoo
190 5655 323 5726 munde,
338 5652 457 5715 merito
470 5650 584 5727 angeli
599 5665 674 5714 esse
691 5651 858 5712 dicuntur.
915 5666 1014 5731 quam
1029 5650 1155 5712 amicus
1171 5649 1284 5728 sponsi
1296 5647 1492 5722 introduxit,
1510 5649 1647 5723 scilicet,
1671 5653 1713 5714 ad
1759 5719 1767 5728 ,
1783 5647 1790 5692 7

16 5755 17 5758 ’
79 5751 157 5814 lalis
171 5751 232 5818 luit
244 5751 362 5817 beatus
381 5753 527 5816 Joannes
540 5749 701 5834 Baptista,
715 5749 772 5827 qui
787 5762 862 5812 con·
917 5749 1099 5812 Ecclesiam
1122 5763 1214 5810 suam
1240 5761 1406 5824 sponsam,
1432 5763 1506 5824 quae
1524 5763 1603 5810 rere
1623 5749 1711 5810 tem-
