4082 6342
154 338 213 398 eol

494 524 621 612 XXIX

182 676 235 735 Ad
247 676 414 736 1111111111
429 675 462 737 11
476 642 664 751 capitulum
676 681 925 742 Peristenscrn.

446 807 480 865 lb
494 815 567 881 sept.
583 809 661 869 1217.
776 815 779 820 “

158 930 294 994 [61111111
306 930 374 982 Cart.
386 931 417 980 de
428 931 522 996 l'tglise
531 933 699 984 lintre-Dama
708 932 740 984 de
750 933 831 992 Paris,
845 935 863 994 l,
875 934 943 999 ffl]

151 1047 205 1103 Eis
229 1045 359 1120 indulget
384 1055 415 1105 ut
441 1049 469 1105 in
495 1047 584 1106 laicos
611 1063 696 1124 snper
724 1049 955 1123 possessionibus

190 1137 320 1193 ecclesie
332 1136 415 1193 bonis
423 1145 501 1194 extra
512 1140 702 1196 parisiensem
714 1137 860 1197 dioecesim
871 1155 953 1197 cons·

189 1224 282 1281 titulis
297 1225 429 1298 iniuriam
445 1224 752 1295 interammensem
762 1228 892 1302 episcopi
905 1244 955 1286 eos

191 1312 228 1370 ad
254 1313 444 1371 exhibendam
470 1313 695 1376 substrationem
713 1331 819 1390 cogare
838 1332 952 1376 recusa-

191 1403 295 1471 verint,
312 1415 465 1462 censuram
479 1405 704 1464 cenomannicam
718 1413 882 1464 exerceant.

197 1531 365 1591 Honorius
377 1530 688 1608 episcopusservus
700 1549 870 1594 serrorum
881 1534 952 1608 Dei,

155 1626 287 1688 dilectis
310 1627 389 1690 tiliis
409 1627 534 1689 decano
554 1631 587 1691 et
608 1631 752 1706 capitulo
772 1631 954 1694 Parisiensi

156 1724 299 1786 salutem
314 1726 347 1786 et
356 1725 572 1802 apostolicam
585 1725 861 1790 benedictionem.

197 1825 302 1893 Quum
318 1822 421 1898 igitur
436 1838 479 1884 ex
493 1825 586 1899 parte
599 1827 711 1888 restra
736 1825 831 1887 nobis
854 1825 955 1889 luerit

155 1920 329 1982 humiliter
357 1920 588 1997 supplicatum,
615 1923 651 1986 ut
677 1938 776 2002 super
803 1939 842 1986 eo
868 1926 953 2004 quod

155 2032 257 2093 super
270 2018 533 2094 possessionibus
544 2019 662 2082 etaliis
674 2022 824 2082 ecclesiae
834 2025 954 2084 vestrae

155 2114 252 2175 bonis
267 2115 362 2176 extra
378 2115 600 2177 Parisieusem
610 2117 779 2179 dioecesim
789 2121 955 2186 eonstitu-

153 2213 199 2274 tis
214 2211 645 2292 lrequentesvobisinjuriae
657 2215 856 2289 inseruntur,
871 2218 956 2279 1111-

155 2310 286 2370 cesanis
307 2310 454 2371 locorum
476 2311 517 2372 ad
533 2311 754 2374 exhibendam
768 2313 863 2375 robis
879 2318 956 2393 jus-

154 2409 237 2470 tiam
247 2407 491 2483 negligentibus
500 2411 533 2471 et
542 2409 703 2482 remissis,
714 2414 852 2488 paterna
860 2411 954 2474 robis

42 2589 45 2595 Δ
156 2505 333 2581 providere
367 2505 591 2568 sollicitudine
624 2507 853 2584 dignaremur;
892 2525 954 2572 nos

157 2603 368 2666 devotionem
376 2619 475 2680 qnam
485 2605 529 2666 ad
545 2619 605 2666 nos
614 2605 647 2668 et
660 2605 778 2667 sedern
789 2606 955 2684 Apostoli·

155 2717 229 2761 cam
245 2700 367 2762 habere
384 2702 561 2764 noscimini
584 2703 762 2778 benignius
777 2705 954 2767 attenden-

156 2801 219 2870 tes,
236 2798 330 2860 vobis
348 2799 546 2864 anctoritate
565 2803 779 2878 praesentium
801 2802 955 2879 indulge-

157 2913 232 2960 mus
253 2897 340 2959 utin
359 2897 463 2960 laicos
480 2913 582 2975 super
601 2899 770 2976 praedictis
791 2901 952 2978 injuriam

158 2993 351 3068 inserentes,
371 2995 399 3056 si
414 3011 529 3059 eorum
549 2997 696 3073 episcopi
717 3013 774 3058 eos
792 2999 953 3060 11111111-

155 3091 297 3154 bendam
309 3093 403 3154 robis
412 3093 672 3156 satisfactionem
680 3095 823 3157 debitam
834 3112 953 3173 cogere

155 3191 399 3263 recusaverint,
430 3192 517 3253 ultra
545 3207 692 3254 mensem
727 3195 900 3271 postquam
933 3209 954 3256 a

154 3287 383 3350 robisluerint
392 3305 465 3350 eum
474 3289 776 3352 hnmilitatedebita
787 3292 951 3368 requisiti,

155 3385 255 3446 liceat
271 3386 365 3448 vobis
380 3403 555 3448 censuram
574 3389 847 3462 ecclesiasticam,
861 3405 952 3467 prae-

156 3481 259 3543 missa
280 3484 461 3547 monitione
479 3484 653 3558 canonica,
672 3501 842 3548 exercere.
860 3487 953 3549 Nulli

154 3595 235 3654 ergo
249 3581 432 3653 hominum,
449 3583 511 3644 etc.

195 3680 313 3740 Datum
325 3679 443 3751 alatri,
459 3681 533 3741 XVI
548 3681 624 3742 Kal.
640 3680 771 3744 Octobr.
784 3679 953 3758 pontifice·

154 3775 427 3838 lusnostrianno
443 3778 599 3840 secundo.
832 3785 846 3808 ·

500 3973 606 4060 XXX
661 3969 664 3976 ’

215 4135 268 4198 Aa
281 4136 449 4196 decanam
464 4135 496 4196 et
511 4135 700 4210 coprianum
715 4137 750 4198 S.
764 4137 801 4198 H
802 4138 894 4212 tinnit

469 4233 648 4296 Piclooen.

446 4363 479 4421 la
494 4371 566 4436 sept.
583 4364 664 4422 lali.

215 4485 325 4550 [chest.
336 4485 381 4538 lib.
392 4487 424 4548 ss,
436 4502 476 4552 ep.
487 4487 543 4538 131.
556 4489 614 4540 llas.
626 4489 662 4537 La
673 4489 746 4538 Parte
758 4487 793 4538 dn
804 4489 898 4553 Tbell]

157 4604 215 4660 Eos
235 4609 332 4661 mouet
345 4603 380 4660 de
395 4603 499 4661 clerico
515 4605 545 4661 F.
567 4602 602 4661 ad
620 4601 804 4678 praebendam
823 4605 954 4664 canonici

464 4691 650 4750 admittendo.

198 4809 377 4880 Honorius,
390 4810 465 4882 ete,
477 4809 603 4872 decano
615 4810 647 4871 et
656 4809 799 4886 capitulo
812 4812 844 4870 S.
854 4810 953 4871 Hila-

156 4905 200 4966 rii
216 4905 386 4966 Pictaven.

197 5002 344 5066 Dilectus
360 5003 449 5066 nlius
462 5007 500 5066 P.
515 5004 684 5066 Fulcberii
699 5004 842 5067 clericus
857 5021 955 5083 expo·

158 5100 226 5162 suit
237 5099 406 5163 humiliter
418 5117 529 5163 coram
540 5101 647 5171 nobis,
660 5103 746 5180 quod
760 5118 834 5164 cum
847 5101 954 5164 felicis

157 5196 956 5276 memoriaeInnocentiuspapapraedecessornos-

156 5296 208 5354 ter
222 5293 316 5356 vobis
327 5293 490 5358 direxerit
503 5313 564 5358 sua
581 5297 716 5374 scripta,
743 5297 778 5360 ut
794 5296 903 5373 ipsum
921 5296 954 5357 in

157 5390 299 5452 ecclesia
314 5394 426 5456 vestra
444 5393 637 5470 reciperetis
657 5393 692 5456 in
708 5394 904 5456 canonicum
924 5395 956 5456 et

157 5489 193 5548 in
206 5487 354 5550 fratrem.
370 5489 496 5552 abbate
510 5491 705 5556 monasterii
714 5491 802 5564 nori,
815 5493 848 5554 11
858 5491 956 5554 colle·

158 5585 209 5664 gis
224 5586 329 5664 ipsius
345 5587 408 5650 sibi
423 5589 598 5666 superbos
617 5589 837 5652 monitoribus
852 5589 956 5667 depu-

161 5683 246 5756 tatis,
264 5684 343 5746 licet
354 5687 400 5758 tu,
419 5684 955 5774 11110111101110111111101

783 342 1013 404 EPISTOLAE.
1037 343 1115 404 ΜΒ.
1141 345 1180 406 11.

1744 301 1804 411 soe

1008 517 1086 580 pars
1095 503 1231 580 capituli
1246 505 1414 585 tamquam
1425 507 1622 570 obedieutiae
1638 507 1805 569 1111111111-

1008 600 1095 663 datis
1129 602 1329 678 apostolicis
1369 619 1486 681 parere
1520 605 1668 668 volentes
1695 607 1805 683 parati

1009 696 1140 760 fueritis
1159 699 1268 776 ipsum
1288 701 1447 778 recipere,
1465 702 1598 780 quidam
1612 703 1722 764 tamen
1738 719 1804 764 nu-

1008 811 1101 856 mero
1119 796 1153 858 et
1166 797 1284 860 merito
1303 800 1489 875 pauciores,
1503 801 1580 878 qnia
1594 799 1726 862 facilius
1745 801 1804 862 in-

1008 893 1139 954 terdum
1158 896 1255 970 pauci
1279 895 1395 958 obesse
1418 900 1566 974 possunt,
1592 913 1690 975 quam
1710 897 1806 959 multi

1009 990 1177 1068 prodesse,
1194 994 1416 1070 receptionem
1431 995 1674 1072 impediverunt
1688 995 1804 1072 ipsius,

1009 1089 1093 1150 111111
1111 1089 1222 1152 tamen
1242 1091 1440 1154 rationabile
1462 1093 1656 1171 oincientes
1684 1093 1803 1154 eidem.

1010 1187 1059 1248 Ne
1069 1186 1314 1262 igiturillorum
1323 1190 1448 1252 invidia
1457 1183 1805 1266 gratiamretardetis-

1009 1284 1806 1366 tius,discretionivestraeparapostolicascripta

1010 1383 1232 1460 precipiendo
1254 1385 1449 1446 mandamus
1472 1385 1690 1463 quatenusob
1705 1400 1804 1446 reve-

1009 1480 1151 1542 rentiam
1182 1481 1329 1544 divinam
1355 1484 1388 1545 11
1417 1485 1565 1547 nostram
1593 1483 1805 1560 praelatum...

1009 1577 1178 1654 recipiatis
1196 1579 1232 1642 in
1250 1581 1460 1652 canonicum,
1482 1581 1516 1642 et
1533 1582 1569 1642 in
1590 1580 1738 1648 fratrem,
1759 1579 1806 1640 ila

1009 1674 1095 1752 quod
1122 1691 1201 1751 ergo
1225 1693 1287 1739 nos
1314 1677 1509 1740 obedieutiae
1530 1694 1569 1740 ac
1594 1693 1674 1754 erga
1696 1679 1807 1754 ipsum

1009 1771 1155 1834 debittun
1176 1775 1357 1836 rideamini
1386 1791 1503 1852 gerere
1529 1775 1679 1837 caritatis
1699 1773 1806 1835 affec·
1888 1781 1892 1788 '

1009 1871 1090 1942 tum,
1115 1872 1149 1932 et
1167 1887 1228 1933 nos
1249 1873 1457 1934 devotionem
1476 1873 1620 1934 11111111
1641 1871 1806 1950 possimus

1009 1968 1128 2030 merito
1141 1971 1383 2032 commendare.
1397 1969 1554 2047 Alioquin
1566 1970 1686 2032 dilecto
1697 1969 1804 2030 lilio...

1009 2063 1050 2128 de
1070 2065 1263 2140 Falemund,
1287 2068 1321 2129 et
1341 2067 1382 2128 de
1401 2067 1539 2128 Lacinio
1564 2066 1748 2138 abbatibus,
1775 2069 1808 2128 et

1010 2162 1113 2238 priori
1124 2161 1165 2224 de
1175 2164 1259 2226 Oion
1271 2164 1439 2226 Pictaven.
1451 2164 1603 2226 dioecesis
1614 2164 1736 2226 nostris
1747 2163 1808 2224 da-

1009 2275 1081 2320 mus
1106 2260 1225 2322 litteris
1248 2261 1283 2322 in
1308 2261 1488 2334 mandatis,
1512 2263 1549 2324 ut
1578 2262 1607 2322 si
1628 2261 1807 2338 majori-et

1010 2357 1135 2418 saniori
1148 2359 1242 2434 parte
1254 2359 1391 2437 capituli
1404 2359 1499 2420 nobis
1510 2373 1610 2435 super
1617 2358 1806 2434 receptione

1009 2453 1114 2530 ipsius
1127 2454 1262 2516 obedire
1277 2457 1394 2533 parata
1408 2456 1513 2532 aliqui
1525 2454 1666 2517 forsitan
1681 2456 1807 2518 temere

1009 2552 1289 2626 contradixerint,
1317 2553 1394 2614 illos
1424 2553 1606 2615 monitione
1633 2553 1804 2629 praemissa

1009 2665 1068 2726 per
1096 2666 1270 2713 censuram
1297 2651 1558 2713 ecclesiasticam
1583 2650 1805 2727 appellatione

1010 2748 1136 2810 remota
1154 2750 1375 2834 compescant.
1393 2750 1512 2810 Datum
1526 2748 1633 2810 Alatri
1647 2749 1721 2811 XIV
1736 2750 1808 2809 Ka-

1009 2844 1125 2907 lendas
1142 2846 1285 2908 octobris
1300 2862 1388 2908 anno
1407 2845 1563 2908 secundo.

1049 2945 1086 3006 In
1095 2944 1244 3005 eumdem
1254 2943 1386 3004 modum
1397 2945 1556 3021 scriptam
1567 2943 1618 3005 est
1631 2943 1806 3021 superbos

1009 3039 1133 3102 eisdem
1145 3040 1256 3102 verbis
1271 3042 1495 3117 competenter
1512 3041 1657 3110 mutatis,
1672 3055 1779 3114 usqne
1795 3057 1807 3100 .·

1009 3138 1126 3199 merito
1153 3139 1395 3199 commendare.
1427 3139 1588 3210 Quocirca
1612 3137 1807 3198 discretioni

1009 3235 1127 3298 vestrae
1147 3251 1206 3313 per
1219 3235 1410 3313 apostolica
1434 3235 1557 3313 scripta
1581 3233 1804 3313 praecipiendo

1009 3333 1215 3404 mandamus,
1233 3334 1395 3410 quatenns
1411 3333 1507 3396 dietis
1522 3333 1649 3396 decano
1663 3333 1697 3394 et
1709 3332 1806 3408 capi-

1008 3430 1077 3492 tulo
1095 3430 1129 3491 in
1149 3429 1297 3492 mandati
1316 3431 1421 3492 nostri
1436 3431 1632 3492 executione
1645 3429 1808 3490 cessanti-

1008 3527 1080 3600 bus,
1090 3543 1150 3590 ros
1159 3527 1188 3588 si
1199 3528 1318 3605 majori
1327 3529 1359 3590 11
1371 3527 1497 3589 saniori
1506 3529 1808 3605 pestanensem

1008 3624 1235 3702 compescatis.
1261 3625 1352 3696 Quod
1374 3624 1401 3686 si
1418 3641 1484 3686 non
1509 3639 1634 3696 omnes,
1649 3623 1725 3694 etc,
1742 3623 1807 3684 duo

1008 3723 1168 3794 restrum,
1181 3722 1243 3782 etc.
1260 3721 1379 3783 Datum
1392 3722 1428 3784 nt
1442 3737 1555 3797 supra.

1344 3899 1471 3988 XXXI

1037 4054 1090 4114 Ad
1100 4052 1255 4112 abbatem
1265 4053 1306 4112 cte
1321 4053 1515 4123 Grandine„
1530 4051 1781 4112 xanctonensis

1322 4151 1488 4210 dioecesis.

1303 4270 1336 4327 19
1350 4276 1424 4343 sept.
1443 4269 1521 4328 1117.

1041 4385 1151 4452 [liegesl.
1164 4385 1210 4437 lib.
1226 4385 1257 4444 ll,
1270 4385 1411 4450 epistota.
1425 4387 1486 4436 1111.
1497 4385 1533 4436 La
1545 4385 1618 4434 Parte
1633 4349 1667 4434 111
1683 4383 1775 4450 rusti]

1044 4505 1081 4563 Ut
1094 4503 1251 4561 canonieus
1261 4501 1401 4576 regularis
1416 4501 1443 4558 S.
1460 4463 1614 4573 Augtnlini
1625 4498 1773 4556 beneflciis

1240 4592 1366 4664 privetur
1378 4588 1571 4648 secularibus.

1049 4709 1217 4771 Honorius
1230 4707 1359 4769 dilectis
1372 4706 1487 4766 liliis...
1507 4704 1619 4766 abbati
1634 4704 1674 4765 de
1694 4708 1805 4766 Gran-

1009 4805 1087 4866 dim.
1110 4805 1317 4866 xanctonen.
1337 4803 1501 4874 dioecesis,
1518 4801 1806 4881 archipresbytero

1008 4902 1049 4962 de
1060 4901 1221 4980 Magazio,
1237 4900 1270 4963 et
1285 4900 1443 4984 magistro
1456 4899 1646 4961 scholarum
1660 4901 1807 4962 Xancto-

1009 5015 1085 5060 nen.

1048 5097 1097 5160 nd
1124 5096 1329 5159 audientiam
1352 5097 1500 5158 nostram
1520 5097 1559 5157 A.
1583 5096 1802 5173 Burdegalen.

1010 5195 1170 5258 canonico
1183 5191 1393 5271 significante
1406 5194 1557 5271 pervenit
1567 5194 1653 5271 quod
1665 5210 1803 5271 quum...

1010 5296 1155 5356 decanus
1181 5291 1400 5369 Burdogalen.
1427 5293 1469 5352 sit
1500 5293 1681 5354 canonicus
1706 5307 1807 5368 regu-

1009 5393 1102 5464 laris,
1132 5391 1231 5462 idem,
1260 5405 1358 5468 quam
1385 5389 1553 5467 protessus
1581 5391 1632 5450 est
1655 5389 1805 5464 regulam

1009 5506 1077 5552 nou
1092 5489 1287 5560 observans,
1304 5488 1339 5548 in
1359 5487 1503 5548 claustro
1518 5502 1584 5546 non
1594 5485 1717 5548 residet
1730 5503 1804 5548 cum

1010 5587 1186 5658 conventu,
1199 5586 1257 5648 sed
1272 5586 1337 5647 buc
1347 5585 1492 5663 illucque
1505 5583 1694 5646 discurrens
1710 5585 1805 5662 plura

1010 5683 1170 5748 benensis
1192 5683 1327 5754 oblinet,
1346 5683 1379 5746 in
1399 5681 1517 5744 salutis
1532 5682 1675 5760 propriae
1697 5682 1805 5746 detri-
