4106 6328
111 323 156 386 53
505 321 544 384 V.
564 319 672 382 -IN
693 318 991 382 ASSUMPTIONE
1015 319 1168 381 BEATAE
1197 318 1361 402 Maium
1727 317 1768 380 54

110 481 238 560 spiritu
253 483 287 544 et
299 479 439 544 veritate
450 481 632 559 veniatque
644 478 773 544 veracis
784 478 915 542 Domini
970 477 1112 552 Domini,
1134 478 1253 556 etipsa
1268 476 1383 542 domus
1397 475 1529 540 Domini
1544 476 1594 538 θεῖ
1607 477 1767 555 templum

111 595 193 642 sese
219 579 415 659 profiteatur
436 579 602 650 ancillam,
621 579 823 652 desiderans
840 594 917 657 spe-
970 579 1138 650 sanctum,
1164 576 1334 649 videlicet,
1362 576 1403 637 ab
1432 575 1641 636 immunditia
1668 576 1765 653 peni-

109 693 198 740 rans
213 679 247 740 et
259 678 432 755 postulans
455 677 528 739 fieri
552 677 616 739 sibi
637 677 817 740 secundum
833 693 914 739 ver-

109 774 193 836 bum
204 776 436 854 promissionis
451 779 533 854 ejus.

152 873 249 935 Unde
268 874 409 950 legimus
423 873 508 952 quod
528 873 595 935 tria
616 872 784 935 mirabilia
806 873 913 934 mira-

108 971 230 1034 bilium
245 972 339 1033 actor
359 972 514 1049 operatus
538 971 589 1033 est
609 972 644 1032 in
665 971 768 1033 Beata
791 970 912 1032 Maria.

109 1070 341 1145 integritatem
375 1069 545 1130 munditiae
576 1069 774 1132 mirabiliter
806 1069 914 1130 susei-

107 1168 204 1238 tavit,
234 1166 272 1230 ut
294 1183 373 1230 arca
401 1169 603 1230 Testamenti
628 1184 711 1231 auro
732 1168 912 1246 purissimo

106 1266 301 1340 tegeretur3
329 1265 507 1342 puritatem
533 1265 720 1342 virgineam
746 1265 915 1344 potentia-

106 1362 188 1424 liter
200 1361 418 1437 foeoundavit,
436 1365 471 1426 ut
484 1362 588 1425 rubus
603 1364 724 1425 ardens
739 1380 806 1425 non
822 1381 914 1426 oom-

104 1459 306 1536 bureretur3
322 1461 391 1523 ima
406 1461 559 1540 supernis
574 1461 790 1523 ineffabiliter
805 1477 911 1539 copu-

106 1557 207 1632 lavit,
246 1561 283 1620 ut
317 1559 409 1622 scala
440 1558 543 1622 Jacob
578 1559 744 1622 mediante
778 1560 913 1622 terrena

105 1656 302 1718 coelestibus
328 1658 513 1720 unirentur.
545 1658 624 1720 Tria
648 1657 745 1719 nobis
774 1657 913 1720 eontulit

105 1754 309 1818 iucunditas
344 1757 454 1819 Beatae
489 1756 616 1818 Mariae.
639 1745 769 1819 Avertit
794 1759 912 1834 jugum

105 1852 314 1930 captivitatis
330 1853 475 1931 antiquae
487 1875 496 1930 ;
509 1854 640 1916 remisit
651 1855 736 1916 iram
751 1853 910 1931 indigna-

104 1951 210 2013 tionis
223 1951 365 2027 dirinae3
383 1950 504 2014 delevit
519 1953 630 2014 notam
644 1951 831 2030 iniquitatis
846 1951 912 2012 hu-

104 2063 228 2110 manae.

143 2145 307 2224 Sequitur
323 2167 331 2205 :
347 2146 449 2208 Beata
473 2146 580 2208 Maria
604 2145 667 2208 luit
689 2147 791 2209 turris
814 2145 911 2208 lorti-

103 2243 244 2316 tudinis,
259 2244 346 2320 quod
359 2244 444 2305 nihil
458 2244 564 2322 potuit
575 2245 731 2306 inimicus
746 2245 910 2322 prolicere

104 2341 139 2403 in
160 2358 214 2403 ea.
243 2341 337 2404 Unde
360 2342 421 2404 tali
445 2342 541 2405 modo
563 2342 671 2420 potest
685 2343 823 2406 formari
838 2343 910 2406 baeo

104 2440 288 2503 salutatio:
305 2442 374 2502 Ave
390 2441 500 2517 gratia
520 2441 628 2519 plena,
643 2458 705 2503 are
720 2441 824 2504 turris
841 2441 911 2502 ior-

969 678 1022 738 tus
1035 676 1191 738 alienum.
1204 674 1357 736 Mirabile
1370 674 1404 735 in
1416 674 1765 752 aequitate.AEcquitas

969 775 1081 837 estex
1103 790 1197 852 aequo
1220 789 1280 834 sua
1296 773 1414 850 cuique
1433 772 1588 846 tribuere,
1611 774 1644 835 et
1664 772 1767 834 Beata

969 873 1076 934 Maria
1091 872 1213 936 dicitur
1223 871 1381 948 templum
1394 871 1546 932 mirabile
1560 872 1595 933 in
1610 871 1765 950 aequitate

969 971 1065 1049 quod,
1083 974 1150 1031 Deo
1173 969 1380 1031 inhabitante
1403 969 1435 1031 et
1456 970 1613 1046 operante
1628 970 1663 1031 in
1678 971 1762 1048 ipsa,
1885 1044 1888 1052 ¹

968 1085 1028 1130 sua
1045 1069 1161 1130 tribuit
1180 1071 1258 1140 Deo,
1279 1067 1404 1145 pariter
1423 1067 1551 1144 angelis
1573 1070 1606 1129 et
1620 1057 1766 1129 homini-

968 1165 1041 1228 bus.
1067 1171 1134 1228 Deo
1156 1166 1273 1228 tribuit
1291 1166 1436 1227 animam
1459 1166 1492 1227 θῖ
1511 1181 1629 1244 corpus
1651 1182 1762 1242 suum;

968 1265 1097 1342 angelis
1108 1264 1325 1341 repletionem
1338 1263 1521 1326 celestium
1539 1263 1678 1332 sedium,
1691 1279 1764 1340 quae

967 1363 1200 1424 remanserant
1226 1378 1341 1424 vacuae
1373 1361 1587 1439 peccantibus
1615 1359 1762 1436 angelis3

967 1461 1157 1523 bominibus
1170 1459 1314 1522 reddidit
1326 1459 1529 1538 paradisum.

1006 1557 1171 1620 Mirabilis
1192 1558 1242 1619 est
1261 1572 1340 1634 ergo
1354 1557 1456 1619 Beata
1472 1557 1579 1617 Maria
1598 1555 1633 1616 in
1653 1555 1762 1633 aequi-

966 1656 1045 1729 tate,
1063 1656 1150 1734 quod
1169 1655 1349 1733 peripsam
1365 1656 1397 1718 et
1416 1655 1566 1717 coelestes
1586 1653 1681 1716 sedes
1702 1667 1763 1714 re-

966 1753 1108 1832 plentur,
1131 1755 1164 1816 θῖ
1182 1753 1333 1815 homines
1355 1753 1509 1831 paradiso
1528 1751 1713 1814 redduntur
1731 1752 1765 1814 et

966 1851 1132 1914 daemones
1157 1851 1383 1914 conteruntur.
1409 1853 1479 1912 Hoc
1503 1850 1584 1913 satis
1609 1849 1765 1912 mirabile

966 1951 1016 2011 est
1032 1949 1104 2010 fleri
1119 1965 1178 2027 per
1193 1966 1294 2011 unam
1308 1949 1464 2026 puellam,
1481 1948 1539 2010 sed
1552 1949 1587 2010 in
1601 1949 1645 2010 iis
1660 1947 1764 2010 atten-

966 2047 1074 2108 dimus
1089 2049 1280 2126 operantem
1300 2048 1359 2110 Dei
1373 2047 1565 2126 potentiam.
1583 2047 1675 2108 Unde
1695 2049 1765 2107 An·

965 2145 1059 2222 gelus
1077 2161 1282 2223 cognoscens
1297 2146 1389 2219 talia,
1407 2161 1480 2207 earn
1494 2143 1764 2206 reverentissime

966 2243 1124 2307 salutarit
1135 2244 1249 2306 dicens
1262 2265 1269 2305 ε
1283 2248 1356 2306 Aoo
1370 2245 1487 2321 prelio
1496 2249 1651 2317 pleno...

103 2537 270 2600 titudinis.
282 2541 329 2600 De
351 2555 416 2616 qua
427 2540 514 2600 turri
534 2541 691 2601 Salomon
710 2540 746 2600 in
764 2539 908 2600 canticis
1345 2493 1381 2581 V

104 2637 319 2698 canticorum
334 2658 352 2699 v:
380 2638 476 2699 Sicut
507 2638 619 2700 tumus
644 2641 757 2700 David
788 2641 909 2700 collum
964 2680 1097 2742 I-IN
1117 2681 1417 2742 ASSUMPTIONE
1437 2680 1589 2741 BEATAE
1609 2679 1763 2740 MARIAE

105 2733 220 2807 tuum,
243 2749 320 2808 oum
340 2735 510 2808 aedificata
531 2735 584 2796 cst
604 2751 684 2798 cum
704 2749 910 2812 propupuu-
982 2723 989 2739 '
1258 2787 1449 2850 VIRGINIS

102 2837 185 2894 udis
213 2835 289 2894 suis
302 2849 314 2906 ;
341 2836 432 2894 mide
463 2836 571 2910 clupei
598 2835 748 2908 pendent
775 2849 823 2896 eor
850 2849 905 2897 θα,
1452 2830 1460 2846 “

103 2933 215 2992 omnis
248 2931 434 2992 amuoturo
461 2931 607 3005 sortium
643 2930 750 3011 (Cani.
781 2949 829 3006 rr,
860 2932 907 3014 4).
1003 2937 1271 3000 iutrouttJesus
1284 2939 1322 3000 iu
1340 2939 1510 3012 quoddam
1527 2936 1713 3008 castellum,
1728 2937 1762 2997 et

103 3028 171 3089 Hoc
196 3026 321 3090 dicitur
344 3027 385 3088 ad
410 3043 576 3104 sponsam,
600 3029 687 3092 idest
710 3031 906 3106 Ecclesiam,
961 3037 1088 3096 multer
1107 3038 1264 3108 quodam
1292 3035 1434 3096 Mariba
1458 3037 1597 3095 uomina
1624 3034 1763 3108 escepu

104 3127 197 3202 cujus
222 3125 321 3203 caput
344 3126 395 3187 est
418 3125 578 3200 Christus,
605 3127 753 3190 membra
777 3129 905 3204 fideles,
962 3135 1057 3195 titum
1070 3136 1108 3194 tu
1122 3136 1378 3194 domumculam
1392 3130 1486 3212 (Luc.
1502 3147 1536 3203 x,
1553 3129 1618 3209 38).

105 3222 228 3285 collum
242 3223 343 3286 Beata
359 3223 476 3294 Maria,
492 3225 590 3302 quod,
608 3226 694 3288 siout
705 3242 766 3304 per
785 3227 907 3289 collum
1003 3230 1094 3292 Solet
1107 3231 1211 3309 quaeri
1227 3229 1453 3308 aquibusdam
1464 3245 1567 3307 quare
1584 3227 1759 3290 hoc'evan·

106 3323 203 3398 caput
227 3321 382 3398 jungitur
409 3321 580 3394 membris,
608 3323 656 3385 ita
682 3340 743 3401 per
769 3325 906 3388 Beatam
961 3325 1756 3406 geliumlegiturinAssumptioneBeatoeMariee,

105 3419 247 3480 Mariam
276 3419 467 3480 bominibus
489 3420 643 3497 J'ungitur
675 3424 775 3484 Deus
804 3424 906 3486 Beata
961 3442 1035 3488 cum
1049 3441 1115 3488 non
1129 3427 1282 3489 rideatur
1297 3427 1337 3487 ad
1351 3426 1443 3488 illam
1458 3425 1636 3502 pertinere.
1654 3423 1716 3486 Sed
1730 3423 1760 3484 si

105 3517 212 3578 Maria
235 3516 299 3578 fuit
331 3516 417 3578 siout
442 3517 544 3578 turris
570 3517 665 3580 fortis
694 3519 849 3583 videlicet
874 3523 908 3585 et
961 3522 1138 3600 diligenter
1152 3525 1372 3598 attendamus,
1392 3525 1505 3603 aperta
1521 3523 1660 3585 veritate
1675 3537 1758 3596 cog-

105 3614 402 3693 inexpugnabulis,
427 3615 590 3678 edificata
615 3632 689 3677 cum
716 3635 905 3696 propugna-
960 3623 1138 3696 noscimus,
1170 3622 1271 3701 quod,
1297 3623 1455 3701 quidquid
1484 3621 1606 3683 dicitur
1630 3620 1666 3680 in
1694 3619 1758 3680 boc

106 3713 186 3775 culis
209 3713 291 3785 suis,
306 3713 403 3786 idest,
417 3714 612 3790 angelorum
625 3716 800 3792 praesidiis.
813 3718 906 3780 Mille
960 3721 1144 3796 evangelio,
1169 3721 1274 3782 totum
1298 3735 1358 3796 per
1379 3719 1574 3797 mysterium
1599 3715 1758 3778 convenit.

107 3811 212 3888 clypei
227 3810 373 3888 pendent
390 3826 433 3871 ex
450 3825 500 3883 oa,
514 3811 610 3884 idest,
627 3813 732 3875 multa
756 3814 903 3892 prophe·
959 3818 1069 3879 Boutae
1082 3818 1224 3894 Virgini.
1378 3871 1382 3878 .
1834 3804 1840 3816 ’

106 3906 211 3968 tarum
234 3907 425 3969 testimonia
444 3908 479 3967 in
498 3908 572 3986 ipsa
588 3909 620 3970 et
634 3911 811 3988 peripsam
827 3913 904 3974 sunt
998 3915 1151 3978 Intravit
1175 3920 1276 3978 Jcsrus
1301 3919 1339 3977 m
1366 3917 1534 3990 quoddam
1568 3911 1755 3976 castellum.

107 4004 464 4067 consummatuonnis
473 4007 643 4082 armatura
651 4007 798 4082 sortium,
806 4009 902 4083 idest,
958 4011 1060 4074 Beata
1082 4014 1189 4075 Maria
1211 4014 1262 4076 est
1278 4012 1463 4085 castellum,
1485 4012 1600 4089 inquo
1619 4009 1757 4072 intravit

107 4103 210 4163 omnis
220 4103 327 4164 virtus
340 4103 540 4175 sanctorum,
556 4105 643 4182 quod
655 4107 689 4168 et
701 4121 815 4168 omnes
830 4124 904 4185 pro·
957 4109 1066 4184 lesus,
1079 4112 1210 4189 quando
1225 4111 1401 4172 inclinavit
1413 4109 1515 4172 eoelos
1530 4109 1563 4172 et
1575 4107 1756 4179 descendit,

107 4199 903 4276 pbetaeillitestimoniumreddiderunt,etomnes
957 4210 1053 4284 idest,
1081 4209 1212 4288 quando
1237 4208 1382 4272 Verbum
1406 4223 1484 4270 caro
1505 4207 1629 4270 factum
1650 4207 1701 4268 est
1724 4205 1757 4267 et

106 4297 241 4360 virtutes
268 4298 305 4358 in
327 4297 388 4358 illa
412 4299 507 4375 quasi
529 4315 622 4361 arma
647 4300 790 4363 fuerunt.
809 4303 902 4364 Unde
957 4307 1120 4370 habitavit
1141 4308 1175 4368 in
1200 4304 1307 4380 nobie,
1324 4305 1410 4367 sicui
1424 4304 1569 4381 Angelus
1591 4304 1641 4364 illi
1663 4319 1755 4380 prae-

107 4395 223 4457 missus
248 4396 290 4456 ad
314 4411 388 4456 eam
411 4396 639 4473 archangelus
660 4399 902 4462 officiosissime
957 4405 1106 4470 dixerat:
1131 4406 1285 4479 Spiritus
1307 4404 1455 4466 Sanctus
1476 4402 1697 4476 superveniet
1718 4403 1756 4462 tu

100 4493 198 4570 atque
226 4493 440 4555 devotissime
466 4494 700 4556 salutationem
727 4499 899 4574 praemisit.
957 4505 1002 4576 tc,
1012 4504 1045 4564 ct
1058 4503 1172 4564 virtus
1182 4499 1570 4563 altissimiobumorobit
1583 4500 1652 4560 tibi.
1663 4500 1757 4563 chod

109 4591 238 4654 Plenam
253 4591 372 4668 gratiae
386 4592 569 4654 nominarit
584 4593 696 4656 dicens
714 4617 721 4655 ε
737 4600 809 4658 Aoo
823 4614 902 4674 pro·
937 4602 1119 4664 uascetur
1144 4615 1190 4662 em
1210 4601 1242 4661 te
1268 4599 1440 4670 saucium,
1465 4597 1645 4682 uocabitur
1663 4597 1756 4667 filiios

109 4689 152 4750 ῑῑᾱ
170 4696 281 4764 plone,
305 4692 473 4752 Dominus
495 4691 618 4754 toouru.
954 4703 1019 4761 Dct
1035 4697 1128 4777 (Luc.
1145 4714 1168 4771 1,
1184 4695 1250 4776 35),
1268 4697 1304 4758 ut
1318 4697 1404 4756 siout
1418 4711 1478 4772 per
1492 4694 1649 4754 feminam
1664 4707 1754 4753 mors

143 4787 221 4848 Item
242 4790 346 4849 Beata
361 4787 469 4848 Maria
490 4788 540 4850 θεῖ
561 4789 678 4851 domus
700 4791 898 4866 sanctitatis,
954 4795 1139 4857 intravitin
1155 4794 1280 4863 orbem,
1294 4794 1341 4854 ita
1355 4807 1415 4870 per
1429 4791 1601 4852 mulierem
1616 4791 1756 4851 ritare-

110 4882 187 4946 sicut
205 4885 287 4946 dicit
304 4885 428 4946 David:
445 4889 663 4962 Roplebtmur
678 4892 714 4950 tn
729 4893 823 4952 bouis
835 4895 899 4953 do-
955 4893 1041 4955 diret
1055 4894 1089 4953 in
1106 4892 1284 4954 orbemUt
1296 4891 1370 4952 ideo
1386 4889 1472 4967 quod
1488 4888 1657 4951 damnavit
1671 4890 1751 4959 Eva,

108 4983 444 5056 wormacensium
458 4986 510 5046 cst
523 4987 688 5060 templum
703 4989 811 5061 trium,
827 4994 898 5052 ruat·
955 4993 1097 5054 salvavit
1111 4991 1229 5062 Maria,
1240 4989 1467 5050 utundemors
1481 4987 1662 5060 oriebatur,
1676 4985 1755 5046 inde

109 5083 207 5142 rodite
228 5085 265 5143 iu
284 5082 446 5156 coartato
461 5079 567 5160 (Psal.
590 5099 682 5156 num,
701 5083 746 5164 5).
768 5086 898 5148 Fideles
953 5091 1022 5152 rita
1041 5089 1242 5164 resurgeret.
1262 5090 1336 5164 ipsa
1354 5102 1496 5164 namque
1511 5087 1561 5147 est
1579 5085 1752 5147 castellum

109 5178 269 5253 replentur
296 5178 393 5269 bonis
419 5179 536 5242 domus
571 5183 718 5252 Domini,
745 5185 831 5262 quod
858 5185 898 5248 de
955 5188 1081 5248 Summi
1097 5187 1209 5263 Regis,
1227 5186 1313 5264 quod
1332 5185 1395 5246 fuit
1409 5184 1642 5262 praemunitum
1655 5197 1754 5258 ange-

111 5274 305 5350 plenitudine
316 5277 434 5353 gratiae
448 5278 638 5355 quaefuitin
652 5281 770 5354 Maria,
784 5298 897 5346 omnes
953 5285 1059 5345 lorum
1078 5285 1248 5346 custodiis
1273 5286 1309 5344 In
1328 5283 1390 5344 boc
1409 5280 1600 5342 tamnohili
1615 5277 1752 5341 castello

111 5375 299 5450 accepimus.
315 5377 401 5436 Nam
418 5375 446 5436 si
462 5377 568 5438 omnis
584 5379 753 5455 plenitudo
770 5381 896 5442 divini-
951 5382 1023 5455 Dei,
1040 5383 1119 5444 licet
1133 5382 1237 5443 multa
1251 5382 1428 5444 videantur
1442 5377 1664 5449 admirabilia,
1675 5393 1754 5454 qua·

111 5471 222 5535 tatisei
232 5474 348 5549 gratiae
361 5474 396 5534 in
411 5474 553 5547 Christ0,
570 5477 603 5538 et
613 5477 764 5538 Christus
780 5478 815 5538 in
830 5482 897 5540 bia·
951 5481 1027 5542 tuor
1046 5482 1157 5542 tamen
1173 5481 1292 5542 restrae
1312 5477 1515 5541 fraternitati
1537 5477 1753 5555 proponimus

111 5567 166 5641 ria,
180 5571 284 5632 omnis
299 5572 470 5650 plenitudo
486 5573 670 5636 divinitatis
686 5575 718 5638 et
729 5577 846 5652 gratiae
861 5579 895 5638 in
951 5579 1161 5652 attendenda,
1175 5577 1331 5640 videlicet
1341 5593 1472 5640 murum
1485 5575 1518 5638 ei
1528 5574 1748 5643 antemurale,

114 5665 219 5729 biania.
241 5670 383 5732 Proinde
397 5671 600 5749 replebimur
614 5672 650 5734 in
667 5671 764 5736 bonis
779 5675 895 5738 domus
949 5679 1073 5740 turrem
1090 5680 1122 5740 et
1135 5674 1393 5756 propugnacula.
