3986 6304
257 279 316 340 195
868 281 1045 343 HONORII
1066 282 1112 344 III
1134 284 1282 348 OPERA.

257 439 417 512 timentes,
445 437 551 502 eidem
585 437 673 516 plebi
706 438 883 514 subtraxit,
912 442 1051 504 eamden

257 537 475 598 nihilominus
488 537 701 612 proventibus
713 537 1052 616 quibusdamposses-

257 635 418 708 sionibus
434 634 594 696 fructibus
629 637 820 698 earumdem
849 637 883 698 et
914 637 1051 698 decimis

256 732 447 810 spoliando,
478 749 579 809 super
606 733 725 812 quibus
754 735 907 796 omnibus
937 737 1053 812 petunt

255 830 320 892 sibi
329 830 494 908 justitiam
510 830 672 904 exhiberi,
694 833 727 894 et
740 833 885 910 priorem
904 834 945 895 de
959 833 1051 895 tanta

254 929 440 990 temeritate
459 930 582 1006 puniri.
608 931 657 992 Ad
686 930 758 992 heac
781 930 845 992 1311
865 947 909 992 311
929 931 1050 1008 prioris

254 1027 348 1105 parte
371 1043 583 1104 responsum,
609 1028 695 1105 quod
724 1029 890 1106 prioratus
920 1030 1051 1108 ipsein

254 1125 346 1186 nullo
368 1125 458 1202 plebi
473 1124 643 1204 subjaceat
662 1127 848 1201 antedictae,
875 1144 937 1190 neo
959 1129 1051 1205 prior

253 1223 385 1285 tenetur
400 1222 541 1299 plebano
556 1224 592 1284 13
606 1224 718 1301 aliquo
738 1227 950 1303 respondere,
973 1225 1051 1304 quia

254 1336 329 1382 cum
345 1336 404 1397 per
422 1322 483 1382 Dei
504 1322 645 1398 gratiam
660 1323 838 1400 plurimum
863 1323 1052 1386 exercuerit

1448 480 1566 568 CLIX

1105 707 1157 766 Act
1166 709 1325 778 priorem
1339 705 1372 767 31
1386 707 1875 784 1131333133311311313333313-

1145 804 1270 865 mitant
1294 819 1363 878 por
1389 820 1539 881 rapacum
1567 809 1700 882 Angltoe
1730 808 1878 868 333311111-

1146 899 1228 980 133(
1250 899 1276 981 ).

1396 994 1507 1115 1133.
1530 1043 1609 1102 1117.

1137 1181 1209 1248 [eod.
1221 1181 1294 1233 latin.
1306 1183 1378 1248 3931,
1389 1183 1856 1251 310.11331111111311113333311333131.

1106 1333 1194 1392 Priori
1211 1341 1239 1392 31
1263 1333 1564 1409 133131113311333113113
1589 1335 1813 1410 ierosolymitani
1838 1351 1880 1408 per

253 1418 397 1495 populus
431 1419 598 1496 parochiae
629 1421 808 1499 prioratus,
839 1422 1047 1483 dioecesanus

255 1516 430 1593 episcopus
454 1517 613 1590 locorum,
627 1519 794 1582 distantiis
818 1519 1051 1582 31111133113-

253 1613 341 1674 tibus
362 1630 406 1675 ex
429 1615 547 1692 quibus
571 1633 809 1695 nonnunquam
835 1617 1051 1695 proveniebat

253 1713 437 1789 3331331313
451 1714 638 1776 animarum
657 1715 796 1793 provida
810 1715 1050 1778 deliberatione

252 1811 410 1887 pensatis
428 1812 611 1887 prioratum
636 1814 745 1890 ipsum
770 1831 791 1874 a
816 1813 1049 1891 jurisdictione

252 1908 359 1986 plebis
374 1909 498 1970 exemit
512 1911 696 1972 concedens
712 1910 775 1972 sibi
791 1928 910 1973 nomen
933 1912 965 1972 et
980 1910 1050 1988 pri-

251 2006 410 2082 vilegium
435 2007 650 2084 plebanatus,
677 2026 774 2086 quam
800 2010 1049 2072 concessionem

251 2119 331 2181 pars
354 2105 477 2182 prioris
501 2106 633 2184 petebat
657 2106 829 2170 humiliter
857 2107 1049 2169 confirmari
1144 2103 1234 2162 Inter
1248 2101 1418 2164 molestias
1438 2102 1471 2164 31
1493 2117 1669 2179 pressuras
1689 2115 1770 2179 quas
1784 2098 1882 2161 contra

252 2203 286 2268 31
306 2219 407 2280 33333
430 2203 590 2281 petitione
609 2204 769 2281 praedicta
793 2205 920 2282 imponi
945 2205 1050 2266 silen—
1103 2215 1162 2260 vos
1172 2199 1348 2262 instruitur
1359 2199 1496 2272 invidia,
1512 2217 1550 2262 ao
1566 2216 1682 2262 eorum
1697 2199 1753 2277 qui
1764 2209 1881 2284 333333

250 2299 334 2360 tium
362 2300 515 2362 iconomo
544 2305 738 2364 memorato.
766 2305 842 2365 Fuit
870 2303 980 2365 autem
1006 2318 1050 2364 ex
1105 2313 1169 2374 qua
1188 2295 1285 2376 [quae]
1303 2297 1530 2359 lesu-Christi
1553 2298 1632 2360 sunt
1650 2295 1809 2376 quaerunt,
1826 2290 1885 2354 ⁸0¹³

250 2397 392 2460 adverso
415 2415 611 2476 responsum
640 2400 726 2478 quod
750 2400 874 2464 factum
900 2401 1048 2478 episcopi
1103 2395 1187 2456 solet
1202 2394 1366 2471 cupiditas
1380 2397 1539 2469 excitare,
1548 2396 1637 2458 oculi
1650 2395 1753 2459 vestri
1766 2391 1833 2470 post
1843 2389 1882 2449 il·

1140 1437 1262 1498 reguum
1271 1424 1383 1496 Angliae
1392 1426 1551 1482 constitutis
1560 1424 1701 1500 indulget,
1711 1425 1773 1482 3131
1783 1423 1880 1496 quaudo

1140 1513 1499 1583 1333313311313333111133,
1512 1515 1542 1571 13
1555 1515 1659 1587 quibus
1674 1529 1730 1571 non
1745 1513 1881 1586 ambigitur

1140 1601 1217 1675 ipsos
1229 1601 1276 1675 jus
1288 1609 1454 1674 patronatus
1470 1602 1587 1673 habere,
1604 1610 1787 1677 praesentatos
1800 1600 1830 1658 ab
1843 1603 1878 1672 ip-

1140 1691 1180 1748 sis
1193 1689 1310 1748 idoneos
1325 1693 1433 1764 praelati
1443 1691 1593 1750 admittere
1608 1701 1718 1750 1331333
1730 1690 1879 1764 333133311-

1139 1785 1212 1847 1331,
1229 1779 1461 1852 133133313311313
1478 1780 1642 1852 apostolica
1663 1780 1838 1838 ecclesiarum
1851 1777 1878 1832 11-

1139 1867 1231 1926 131313
1268 1875 1424 1941 proveutus
1453 1869 1568 1926 13133131
1605 1870 1636 1926 13
1669 1883 1738 1926 usus
1767 1865 1880 1941 proprios

1140 1964 1306 2014 3331331333
1321 1957 1444 2014 valeant.

127 2527 131 2534 ·
251 2496 485 2572 praejndiciare
526 2497 614 2575 plebi
642 2514 708 2560 non
751 2498 891 2576 poterat,
912 2499 1048 2576 propter
1102 2493 1172 2553 lum
1188 2493 1244 2571 qui
1259 2492 1379 2555 liberat
1398 2510 1613 2571 3333333133
1635 2495 1779 2572 3313313,
1796 2485 1884 2550 erecti

250 2592 427 2672 privilegia
437 2595 634 2656 Pontificum
647 2599 870 2658 Romanorum
882 2597 917 2656 13
928 2596 1047 2674 quibus
1104 2591 1271 2652 adsedem
1281 2583 1886 2674 Apostolicametiam[esseldebentut
1967 2640 1968 2669 ,

251 2691 439 2752 continetur
460 2707 628 2768 expresse,
650 2693 815 2755 31331133
836 2695 910 2754 3133
929 2693 1048 2754 1113333-
1102 2688 1223 2764 3313131
1232 2688 1272 2750 de
1287 2689 1406 2766 laqueo
1419 2690 1535 2767 pedem
1547 2687 1815 2766 vestrum,pulsis
1828 2696 1885 2743 mo

252 2788 325 2850 sani
339 2788 485 2865 episcopi
500 2789 532 2850 et
548 2788 682 2865 plebani
703 2805 842 2852 assensu
860 2790 1046 2852 1313311333
1102 2786 1371 2864 lestiis,quietem
1387 2787 1887 2860 131113313133131333.8333333·

252 2884 400 2962 ejusdem
412 2884 516 2962 plebis
529 2885 712 2948 oratorium
724 2887 831 2948 denuo
843 2889 1044 2959 construere,
1102 2883 1241 2944 venitad
1250 2885 1454 2946 audientiam
1462 2887 1622 2958 nostram,
1639 2885 1725 2964 quod
1738 2877 1888 2960 siquando

250 2982 304 3044 vel
319 2983 544 3045 constructum
559 2983 657 3044 aliter
669 2985 906 3058 transmutare,
917 2987 975 3047 331
988 2984 1047 3046 alii
1103 2982 1262 3042 ecclesias
1284 2983 1454 3060 inquibus
1472 2986 1529 3061 jus
1548 2984 1744 3060 patronatus
1767 2975 1883 3041 habetis

251 3081 402 3142 ecclesiae
422 3097 608 3158 supponere
622 3083 800 3145 temerario
816 3099 900 3144 ausu
914 3099 1046 3160 praesu·
1101 3096 1222 3141 vacare
1249 3080 1419 3157 contingit,
1435 3082 1680 3159 archiepiscopi
1700 3081 1733 3142 et
1750 3070 1883 3156 episcopi

251 3181 331 3252 mat,
357 3179 444 3240 unde
466 3195 540 3240 cum
564 3179 724 3257 plebanus
748 3197 814 3242 non
841 3182 1048 3243 consenserit
1102 3178 1137 3236 in
1150 3193 1290 3254 quorum
1301 3179 1537 3254 jurisdictione
1549 3182 1627 3241 sunt
1641 3173 1789 3241 ecclesiae
1805 3186 1885 3234 cons·

251 3276 309 3338 sed
333 3277 524 3352 opposuerit
547 3277 674 3338 obicem
699 3279 969 3339 contradictionis
989 3293 1048 3355 per
1102 3275 1219 3347 titutae,
1233 3277 1450 3352 praesentatos
1465 3293 1484 3338 3
1498 3277 1592 3340 vobis
1607 3276 1749 3339 clericos
1764 3273 1885 3334 idoneos

252 3373 485 3450 appellationis
501 3373 675 3451 objectum,
689 3376 775 3452 quod
788 3373 911 3436 lactum
927 3378 977 3436 est
989 3391 1049 3452 per
1103 3373 1195 3433 nulla
1209 3389 1310 3434 causa
1329 3374 1551 3436 irrationabili
1573 3375 1754 3453 proposita,
1770 3369 1820 3433 vel
1833 3381 1883 3428 os-

252 3472 443 3548 episcopum
458 3472 498 3532 de
512 3472 661 3550 prioratu
676 3472 833 3550 praedicto
853 3471 949 3534 debet
962 3473 1047 3534 irri-
1103 3471 1208 3542 tensa,
1223 3471 1396 3533 instituere
1418 3469 1598 3553 [recusant]
1614 3491 1675 3551 pro
1695 3467 1883 3533 3113313133-

251 3569 320 3632 tum
331 3569 489 3646 judicari.

291 3669 371 3728 Cum
384 3668 487 3745 igitur
501 3668 573 3730 haec
592 3668 625 3731 et
639 3667 708 3730 3113
731 3669 908 3746 diligenter
922 3669 954 3732 et
968 3685 1050 3746 pru-

251 3765 367 3828 denter
395 3767 536 3830 111133331
566 3768 735 3845 proposita
768 3785 880 3830 coram
908 3768 1048 3830 subdia-

252 3880 335 3926 cono
364 3865 540 3938 antedicto,
570 3867 658 3928 idem
683 3865 797 3928 habito
826 3867 1048 3928 demandato

252 3963 366 4023 nostro
389 3962 592 4022 venerabilis
613 3963 728 4024 1331313
756 3964 861 4024 333131
888 3966 925 4024 P.
948 3963 1050 4025 Alba-

252 4058 366 4120 neusis
381 4059 539 4135 episcopi,
553 4059 586 4120 et
602 4059 796 4121 dilectorum
813 4060 958 4120 liliorum
976 4076 1050 4121 nos·

252 4156 381 4217 trorum
393 4158 430 4216 P.
446 4154 535 4216 tituli
550 4156 656 4216 333311
668 4156 840 4216 Laurentii
850 4156 885 4216 13
893 4159 1046 4229 Damaso,

253 4253 287 4314 31
305 4255 334 4314 J.
350 4251 439 4313 tituli
463 4250 587 4313 sancte
613 4251 744 4313 Sabinae
768 4253 1046 4330 presbyterorum,

255 4352 348 4413 3111.
378 4349 485 4411 333311
512 4349 632 4425 Augeli
655 4349 787 4411 diaconi
816 4351 1047 4426 cardinalium,

254 4448 1049 4528 necnonetaliorumprudentumconsilio,partis

253 4549 402 4620 alterius,
422 4547 479 4624 qui
512 4563 547 4608 se
578 4545 819 4608 contumaciter
847 4546 1047 4620 absentavit,

253 4646 461 4708 contumacia
476 4661 542 4707 333
563 4644 730 4718 obstante,
750 4643 836 4722 quod
860 4644 983 4706 1331313
999 4647 1051 4710 331

253 4743 295 4804 ab
326 4745 483 4820 episcopo
518 4759 618 4821 super
645 4743 855 4820 exemptione
883 4744 1050 4820 prioratus

254 4839 358 4915 ipsius
383 4840 475 4901 etde
499 4841 635 4918 capellis
657 4840 721 4903 sibi
746 4841 902 4920 subjectis
923 4841 956 4904 et
974 4843 1049 4905 aliis

254 4936 390 5010 capellis
406 4936 494 5012 plebi
513 4937 689 5000 subtractis
704 4939 947 5004 sententialiter
966 4941 1048 5002 irri-

253 5031 348 5104 tavit,
374 5047 472 5109 311313
501 5035 698 5097 sententiam
721 5053 782 5099 nos
807 5040 914 5100 ratam
929 5040 962 5102 31
988 5040 1050 5101 113-

254 5145 342 5192 31331
361 5127 533 5201 habentes,
550 5147 623 5192 eam
645 5135 842 5198 auctoritate
860 5137 1050 5213 Apostolica

255 5228 478 5291 confirmanus
499 5225 532 5286 et
550 5230 706 5303 praesenti
726 5232 848 5308 pagina
865 5236 1051 5296 communi-

254 5343 338 5386 mus.
359 5324 450 5386 Nulli
466 5339 556 5400 erg0,
574 5324 648 5393 etc„
671 5329 793 5389 3331333
820 5331 1048 5394 confirmatio-

254 5425 318 5495 nis,
331 5424 419 5484 313...
442 5423 476 5484 Si
501 5422 574 5500 quis
596 5425 718 5496 autem,
736 5427 823 5486 313...
847 5429 965 5490 1131313
979 5433 1048 5491 La-

253 5521 373 5594 terani,
402 5521 477 5582 idus
503 5520 669 5599 januarii,
699 5521 910 5598 pontificatus
943 5529 1048 5591 nostri

253 5635 341 5682 anuo
357 5619 474 5697 primo.

1103 3567 1180 3631 tatis
1210 3568 1349 3630 arbitrio
1384 3569 1575 3632 contradico
1611 3563 1875 3650 [contradicentes

1104 3667 1137 3726 31
1155 3665 1373 3726 333133133313
1395 3666 1530 3728 illarum
1551 3670 1731 3745 proventus
1759 3664 1793 3724 13
1817 3669 1886 3719 usus

1103 3764 1255 3841 proprios
1287 3765 1518 3826 convertentes
1556 3766 1631 3842 post
1661 3767 1788 3844 lapsum
1814 3759 1888 3819 tem-

1104 3862 1194 3939 poris
1218 3860 1255 3921 in
1285 3863 1505 3924 Lateranensi
1533 3863 1676 3926 ecclesia
1706 3851 1886 3941 praestituti,

1104 3959 1262 4020 ecclesias
1284 3959 1458 4021 333133331
1479 3960 1598 4038 quihus
1620 3961 1746 4032 volunt,
1770 3957 1802 4018 13
1822 3963 1888 4013 vos-

1103 4055 1190 4118 trum
1218 4056 1251 4117 31
1269 4073 1452 4134 pauperum
1478 4058 1601 4120 Christi
1619 4069 1800 4135 gravamen
1827 4059 1885 4109 110ss

1104 4152 1269 4214 modicum
1302 4154 1335 4216 et
1368 4155 1560 4231 jacturam,
1593 4157 1682 4219 unde
1718 4167 1791 4218 oum
1823 4142 1886 4206 sitii

1104 4265 1298 4325 guerrarum
1318 4250 1506 4312 turbinibus
1531 4253 1648 4329 agitati
1670 4270 1732 4332 pro
1756 4265 1793 4312 eo
1812 4236 1887 4322 quod

1104 4345 1887 4426 ventusvalidusveniensaregionedesertiqua·

1103 4448 1180 4509 tuor
1190 4448 1387 4524 angulorum
1397 4448 1525 4524 angliae
1536 4451 1607 4526 jam
1623 4444 1799 4516 concussit,
1809 4441 1838 4502 et
1850 4433 1888 4496 ci·

1103 4544 1164 4606 hus
1175 4561 1369 4622 pauperum,
1386 4546 1419 4607 31
1433 4563 1472 4607 33
1486 4561 1559 4624 quae
1570 4546 1729 4609 deberent
1741 4539 1887 4623 33311331θ

1105 4643 1277 4704 333333331
1290 4647 1401 4704 Terrae
1420 4643 1548 4706 Sanctae
1562 4644 1638 4706 data
1651 4646 1719 4707 sint
1735 4645 1770 4705 in
1788 4637 1887 4708 direl·

1104 4740 1229 4802 tionem
1248 4740 1393 4802 hostium
1410 4741 1443 4802 31
1457 4741 1493 4802 13
1505 4743 1664 4818 praedam,
1678 4742 1773 4806 nobis
1787 4727 1886 4798 humi-

1104 4839 1181 4899 liter
1216 4837 1447 4914 supplicastis,
1469 4841 1506 4901 31
1525 4856 1625 4918 33333
1648 4827 1702 4902 his
1727 4831 1886 4920 providere

1104 4933 1198 4996 vobis
1209 4932 1469 4996 misericorditer
1480 4935 1706 5012 dignaremur.
1720 4937 1786 4998 Nos
1796 4925 1886 5004 igitur

1105 5030 1311 5094 attendentes
1324 5032 1401 5108 quia
1409 5049 1467 5096 vos
1481 5035 1514 5096 et
1525 5034 1585 5096 alii
1594 5035 1715 5098 fratres
1726 5017 1885 5106 hospitaliS

1104 5129 1384 5206 ierosolymitani,
1410 5131 1538 5193 nullum
1560 5123 1886 5212 habetispraeterRO·

1140 5277 1181 5352 (1)
1201 5277 1291 5338 Valde
1313 5278 1481 5338 llendaoum
1505 5287 1549 5339 est
1570 5283 1790 5356 Maauscriptum
1811 5271 1885 5345 hujus

1104 5349 1252 5422 Epistola,
1274 5351 1312 5406 lta
1334 5357 1364 5407 31
1383 5349 1459 5408 haud
1482 5350 1565 5409 133113
1583 5368 1685 5411 333333
1707 5369 1742 5426 33
1763 5337 1882 5406 331133111-

1103 5429 1157 5478 133.
1180 5419 1249 5477 ldeo
1268 5420 1341 5476 13133
1362 5423 1461 5479 333133
1482 5421 1642 5482 addidimus
1663 5441 1732 5496 3333
1753 5433 1795 5476 cam
1816 5416 1883 5494 poco

1104 5506 1167 5563 que
1179 5506 1194 5548 a
1207 5491 1298 5548 scriba
1311 5491 1356 5548 vel
1368 5495 1564 5562 3331333133
1576 5497 1621 5551 131
1651 5483 1881 5552 13333313311311·

1103 5567 1162 5629 133,
1180 5561 1346 5633 3333313113
1364 5563 1770 5694 33113313Ξ1131113333311311
1788 5558 1881 5616 textus

1103 5639 1131 5689 31
1145 5632 1219 5691 13133
1233 5634 1333 5692 333133
1347 5629 1360 5707 [
1430 5634 1442 5710 ]
1461 5634 1496 5693 ad
1517 5636 1620 5696 itiones
1633 5645 1754 5698 3331133.

1876 3554 1885 3636 l

1967 3772 1968 3862 l

1967 3865 1968 3926 1
