4080 6316
108 321 167 382 titt

410 483 596 576 CCXXXI

107 617 162 677 Ad
176 614 397 675 Eocrardum
410 615 675 675 Ambtoncnscm
695 613 903 687 episcopum.

406 715 439 774 li
451 715 518 773 maii
532 715 612 774 lile.

152 825 250 906 (Vide
269 825 356 888 hanc
375 824 512 898 bullam,
532 824 556 886 t.
578 825 592 886 1
615 823 715 902 hujus
737 822 904 894 editionis,

111 925 237 992 otrtrtta
250 923 460 998 Compttctto,
472 922 529 984 lib.
539 923 596 995 ΙΙΙ,
610 921 661 984 tit.
675 923 704 996 1,
717 936 789 1000 cap.
802 923 837 982 2:
849 925 907 983 Dc·

110 1019 265 1100 tutem.)

408 1121 616 1216 CCXXXII

125 1251 177 1318 Aa
191 1247 347 1316 ottonem
361 1253 673 1316 Monastcrtensem
684 1252 892 1328 episcopum.

405 1357 438 1415 tt
453 1356 522 1414 maii
538 1357 618 1414 lats.

144 1463 485 1530 [Wilmans,WsstlsIIsches
494 1461 708 1608 Urgefdeubucb,
717 1465 736 1512 t.
749 1459 792 1520 ΙΙΙ,
802 1474 829 1526 p.
837 1459 877 1518 dd,

458 1557 485 1594 n.
500 1543 529 1592 tt
548 1580 554 1592 .

112 1632 243 1706 Quinque
266 1631 434 1707 prebendas
457 1627 604 1690 canonicIs
626 1627 812 1689 sacularibus
835 1627 906 1686 assi·

243 1785 246 1792 ,
358 1719 662 1796 gnandasoondrmet.

156 1829 261 1904 Quum
275 1847 295 1892 a
311 1829 407 1892 nobis
422 1829 546 1908 petitur
563 1830 638 1902 etc,
657 1843 765 1904 usque
783 1844 793 1888 :
808 1827 911 1889 effec-

114 1923 909 2005 tumsignitteastmiquidemnobistquodthonae

113 2010 907 2102 memoriaeH.Monas'teriensisepisoopus,prae·

111 2123 270 2186 decessor
281 2123 370 2194 tuus,
389 2121 467 2184 olim
478 2122 512 2183 in
527 2121 669 2184 ecclesia
681 2123 713 2182 S.
724 2119 859 2182 Martini
875 2119 910 2180 in

114 2218 911 2297 monasterioadipsiusordinationemspectante

112 2319 157 2380 de
174 2317 341 2382 communi
357 2333 521 2380 consensu
543 2315 679 2394 capituli
699 2315 750 2377 sui
766 2315 911 2394 quinque

114 2415 311 2494 praebendas
322 2414 356 2476 iu
368 2409 483 2476 eadem
499 2407 638 2475 ecclesia
653 2412 768 2476 statuit
778 2411 913 2474 canoni·

114 2514 166 2575 cis
180 2512 399 2575 saecularibus
410 2510 640 2588 assignandas,
653 2509 839 2587 praeficiens
851 2509 913 2570 eis-

112 2606 914 2690 dempraepositumquideomnibusrebusecole-

113 2709 176 2771 siae
184 2709 311 2772 utiliter
319 2703 516 2785 disponendi
527 2705 666 2768 liberam
679 2705 801 2768 habeat
813 2704 914 2766 facul-

113 2807 230 2870 tatem.
267 2807 376 2879 Quare
411 2804 506 2867 nobis
535 2819 578 2866 ex
602 2806 696 2882 parte
720 2804 777 2866 tua
804 2801 914 2864 extitit

113 2903 288 2967 humiliter
318 2903 548 2981 supplicatum,
581 2903 618 2964 ut
646 2902 732 2963 siout
759 2901 831 2962 heo
854 2916 914 2977 per

114 3001 292 3080 praeiatum
301 3001 577 3078 praedecessorem
588 3001 681 3062 tuum
692 2997 768 3060 sunt
778 2997 914 3076 provide

113 3100 268 3162 instituta
293 3099 327 3162 ei
349 3114 407 3176 per
429 3101 461 3160 te
488 3097 694 3176 postmodum
719 3093 912 3174 approbata,

114 3199 218 3276 prout
231 3197 266 3258 in
281 3195 386 3274 ipsius
400 3197 432 3260 et
454 3197 522 3258 tuis
535 3195 656 3258 litteris
667 3194 797 3273 plenius
807 3193 915 3255 conti-

116 3295 229 3368 netur,
261 3293 452 3370 apostolico
483 3293 698 3370 dignaremur
731 3291 914 3352 munimine

116 3392 291 3454 roborare.
305 3393 374 3452 Nos
387 3391 489 3468 igitur
501 3391 567 3454 tuis
585 3389 738 3468 precibus
748 3387 913 3456 inclinati,

114 3489 277 3568 praediota
299 3489 421 3562 omnia,
439 3489 525 3551 sicut
544 3487 704 3551 canonice
724 3503 764 3549 ac
778 3485 915 3564 provide

115 3587 192 3649 acta
207 3587 294 3660 sunt,
312 3586 509 3648 auctoritate
528 3585 718 3664 Apostolioa
733 3584 914 3647 conflrma-

114 3701 192 3747 mus
206 3687 239 3748 et
251 3684 425 3762 praesentis
441 3683 557 3762 scripti
572 3682 756 3761 patrocinio
767 3697 917 3743 commu-

115 3784 240 3845 nimus.
257 3781 349 3844 Nulli
362 3797 453 3859 ergo,
465 3782 540 3854 etc,
557 3781 681 3843 nostrae
692 3779 918 3842 confirmatio-

115 3881 172 3942 nis
187 3880 380 3958 intringere,
396 3880 451 3942 vel
464 3879 507 3952 ei,
523 3879 599 3951 etc,
615 3893 722 3953 usque
737 3876 913 3941 contraire.

118 3978 156 4040 Si
167 3977 241 4054 quis
249 3978 371 4050 autem,
386 3977 449 4038 etc.
462 3976 580 4038 Datum
590 3977 703 4038 Romae
715 3973 802 4052 apud
812 3975 918 4035 S.Pe-

115 4079 219 4148 trum,
232 4076 275 4136 ΙΙΙ
287 4074 362 4136 idus
377 4073 468 4146 maii,
482 4072 693 4151 pontificatus
706 4071 813 4135 nostri
828 4086 916 4133 anno

117 4171 279 4236 secundo.

406 4278 633 4368 CCXXXIII

294 4415 347 4476 Ad
364 4417 522 4476 Prasstoe
535 4415 742 4490 episcopum.

235 4608 245 4627 ·
411 4528 445 4585 tt
459 4527 528 4584 maii
547 4525 627 4585 ΙΞΙΒ.

119 4633 386 4698 [ΙΙεεεοΙΙΙωΙι,ὒοιΙοι
398 4631 505 4698 diplom.
516 4629 916 4699 Pomeraoire,1,p.¹db‚n.llb.]

118 4735 153 4794 Ei
164 4732 294 4803 mandat,
304 4739 335 4792 ut
347 4733 371 4790 si
383 4731 430 4806 qui
443 4738 541 4790 contra
554 4732 617 4806 ejus
623 4733 798 4790 voluntatem
811 4740 916 4792 terram

154 4822 363 4895 baptizatorum
387 4821 474 4879 totius
497 4819 620 4880 PrussIe
638 4822 745 4880 intrare
765 4822 915 4892 voluerint,

157 4913 202 4969 vel
223 4912 251 4968 in
266 4925 301 4970 ee
323 4910 477 4984 disponere
497 4909 652 4984 quidquem
673 4911 915 4984 presumpserint,

156 5015 209 5073 per
223 4999 299 5073 quod
321 4999 410 5074 possit
429 5011 609 5074 paganorum
632 5000 783 5059 conversio
807 5015 915 5074 praepe·

155 5088 211 5146 diri
223 5089 268 5146 vel
282 5088 450 5148 deteriorari
468 5087 593 5146 conditio
607 5102 821 5159 conversorum,
835 5105 885 5148 eos
901 5104 917 5149 a
1031 5109 1034 5118 ·

156 5178 381 5250 presumptione
400 5175 564 5250 hujusmodi
579 5191 630 5250 per
647 5191 799 5236 censuram
823 5180 914 5237 eecle-

156 5267 303 5324 siasticam
320 5272 495 5340 compescat.

160 5375 328 5438 Honorius
350 5376 397 5436 111
411 5373 727 5452 episcopusservus
744 5392 916 5439 servorum

120 5471 193 5544 Dei,
205 5470 508 5547 venerabiliiratri,
520 5473 674 5551 episcopo
686 5475 841 5548 Prusslae,
861 5489 919 5538 sa-

120 5571 272 5632 tutemet
285 5569 501 5647 apostolicam
519 5569 796 5635 benedictionem.

164 5670 270 5740 Quum
294 5668 476 5730 secundum
492 5669 686 5745 Apostolum
709 5686 806 5732 nemo
828 5671 919 5733 mili-

269 5821 381 5866 mrnot..
402 5821 476 5864 rous
495 5809 531 5866 ΙΙ.

625 327 628 333 “
731 313 960 383 ErtsrotAE.
984 317 1061 378 LIB.
1086 317 1125 378 ΙΙ.

1694 319 1753 378 738

958 480 1033 538 tans
1047 480 1115 540 Deo
1135 475 1284 556 implicat
1301 489 1337 538 se
1358 474 1575 540 secutaribus
1596 476 1750 554 negotiis,

960 591 1001 638 ne
1013 589 1078 637 non
1090 591 1164 652 quae
1179 575 1397 636 sursumsunt
1408 589 1507 652 supra
1523 575 1647 638 terram
1660 591 1753 654 quae·

960 687 1035 732 rere
1058 670 1222 744 videatur,
1248 671 1431 734 cavendum
1456 671 1507 734 est
1529 670 1658 733 dilectis
1673 671 1752 732 tiliis

962 769 1128 831 universis
1149 769 1330 840 Teutoniae,
1359 769 1547 842 Bobemiae,
1573 770 1751 842 Moraviae,

962 865 1754 938 Daciae,PoloniaeetPomeraniae‚versusPrus-

962 964 1046 1026 siam
1070 965 1165 1040 signo
1184 963 1293 1026 crucis
1308 967 1443 1042 accepto
1455 963 1751 1042 proticiscenthus,

962 1077 1004 1123 ne
1041 1077 1116 1123 cum
1142 1077 1178 1124 se
1214 1061 1454 1139 adscripserint
1485 1060 1643 1140 obsequio
1674 1065 1755 1126 iesu

963 1159 1096 1233 Christi,
1108 1159 1150 1222 ad
1165 1157 1405 1222 defendendum
1418 1159 1452 1221 te
1466 1159 1499 1222 et
1512 1160 1643 1223 noviter
1652 1159 1757 1239 bapti·

963 1257 1052 1320 satos
1069 1257 1103 1320 et
1121 1273 1309 1330 conversos,
1327 1256 1368 1318 ab
1387 1257 1577 1320 incursibus
1603 1275 1755 1336 pagano-

963 1371 1048 1429 rum,
1058 1356 1237 1432 hoogratia
1247 1355 1332 1417 lucri
1343 1354 1485 1432 aliquus
1494 1354 1758 1433 lacianttempo-

963 1453 1141 1531 ralis,quia
1153 1452 1571 1528 secundumevangelicam
1582 1454 1757 1517 veritatem

963 1565 1061 1614 nemo
1075 1552 1183 1629 potest
1198 1550 1335 1614 ‚duobus
1359 1551 1508 1613 Dominis
1532 1551 1670 1623 servire,
1689 1554 1757 1614 Deo

963 1649 997 1712 et
1018 1649 1209 1712 mammoni.
1235 1651 1274 1712 nt
1303 1665 1354 1710 vm
1385 1649 1512 1712 homini
1538 1649 1661 1711 terram
1691 1649 1757 1711 viis

965 1746 1093 1810 duabus
1107 1746 1258 1811 intranti.
1281 1747 1431 1826 Simplex
1444 1746 1532 1808 enim
1547 1747 1583 1808 in
1598 1747 1761 1825 simplici-

963 1846 1031 1908 tate
1046 1846 1242 1925 quaerendus
1255 1847 1306 1908 est
1317 1845 1489 1918 Dominus,
1504 1845 1561 1922 qui
1583 1845 1676 1908 adest
1688 1861 1761 1910 om-

965 1941 1063 2006 nibus
1075 1942 1307 2006 invocantibus
1321 1958 1441 2004 nomen
1455 1945 1541 2020 eius.
1559 1943 1652 2006 Unde
1667 1942 1758 2022 ipsos

965 2040 1149 2116 monendos
1180 2040 1337 2102 duximus
1365 2044 1399 2104 et
1425 2040 1607 2104 hortandos
1635 2041 1760 2104 eisdem

965 2137 1227 2201 nostris'dantes
1247 2137 1367 2200 litteris
1391 2138 1426 2200 in
1451 2137 1628 2210 mandatis,
1645 2139 1760 2200 utnon

967 2252 1040 2314 quae
1055 2251 1116 2298 sua
1132 2236 1221 2306 sunt,
1245 2235 1301 2297 sed
1326 2251 1400 2313 quae
1424 2238 1504 2298 Jesu
1523 2235 1645 2298 Christi
1669 2253 1762 2314 quae-

966 2335 1089 2406 rentes,
1106 2333 1148 2396 ad
1172 2333 1431 2396 convertendum
1449 2333 1490 2394 ad
1506 2337 1621 2406 Deum,
1637 2350 1703 2396 non
1719 2335 1760 2397 ad

967 2430 1209 2510 subjugandum
1221 2447 1292 2494 suae
1310 2430 1463 2494 servituti
1486 2446 1634 2508 paganos
1649 2431 1761 2494 atten-

967 2529 1057 2602 dant,
1069 2544 1112 2591 ne
1124 2530 1210 2607 quod
1228 2529 1314 2591 absit
1329 2528 1377 2590 illi
1391 2530 1543 2591 timentes
1557 2529 1676 2608 subjici
1689 2545 1762 2592 ser-

968 2627 1083 2700 vitute,
1100 2627 1135 2688 in
1149 2627 1201 2688 sui
1212 2627 1336 2690 erroris
1350 2627 1535 2704 pertinacia
1551 2626 1669 2690 lortius
1684 2627 1763 2691 obs-

968 2725 1125 2798 tinentur,
1141 2726 1174 2788 et
1195 2724 1259 2803 ipsi
1284 2724 1407 2788 frustra
1422 2724 1574 2788 laborent
1589 2726 1624 2787 in
1649 2727 1709 2798 eis,
1733 2726 1762 2788 si

969 2823 1139 2896 Dominus,
1156 2822 1212 2900 qui
1228 2837 1326 2884 renes
1341 2824 1510 2908 scrutatur
1523 2823 1557 2886 et
1577 2823 1688 2898 corda,
1703 2839 1764 2886 vo-

968 2920 1011 2983 tis
1026 2920 1097 2981 suis
1113 2936 1179 2982 non
1196 2919 1318 2982 lavanii
1337 2920 1529 2991 insensatis,
1545 2919 1601 2982 sed
1624 2921 1661 2984 ut
1675 2921 1763 2998 legi-

968 3017 1048 3079 time
1076 3018 1204 3079 certare
1228 3015 1410 3094 probentur
1433 3016 1475 3076 ab
1504 3016 1655 3078 omnibus
1683 3017 1763 3080 abs-

968 3115 1112 3178 tinentes
1139 3114 1284 3187 illicitis,
1311 3113 1373 3175 tibi
1398 3112 1551 3175 omnibus
1576 3114 1682 3176 modis
1710 3115 1766 3176 in·

968 3209 1115 3283 tendant,
1133 3209 1187 3272 cui
1216 3209 1376 3272 Dominus
1398 3208 1433 3270 in
1455 3207 1508 3270 his
1530 3209 1581 3272 est
1602 3207 1764 3272 hactenus

970 3308 1167 3371 mirabibter
1182 3309 1406 3387 prosperatus.
1423 3307 1585 3380 Quocirca
1604 3307 1765 3370 fraterni·

969 3408 1030 3470 tali
1042 3408 1107 3469 tuae
1129 3422 1189 3484 per
1204 3405 1394 3484 Apostolioa
1418 3405 1541 3483 scripta
1557 3405 1763 3480 mandamus,

970 3505 1133 3581 quatenus
1145 3503 1173 3564 si
1189 3503 1246 3582 qui
1258 3503 1373 3566 contra
1382 3503 1585 3565 voluntatem
1597 3505 1687 3566 tuam
1702 3504 1766 3566 ter·

970 3619 1042 3663 ram
1054 3601 1294 3678 baptisatorum
1304 3601 1405 3662 totius
1415 3602 1561 3663 Prussiae
1573 3601 1698 3664 intrare
1710 3617 1766 3664 uo·

971 3697 1103 3771 luerInt,
1116 3699 1169 3760 sel
1185 3699 1271 3759 inea
1287 3697 1464 3776 disponere
1483 3697 1663 3776 quidquam
1679 3714 1767 3775 prae-

971 3797 1181 3874 sumpserint,
1219 3811 1278 3875 per
1307 3795 1393 3874 quod
1427 3795 1531 3872 possit
1559 3811 1764 3874 paganorum

972 3894 1144 3958 conversio
1154 3891 1331 3972 praepediri
1345 3893 1398 3955 vel
1410 3893 1606 3956 deteriorari
1618 3893 1765 3955 conditIo

972 4001 1218 4064 conversorum,
1242 4006 1299 4052 eos
1321 4005 1341 4052 a
1363 3991 1621 4069 presumptione
1646 3990 1766 4068 hujus-

972 4090 1071 4163 modi,
1088 4089 1269 4151 monitione
1293 4089 1478 4166 praemissa,
1505 4105 1565 4168 per
1589 4104 1765 4151 censuram

972 4187 1244 4260 ecclesiasticam,
1269 4186 1493 4265 appellatione
1511 4187 1649 4260 remota,
1671 4202 1766 4248 com·

971 4301 1100 4366 pesoas,
1125 4285 1226 4347 nullis
1251 4285 1372 4348 litteris
1396 4283 1616 4356 obstantibus,
1637 4284 1666 4346 si
1693 4301 1766 4364 quae

972 4400 1073 4463 super
1087 4384 1151 4447 hoc
1165 4383 1381 4462 apparuerint
1402 4382 1488 4460 quod
1514 4399 1579 4444 non
1600 4381 1767 4444 credimus

972 4483 1007 4545 in
1042 4483 1246 4546 contrarium
1273 4481 1470 4558 impetratis.
1508 4481 1626 4542 Datum
1653 4481 1768 4541 Romae

972 4589 1058 4667 apud
1073 4589 1230 4652 Sanctum
1246 4587 1391 4658 Petrum,
1409 4588 1452 4646 IV
1472 4585 1546 4647 idus
1568 4585 1659 4659 maii,
1677 4601 1765 4664 pon-

971 4689 1115 4751 tificatus
1131 4685 1236 4748 nostri
1252 4699 1340 4747 anno
1355 4682 1512 4746 secundo.

1260 4843 1484 4932 GGXXXIV

986 4973 990 4982 ⁴
1011 4985 1063 5045 Ad
1074 4981 1230 5044 abbatem
1243 4979 1277 5042 ct
1289 4973 1497 5042 conuentum
1510 4979 1728 5042 Lesberntcc.

1266 5093 1298 5152 li
1313 5093 1381 5151 maii
1397 5090 1476 5152 litt.

1041 5204 1186 5270 [Wilmsns
1202 5201 1391 5283 Wesdelisohss
1407 5199 1619 5256 Urkendenbueh.
1633 5206 1651 5250 t.
1664 5199 1706 5256 ΙΙΙ,

1265 5297 1292 5348 p.
1307 5282 1347 5340 dd,
1364 5297 1389 5335 n.
1405 5281 1472 5346 lta]

972 5379 1109 5445 Redditus
1130 5396 1202 5457 quos
1225 5383 1289 5441 Otto
1311 5379 1543 5440 lionasteriensis
1567 5379 1768 5453 episcopusin

1007 5473 1128 5532 ecclesia
1156 5467 1192 5530 de
1220 5470 1373 5530 Thlsdeteo
1406 5468 1574 5538 contulerat,
1603 5469 1771 5528 auctoritate

1007 5562 1170 5638 Apostolica
1187 5561 1346 5619 oonllrmat.

1012 5669 1179 5735 Honorius
1218 5669 1409 5748 episcopos,
1447 5681 1562 5728 servus
1597 5681 1769 5728 servorum

1598 5807 1631 5864 il
