3936 6318
255 368 314 430 lea
733 370 911 434 HONORII
933 370 978 430 111
1000 369 1196 432 OPERA.—
1208 370 1442 434 SERMONES.
1844 379 1896 440 lat
1961 327 1962 330 Ἴ

253 527 389 594 retorsit
410 527 541 606 culpam
569 528 604 590 iu
635 527 807 591 mulierem
836 531 870 592 et
888 529 923 591 in
949 529 1051 590 Crea—
1104 545 1374 604 commemorare,
1386 532 1603 594 etliceutiam
1618 535 1826 611 percutiendi
1841 551 1898 600 nos

253 628 384 689 torem:
409 630 546 700 Millier,
583 643 686 702 arcam
721 629 845 690 dedisti
876 631 960 690 inibi
989 641 1048 690 so·
1105 643 1263 704 qrraerere.
1281 630 1342 693 Vel
1361 629 1483 692 dicitur
1497 647 1666 705 accusare,
1685 633 1780 706 idest,
1798 651 1899 696 accu·
1962 647 1963 700 l

253 727 379 786 ciam...
406 724 501 804 (Gen.
526 740 577 798 ur,
606 726 669 806 12).
694 729 741 788 Ac
764 727 793 787 si
826 725 974 788 diceret:
1001 727 1050 785 Tu
1105 724 1226 786 sabiles
1246 742 1306 787 nos
1322 725 1472 799 reddere,
1489 729 1621 804 quando
1640 730 1729 790 enim
1746 747 1807 808 per
1822 747 1899 808 per·
1962 725 1963 732 ’

254 825 377 885 malum
407 823 528 896 fecisti,
558 825 615 902 qui
638 825 812 886 mulierem
843 824 963 896 fecisti,
994 823 1050 900 qui
1105 823 1294 884 suasionem
1330 826 1403 901 ejus
1443 841 1638 902 peccamus3
1674 829 1899 902 accusabiles,

253 921 426 983 mulierem
458 921 590 983 dedisti.
622 923 662 984 Et
688 923 767 984 tunc
800 921 942 999 denique
977 921 1049 981 dies
1105 917 1200 989 idest,
1227 919 1319 996 digni
1339 937 1453 982 sumus
1474 923 1698 985 accusatione.
1724 925 1903 987 Sedaccu-

253 1021 432 1082 declinavit
445 1020 481 1082 iu
495 1035 679 1096 uesperam,
697 1022 775 1098 quia
794 1022 934 1083 veritate
950 1020 1050 1081 dante
1105 1017 1195 1078 sator
1215 1018 1401 1097 projmitur,
1424 1020 1555 1096 quando
1577 1019 1730 1083 diabolus
1748 1039 1824 1084 cum
1844 1041 1901 1086 sua
1963 1068 1964 1100 ,

253 1119 463 1190 sententiam,
480 1117 520 1179 de
536 1118 658 1194 gaudio
675 1120 841 1196 projectus
865 1119 964 1181 estin
979 1133 1052 1196 pce-
1104 1115 1288 1177 tentatione
1300 1118 1534 1191 contemnitur,
1549 1119 1582 1180 at
1596 1118 1674 1180 inde
1693 1119 1731 1181 tit
1744 1121 1903 1196 gaudium
1963 1137 1964 1142 ¹

253 1215 403 1277 nitentiae
429 1215 565 1276 luctum.
597 1215 637 1277 Et
666 1217 824 1293 quoniam
850 1215 902 1276 ira
930 1213 992 1276 fuit
1014 1213 1050 1274 in
1105 1212 1139 1272 in
1166 1214 1251 1276 coelc
1272 1230 1385 1276 acram
1411 1216 1541 1292 angelis
1573 1217 1644 1290 Dei,
1668 1219 1724 1295 qui
1747 1219 1906 1281 dicuntur

252 1313 480 1390 indignatione
495 1317 579 1391 ejus,
602 1314 651 1374 sic
669 1315 873 1392 temperatus
892 1313 952 1386 est,
969 1314 1006 1374 ut
1021 1313 1050 1373 si
1104 1309 1224 1372 iratres
1246 1314 1351 1374 nostri
1366 1314 1508 1390 quatuor
1523 1313 1689 1376 decausis
1706 1337 1713 1376 :
1734 1331 1795 1393 per
1807 1318 1906 1378 coha-

253 1413 293 1474 ad
314 1426 489 1489 uesperum
509 1411 735 1474 demorabitur
749 1413 845 1473 fletus
866 1413 900 1474 et
916 1410 957 1473 ad
973 1427 1049 1472 ma·
1105 1407 1310 1476 bitationem
1332 1426 1392 1487 per
1410 1412 1540 1479 naturae
1560 1412 1825 1488 similitudinem,
1846 1431 1907 1492 per

253 1511 395 1573 tatinum
403 1509 531 1580 laetitia,
543 1510 639 1582 idest,
654 1511 689 1570 in
700 1509 892 1588 diejudicii,
904 1509 1048 1588 quando,
1104 1506 1359 1582 fraternitatem,
1379 1524 1440 1585 per
1454 1509 1736 1572 cchaereditatem.
1753 1517 1829 1573 Per
1849 1529 1909 1573 co-

254 1609 324 1672 scle
339 1609 478 1681 oriente,
495 1607 565 1670 dies
585 1609 738 1685 pervenit
760 1609 801 1670 ad
817 1608 1001 1680 meridiem,
1019 1607 1051 1669 et
1104 1605 1359 1678 habitationem,
1377 1608 1454 1684 quia
1468 1609 1502 1669 et
1516 1608 1688 1670 nobiscum
1700 1609 1856 1672 trahitant
1871 1609 1906 1671 in
1964 1595 1965 1616 ³

253 1709 346 1770 stans
361 1707 408 1767 ibi
426 1722 492 1767 non
506 1706 620 1770 tendet
632 1707 676 1768 ad
700 1707 917 1778 occidentem,
933 1707 966 1767 et
981 1705 1052 1766 lae
1105 1703 1168 1764 hoc
1189 1703 1323 1773 mundo,
1339 1704 1373 1766 et
1391 1705 1426 1764 in
1449 1705 1560 1767 brturo
1579 1706 1750 1768 nobiscum
1771 1707 1910 1770 habita-

253 1806 323 1869 tum
344 1803 407 1866 erit
426 1819 564 1881 vespere
586 1803 619 1865 et
638 1819 736 1865 mane
751 1803 823 1865 dies
846 1817 946 1875 unus,
973 1802 1051 1880 quia
1105 1800 1187 1862 bunt
1212 1799 1247 1862 in
1275 1802 1370 1863 coelo.
1396 1803 1576 1865 Nobiscum
1604 1803 1757 1866 habitant
1784 1805 1820 1866 in
1843 1806 1908 1868 hoc

253 1901 513 1966 consolationem
537 1901 696 1963 aetemam
717 1901 866 1964 iuveniat
886 1901 922 1962 in
944 1899 1053 1978 poeni-
1106 1898 1240 1968 mundo,
1252 1899 1476 1963 custodientes
1491 1917 1552 1964 nos
1566 1918 1586 1964 a
1601 1902 1760 1980 periculis
1773 1905 1808 1965 et
1822 1919 1908 1981 pec-

254 2001 368 2064 tentiae
382 2001 519 2062 luctum.
1107 1998 1200 2060 catis.
1221 1998 1317 2060 Unde
1328 1999 1433 2061 David
1450 2017 1458 2056 =
1474 2003 1612 2078 Anamis
1629 2004 1705 2064 sats
1724 2003 1912 2063 rnariaaait

295 2099 486 2161 Admiratur
521 2097 687 2174 Propheta
722 2096 918 2174 dignitatem
952 2111 1051 2174 quam
1106 2099 1148 2158 cta
1168 2096 1214 2168 te,
1234 2097 1272 2158 at
1292 2099 1487 2160 custodiant
1505 2101 1543 2161 in
1561 2103 1718 2161 omnibus
1743 2103 1811 2162 aits
1838 2100 1912 2161 tuis
1965 2125 1966 2170 3

256 2198 374 2260 babuit
387 2195 550 2268 diabolus,
567 2197 601 2257 θῖ
614 2195 833 2273 perditionem
849 2209 947 2272 quam
962 2194 1054 2255 inve·
1108 2191 1179 2273 (Ps.
1190 2195 1241 2267 90,
1257 2192 1321 2273 11).
1965 2187 1966 2190 ’

173 2304 179 2318 “
256 2299 307 2360 nit
323 2312 383 2374 per
396 2293 595 2372 superbiam,
613 2294 646 2355 et
659 2293 734 2356 ideo
750 2293 848 2356 vocat
863 2307 939 2354 eum
954 2291 1055 2353 Luci·
1147 2289 1327 2353 Nobiscum
1359 2291 1556 2357 habitabunt
1589 2293 1625 2356 iu
1655 2293 1784 2367 futuro,
1821 2293 1915 2356 sicut

256 2396 375 2466 ferum,
392 2393 470 2470 quia
486 2393 573 2454 sicut
591 2391 726 2454 Lucifer
739 2390 863 2454 clarior
880 2391 931 2452 θεῖ
945 2389 1054 2452 omni·
1108 2389 1267 2466 scriptum
1290 2390 1340 2452 est
1360 2390 1396 2451 iu
1420 2391 1600 2466 Evangelio
1622 2413 1629 2452 :
1652 2395 1696 2453 ln
1718 2407 1913 2454 resurrec-

256 2493 318 2555 bus
332 2491 508 2563 stellisita
522 2479 593 2568 ipse
603 2490 665 2552 fuit
674 2489 891 2552 excellentior
901 2487 1053 2550 omnibus
1109 2488 1200 2549 tiarae
1223 2501 1333 2563 aeque
1355 2489 1483 2550 nabent
1505 2500 1615 2562 aeque
1633 2490 1817 2561 armentur,
1846 2493 1915 2551 sed

259 2590 398 2666 angelis,
428 2591 461 2649 et
488 2603 586 2649 mane
615 2587 794 2660 oriebatur,
822 2587 919 2659 idest,
947 2586 1053 2663 primo
1108 2586 1211 2647 ennii
1232 2587 1449 2662 sicntanpeii
1470 2589 1534 2658 Det
1548 2590 1585 2648 in
1599 2592 1682 2650 coetc
1706 2584 1825 2665 (Marc.
1844 2603 1915 2655 xli,

258 2686 409 2750 conditus
424 2685 485 2759 est,
502 2685 589 2748 sicin
601 2701 661 2762 per
681 2684 887 2746 Ezechielem
911 2682 1055 2761 propbe—
1107 2681 1173 2762 25).
1195 2688 1268 2745 Per
1290 2685 1429 2745 natura
1445 2685 1717 2757 similitudinem,
1743 2685 1823 2763 quia
1845 2687 1918 2762 spi·

257 2787 326 2847 tam
348 2783 494 2844 dicitur:
518 2785 566 2844 fii
584 2785 800 2858 signaculum
817 2782 1055 2843 similitudinis
1108 2780 1192 2842 ritus
1211 2781 1405 2856 angelorum
1420 2782 1453 2845 et
1471 2781 1607 2860 spiritus
1626 2781 1796 2844 hominum
1816 2786 1918 2862 ejus-

256 2879 608 2958 pienassapieniiaet
620 2879 795 2954 perfectus
806 2880 977 2940 dceorein
991 2879 1054 2938 de-
1109 2878 1183 2940 dem
1205 2879 1333 2940 naturae
1354 2881 1388 2942 et
1408 2879 1555 2957 ejusdem
1570 2879 1798 2942 similitudinis
1819 2883 1916 2942 sunt.

257 2983 345 3044 lictis
354 2980 513 3053 paradisi
522 2980 587 3038 Dei
597 2977 696 3051 sirmii
706 2974 838 3056 (Erech.
850 2991 971 3047 xxvur,
988 2972 1053 3054 12).
1111 2975 1205 3058 Unde
1216 2976 1320 3038 David
1330 2977 1366 3038 in
1379 2976 1527 3054 psalmo:
1542 2979 1702 3040 Mirautstt
1714 2993 1793 3039 earn
1805 2985 1920 3052 paiste

260 3074 733 3152 Undenotandum,quodn0n
747 3074 788 3136 ad
804 3072 1055 3136 similitudinem
1109 3077 1226 3136 mittas
1250 3077 1293 3136 ab
1316 3077 1447 3150 atraciis
1467 3074 1536 3155 (Pe.
1562 3077 1592 3148 8,
1608 3073 1654 3155 6).
1680 3077 1767 3136 Deus
1789 3076 1923 3138 minuit

259 3177 320 3238 Ilei
346 3173 465 3246 factus,
498 3173 555 3234 sed
582 3173 790 3249 signaculum
828 3171 1056 3234 similitudinis
1110 3172 1277 3234 hominem
1290 3173 1513 3251 paulominus
1527 3173 1722 3250 abangelis‚
1737 3174 1923 3252 quiamor-

261 3274 394 3346 dicitur,
409 3273 446 3334 ut
459 3267 524 3349 auo
536 3271 571 3332 iu
584 3286 624 3332 eo
637 3271 791 3333 subtilior
804 3271 855 3332 est
869 3271 1000 3341 natura,
1016 3285 1056 3331 ec
1110 3271 1170 3332 tali
1186 3285 1324 3348 corpore
1339 3271 1473 3334 vestivit
1488 3271 1594 3344 illum,
1611 3272 1697 3350 quod
1717 3272 1829 3348 angeli
1843 3287 1922 3334 non

260 3372 390 3434 nullum
419 3369 562 3430 similius
589 3369 791 3441 insinuetur,
817 3383 916 3446 quam
946 3367 1056 3444 imago
1110 3367 1244 3432 babent.
1265 3371 1350 3430 Nam
1365 3369 1416 3430 illi
1431 3371 1508 3432 suut
1528 3371 1744 3444 immortales,
1770 3370 1922 3432 sedisti

260 3470 319 3532 Dei
336 3483 506 3546 expressa.
525 3466 618 3528 Unde
640 3465 812 3528 subditur:
836 3468 954 3528 Ornnis
970 3469 1058 3539 iapn
1112 3466 1284 3543 mortales3
1314 3467 1365 3528 illi
1394 3469 1472 3529 sunt
1500 3468 1739 3546 impassibiles,
1767 3468 1825 3528 sed
1855 3469 1924 3530 isti

258 3567 434 3644 pretiosas
449 3565 703 3640 operimentum
713 3564 810 3624 inani
825 3562 922 3642 (lbid.
942 3563 1003 3639 13).
1018 3563 1058 3623 at
1111 3565 1302 3642 passibilem
1329 3565 1379 3626 illi
1403 3565 1506 3638 beati,
1538 3566 1596 3627 sed
1626 3565 1680 3628 isti
1704 3565 1836 3639 misari;
1862 3566 1927 3627 illi

259 3666 346 3728 sicut
369 3663 539 3741 Scriptura
558 3662 722 3725 testatur:
745 3665 824 3736 lpse
845 3663 1059 3738 principiam
1111 3663 1328 3741 triumphant,
1347 3664 1404 3725 sed
1420 3663 1475 3725 isti
1488 3663 1643 3726 militant.
1660 3665 1745 3740 Ergo
1761 3663 1817 3741 qui
1833 3665 1928 3726 tunc

260 3769 412 3834 alaman,
429 3761 526 3832 idest,
539 3759 705 3823 actionum
716 3759 787 3833 Del,
799 3759 955 3838 quoniam
970 3761 1058 3820 Deus
1112 3761 1222 3823 minor
1244 3762 1370 3824 eratin
1390 3776 1494 3838 reguo
1513 3761 1683 3833 coelorum,
1711 3765 1818 3839 major
1841 3767 1931 3826 erat

261 3878 328 3924 non
344 3861 429 3921 alias
442 3859 614 3921 creaturas
629 3861 707 3921 ante
722 3875 797 3920 eum
808 3858 966 3920 condidit.
983 3860 1057 3935 Ipse
1111 3861 1239 3922 icauna
1270 3860 1418 3938 Baptista
1451 3873 1511 3936 per
1545 3859 1802 3931 fraternitatem,
1834 3863 1929 3937 quia

260 3959 367 4021 uoluit
387 3957 423 4018 in
445 3958 563 4018 coelum
586 3957 776 4028 ascendere,
795 3957 881 4017 idest
898 3956 1058 4017 divinita-
1112 3957 1212 4018 Pater
1232 3973 1318 4018 unus
1338 3959 1485 4019 omnium
1508 3957 1697 4019 nostrorum
1723 3959 1756 4019 et
1776 3956 1931 4021 illorum

261 4058 328 4118 tem
342 4055 402 4117 Dei
417 4055 551 4117 habere.
573 4055 638 4116 Per
658 4053 777 4114 coelum
791 4052 992 4128 intelligitur
1005 4053 1058 4112 di·
1112 4055 1171 4116 est.
1187 4055 1227 4116 Et
1241 4055 1316 4126 ideo
1328 4069 1390 4115 nos
1402 4055 1436 4116 et
1445 4054 1495 4115 illi
1506 4055 1566 4116 Dei
1578 4055 1639 4115 filii
1650 4053 1769 4116 fratres
1784 4071 1929 4118 sumus.

260 4154 385 4216 vinitas
401 4154 521 4222 Patris,
537 4151 624 4213 uude
640 4151 765 4212 liavid:
781 4153 811 4212 A
825 4154 1057 4212 summosano
1112 4153 1160 4212 De
1183 4151 1250 4212 illis
1269 4165 1412 4228 namque
1436 4151 1560 4214 dicitur
1579 4153 1615 4213 in
1629 4151 1692 4214 Job
1708 4173 1718 4213 ε
1739 4156 1935 4216 Venerunt

262 4255 414 4329 egressio
436 4253 511 4324 ejas
535 4247 604 4330 (Pe.
632 4250 680 4322 18,
709 4245 755 4329 7),
778 4247 875 4316 ῖᾱθεῖ,
899 4247 1057 4310 munitas
1111 4249 1175 4321 tilii
1205 4251 1285 4321 Dei,
1314 4249 1356 4310 ut
1384 4251 1589 4312 assisterent
1619 4265 1740 4312 corani
1765 4253 1937 4314 Dareine

266 4348 328 4410 filii
339 4348 398 4410 Dei
413 4349 463 4411 est
478 4349 518 4411 de
533 4347 595 4410 Pat
636 4391 643 4408 .
1113 4343 1200 4424 (lob,
1215 4361 1239 4418 1,
1255 4345 1300 4425 6).
1330 4349 1503 4409 Venerunt
1523 4363 1542 4409 a
1558 4347 1744 4410 ministerio
1766 4347 1807 4408 ad
1824 4353 1933 4425 quod

302 4449 376 4526 Ipse
392 4446 498 4509 uoluit
512 4461 612 4524 super
632 4444 723 4507 astra
738 4443 798 4504 Dei
821 4459 917 4505 suum
937 4443 1057 4506 solium
1112 4443 1314 4521 deputantur
1345 4445 1480 4522 propter
1514 4445 1653 4508 salutem
1682 4447 1847 4516 nostram,
1884 4451 1937 4511 ut

260 4529 425 4619 malum,
453 4545 548 4618 idest,
574 4543 769 4622 potestatem
793 4541 918 4604 babere
945 4541 1056 4619 impe-
1111 4541 1307 4604 assisterent
1320 4557 1433 4604 coram
1448 4542 1588 4604 Domino
1603 4542 1644 4604 ad
1662 4542 1869 4604 laudandum
1890 4551 1940 4609 et

258 4645 355 4708 randi
371 4643 511 4722 angelis,
529 4633 615 4704 sicut
629 4643 728 4702 Deus.
752 4639 866 4703 Voluit
881 4640 998 4702 sedere
1022 4639 1056 4700 in
1111 4639 1383 4702 benedicendum.
1400 4639 1448 4702 De
1462 4640 1558 4702 nobis
1576 4641 1697 4705 dicitur
1710 4641 1746 4702 in
1761 4641 1904 4717 psalmo
1925 4669 1935 4706 :

261 4745 372 4806 monte
392 4741 594 4813 testamenti,
616 4739 712 4811 idest,
730 4737 883 4816 judicare
903 4737 1057 4815 judiciali
1112 4743 1185 4814 liae
1198 4741 1275 4800 dimi
1287 4755 1299 4800 :
1313 4741 1370 4800 Dii
1391 4739 1771 4811 armanalanam
1792 4753 1940 4806 ornrces

260 4840 433 4916 potestate.
451 4841 525 4902 Hoc
544 4838 640 4900 modo
664 4836 827 4916 pugnavit
840 4835 1004 4908 diabolus,
1025 4836 1058 4898 θῖ
1111 4840 1266 4898 tornines
1281 4833 1390 4915 (ioan.
1403 4853 1438 4908 x,
1454 4835 1520 4915 34).
1549 4840 1614 4899 Per
1628 4836 1937 4915 acherontinam,

260 4936 381 4998 multos
397 4935 459 4995 sibi
474 4937 613 5012 angelos
627 4937 777 5007 sociavit,
793 4935 849 4996 sed
861 4949 936 4996 cum
949 4934 1058 4996 omni·
1112 4934 1188 5012 quia
1204 4935 1239 4996 in
1254 4933 1380 4998 coelesti
1405 4933 1599 4996 hereditate
1617 4935 1745 4996 tantam
1770 4935 1943 5012 gloriam

260 5035 323 5095 bus
338 5031 379 5092 de
399 5032 481 5092 coelo
496 5047 556 5107 per
570 5032 767 5095 Michaelem
782 5033 815 5095 et
829 5031 965 5109 angelos
984 5035 1057 5111 ejus
1112 5031 1246 5094 babebit
1270 5032 1385 5104 bomo,
1407 5033 1562 5110 quanam
1581 5034 1616 5094 θῖ
1636 5033 1775 5109 angelus
1798 5031 1940 5100 babet.

260 5131 406 5211 dejectus
421 5131 481 5190 est.
503 5127 598 5189 Unde
614 5129 726 5205 augeli
746 5129 912 5191 dicuntia
932 5133 1058 5208 Apoca-
1113 5131 1207 5193 Unde
1216 5130 1374 5193 Dominus
1385 5130 1420 5191 in
1430 5130 1805 5206 Evang01102AEpaeres
1817 5137 1941 5201 enim

260 5229 372 5310 lypsi:
400 5226 583 5300 Proiectae
613 5227 664 5288 est
696 5229 877 5289 accinctior
902 5229 1058 5303 parram
1111 5232 1244 5306 angens
1257 5229 1339 5291 sunt
1353 5225 1447 5308 (Luc.
1463 5244 1522 5302 xx,
1541 5227 1607 5309 36),
1624 5229 1657 5290 et
1672 5235 1747 5290 sunt
1762 5227 1823 5290 filii
1839 5231 1941 5307 Dei,

261 5329 474 5399 nostrarum,
493 5325 553 5400 atii
569 5324 750 5385 coenabat
763 5327 837 5386 idas
853 5327 935 5388 ante
952 5341 1056 5390 cons-
1112 5341 1187 5389 cum
1203 5327 1270 5389 sint
1284 5325 1346 5387 filii
1360 5327 1627 5389 resumecticnis.
1657 5329 1696 5389 st
1711 5327 1785 5389 ideo
1800 5327 1904 5394 dixit
1930 5357 1942 5396 :

258 5427 397 5502 pectam
417 5425 481 5486 Dei
494 5421 606 5484 nostri
622 5423 677 5482 die
691 5436 733 5484 aa
748 5423 857 5494 nocte,
873 5423 906 5484 et
919 5427 990 5498 ipsi
1004 5428 1059 5486 ct-
1113 5424 1191 5487 suut
1204 5423 1361 5502 aequales.

261 5523 383 5587 camini
427 5537 507 5584 earn
539 5519 686 5596 propter
721 5522 928 5595 sangninem
966 5525 1058 5599 Aoni
1152 5521 1298 5584 Verbum
1319 5521 1493 5597 presentis
1507 5522 1667 5600 temporis
1682 5521 1821 5598 protulit
1844 5524 1950 5594 sive

262 5619 378 5702 (Apoc.
400 5634 462 5692 xm,
480 5616 544 5698 10).
560 5615 718 5679 Diabolus
733 5615 856 5677 dicitur
870 5621 1054 5691 accusator,
1112 5619 1223 5698 posuit
1236 5619 1465 5698 evangelium,
1489 5620 1567 5697 quia
1585 5619 1672 5698 quod
1686 5619 1837 5682 futurum
1852 5631 1948 5704 est,

261 5721 422 5799 quianon
441 5715 691 5794 desiuitaulpas
710 5713 842 5778 nostras
858 5713 937 5777 aute
952 5717 1057 5778 Deum
1111 5719 1147 5781 in
1171 5718 1350 5796 presentia
1376 5717 1437 5782 Dei
1459 5718 1529 5796 jam
1556 5717 1679 5782 factum
1693 5717 1755 5780 est.
1774 5717 1825 5780 Ad
1851 5719 1953 5794 boc
