3986 6304
97 265 138 328 l6i
616 273 619 280 '
706 259 934 322 EPISTOLAE·
957 258 1036 322 Lib.
1059 259 1084 320 Ι.
1449 313 1458 330 ,
1590 257 1595 268 ’
1657 269 1717 332 162

6 411 7 500 ζ
96 421 194 488 Maria
206 416 455 491 deLatronoliO,
463 417 655 482 Cistercien.
668 420 805 495 ordinis,
813 436 871 482 no·
922 418 1042 482 restrae
1062 435 1123 498 per
1149 420 1332 499 apostolica
1358 424 1483 502 scripta
1506 425 1713 505 mandamus,

6 509 8 590 i
96 523 136 584 bis
166 519 227 580 fuit
260 516 431 580 humiliter
462 517 693 595 supplicatum,
728 521 764 581 ut
795 535 869 580 cum
924 517 1086 594 quatenus
1111 518 1339 596 praebendam,
1364 521 1394 582 si
1420 538 1485 600 qua
1511 524 1547 586 in
1573 526 1716 591 ecclesia

6 601 8 670 ἶ
96 635 194 683 earum
207 615 408 680 monasterio
422 618 572 690 vacante,
596 616 701 678 Adam
722 617 869 694 ejusdem
924 615 997 692 ipsa
1021 616 1127 690 vacat,
1158 617 1265 682 eidem
1293 622 1331 680 B.
1361 621 1557 692 auctoritate
1582 625 1715 699 nostra,

6 701 8 716 '
95 715 272 781 monasterii
291 713 481 782 monialem,
507 713 547 776 de
567 713 736 776 voluntate
758 714 870 776 dilecti
925 713 1053 776 sublato
1068 714 1245 792 cujuslibet
1265 717 1535 784 contradictionis
1555 721 1589 783 et
1602 723 1718 800 appel·
1764 755 1768 762 ·

96 815 146 878 lilii
157 813 282 876 abbatis
302 811 341 872 de
363 811 530 883 Columba,
545 811 729 874 visitatoris
742 827 869 884 earum,
925 811 1059 874 lationis
1099 811 1279 890 obstaculo,
1314 815 1512 890 conseratis,
1556 817 1715 886 iacientes

6 933 8 954 r
96 911 240 977 canonice
255 925 294 971 ac
309 909 517 972 concorditer
537 909 572 970 in
595 926 689 972 suam
709 908 872 988 elegerint
925 908 1031 972 eidem
1049 909 1183 972 stallum
1207 910 1243 971 in
1264 911 1377 988 choro,
1393 913 1426 975 et
1444 913 1552 978 locum
1571 916 1606 978 in
1621 919 1718 995 capi-

6 1059 8 1080 ,
97 1009 299 1080 abbatissam,
330 1023 391 1068 nos
405 1007 600 1070 electionem
627 1007 749 1086 ipsius,
770 1024 871 1085 quum
925 1006 995 1068 tulo
1020 1007 1204 1083 assignar13
1222 1007 1493 1086 contradictores,
1512 1013 1541 1072 si
1565 1015 1621 1091 qui
1642 1015 1717 1078 sue-

6 1099 7 1116 *
95 1123 194 1171 earum
223 1105 458 1168 monasterium
480 1105 521 1166 ad
547 1107 731 1168 Romanam
755 1105 871 1167 Eccle-
925 1104 1003 1177 rint,
1024 1121 1084 1184 per
1098 1121 1273 1168 censuram
1293 1107 1551 1172 ecclesiasticam
1566 1127 1719 1189 compes-

95 1208 165 1268 siam
182 1204 275 1265 nullo
289 1203 453 1280 pertineat
473 1203 649 1276 mediante,
675 1202 871 1264 confirmare
926 1202 1039 1264 cando.
1053 1202 1220 1280 Alioquin,
1234 1203 1375 1280 primam
1386 1207 1577 1270 vacaturam
1587 1207 1718 1272 faciatis

7 1359 8 1372 ,
94 1301 341 1366 misericorditer
364 1299 587 1376 dignaremur.
614 1300 775 1372 Quocirca
802 1300 873 1361 dis·
926 1300 1048 1362 nostrae
1072 1301 1242 1363 donationi
1266 1303 1394 1364 servari
1414 1319 1565 1381 personae
1589 1307 1718 1370 idoneae

11 3903 12 3911 χ
94 3835 184 3900 silicae
195 3837 611 3914 duodecimapostolorum
618 3835 801 3914 presbyteri
812 3851 882 3898 car·

11 4047 13 4101 J
94 4029 200 4096 Oberto
224 4032 362 4095 nolano
389 4033 503 4094 nostro
531 4032 568 4093 in
589 4031 802 4092 Laudunensi
821 4047 880 4093 ec-

7 1391 8 1480 }
95 1400 220 1464 cretioni
234 1401 300 1462 tuae
315 1411 376 1478 per
388 1397 577 1474 Apostolica
592 1399 714 1476 scripta
728 1398 871 1460 manda·
927 1397 1170 1461 conterendam.
1180 1401 1210 1460 N
1212 1415 1249 1460 os
1265 1401 1364 1476 enim,
1373 1402 1401 1462 si
1414 1402 1492 1480 quid
1507 1419 1603 1466 secus
1617 1403 1719 1468 fuerit

7 1487 8 1490 '
94 1516 170 1571 mus,
195 1498 373 1575 quatenus,
390 1497 419 1556 si
441 1496 636 1558 electionem
657 1496 806 1557 eamdem
824 1497 873 1558 in·
927 1496 1136 1571 attentatum,
1161 1497 1292 1559 irritum
1317 1498 1526 1564 deceruimus
1546 1502 1579 1564 et
1603 1503 1716 1567 inane.

94 1591 329 1674 ueneritis(sic)
350 1593 390 1654 da
412 1608 554 1670 persona
573 1593 693 1655 idonea
713 1594 872 1656 canonice
927 1593 1018 1668 Quod
1031 1594 1061 1656 si
1072 1611 1140 1656 non
1157 1610 1283 1668 omnes,
1298 1595 1372 1670 eto,
1394 1596 1458 1659 duo
1472 1599 1631 1670 vestrum,
1654 1603 1717 1664 etc.

96 1693 297 1766 celebratam,
323 1692 360 1754 tu
381 1707 466 1764 eam,
487 1690 617 1753 sublato
638 1691 872 1770 appellationis
927 1692 1045 1754 Datum
1067 1693 1234 1765 Laterani,
1250 1695 1294 1755 IV
1308 1693 1383 1755 idus
1400 1695 1560 1773 januarii,
1581 1697 1719 1776 pontill-

94 1790 268 1862 obstaculo,
303 1789 501 1852 auctoritate
540 1789 654 1852 nostra
684 1789 871 1851 confirmes.
928 1791 1022 1852 catus
1036 1791 1143 1854 nostri
1157 1806 1245 1854 anno
1258 1790 1376 1869 primo.

94 1890 196 1951 batum
210 1887 383 1957 Laterani,
399 1889 443 1948 IV
459 1885 535 1948 idus
549 1885 715 1965 januarii,
739 1887 875 1966 pontifl-

94 1985 298 2048 catusnostri
313 1983 533 2061 annoprimo.
1247 1950 1402 2039 CXXXI

414 2152 548 2240 CXXX
981 2103 1034 2164 Ad
1044 2102 1199 2176 abbatem
1220 2103 1253 2165 et
1266 2103 1472 2166 convectum
1485 2106 1520 2166 S.
1534 2107 1670 2180 Arrium

1237 2201 1414 2262 Melana-ts.

93 2317 136 2375 Ad
155 2314 313 2376 abbatem
328 2315 363 2374 S.
378 2315 524 2375 loannis
540 2315 583 2374 lu
596 2315 711 2376 Vincis
725 2313 876 2375 Sucaelo
1225 2295 1256 2352 Η
1270 2295 1330 2368 1⁸¹¹·
1348 2296 1427 2353 lali.

124 2427 263 2474 uoluam
270 2412 305 2473 et
315 2411 502 2488 maistres
509 2415 573 2472 Au.
586 2413 788 2472 caiiontcum
799 2412 878 2472 Cre·
978 2389 1087 2456 [Bm-l·
1099 2389 1144 2442 lib.
1158 2389 1333 2454 1,epist.sae.
1347 2391 1576 2444 murinorum
1588 2393 1680 2456 Theill

125 2523 258 2571 inosten.
274 2509 308 2570 et
319 2509 480 2572 obertum
494 2511 534 2570 de
544 2511 635 2572 Solu.
931 2508 981 2564 lus
994 2505 1182 2563 conllrmundi
1201 2520 1352 2578 personam
1375 2505 1404 2564 in
1425 2508 1546 2566 eeclesia
1570 2508 1606 2566 de
1634 2510 1720 2569 Cimi-

379 2612 482 2686 10j0n,
500 2612 579 2670 1217,
978 2601 1055 2665 neto,
1069 2593 1139 2668 ipsis
1151 2595 1317 2655 auctoritate
1332 2595 1496 2669 apostolica
1511 2597 1672 2656 confirmat.

114 2717 222 2783 maan,
237 2717 287 2769 nli.
306 2717 326 2778 1,
338 2717 410 2784 epist.
429 2717 689 2768 {sincerarum
705 2716 741 2767 ‘1⁰
757 2716 850 2782 rhein]
948 2715 952 2728 '
972 2721 1155 2794 Honorius,
1172 2719 1234 2792 etc,
1251 2719 1380 2783 dilectis
1393 2721 1471 2782 liliis
1485 2687 1595 2786 abbati
1608 2724 1727 2786 etcon·

96 2851 198 2910 baudai
224 2859 263 2911 ut
283 2851 466 2926 praebendam
491 2853 520 2908 in
548 2851 669 2910 ecclesia
696 2850 878 2909 Lauduuensi
932 2819 1057 2890 venm’
1079 2818 1184 2880 sancti
1199 2819 1327 2879 Arnum
1343 2819 1512 2882 Memmi&

122 2940 309 3014 boiamundo,
325 2941 421 3014 nepoti
440 2939 536 2999 ilberti
550 2941 653 2998 notarii
671 2941 756 3013 Papae
779 2937 876 2998 coule-
974 2917 1054 2976 0¹1¹ss
1069 2931 1089 2976 ²³
1103 2915 1198 2978 ¹10bifl
1213 2916 1345 2994 petitur,
1363 2916 1438 2987 θῒθυ
1453 2933 1559 2992 2⁴8le
1569 2935 1725 2982 assensu:
1745 2959 1754 2974 ·

121 3038 187 3088 mut.
929 3015 986 3090 jus
1002 3012 1219 3075 confirmandi
1232 3030 1407 3090 personam
1418 3015 1453 3075 in
1468 3015 1609 3077 ecclesia
1619 3016 1659 3078 de
1673 3018 1729 3079 Ci-

124 3155 302 3227 HonoriQ
314 3153 529 3228 ethdileoffis
544 3153 623 3216 filiis
639 3152 750 3215 abbati
767 3152 879 3214 Sancti
934 3111 1057 3220 minoto
1079 3111 1296 3174 avenerabili
1311 3111 1414 3175 fratre
1426 3113 1540 3175 nostro
1553 3115 1587 3175 C.
1604 3114 1724 3178 Meteri.

94 3251 216 3314 munis
231 3253 273 3314 in
286 3251 402 3314 Vineis
427 3253 640 3314 suessionem
657 3252 690 3312 et
710 3248 879 3325 magistris
935 3224 1088 3286 episcopo
1103 3208 1285 3286 imperialis
1300 3209 1385 3272 aulae
1404 3209 1617 3281 cancellario,
1631 3212 1664 3275 et
1677 3213 1731 3274 di-

94 3351 143 3409 pn,
158 3350 324 3412 canonico
339 3351 533 3411 Cromen⁸
551 3349 584 3412 et
605 3349 725 3410 Oberto
739 3347 781 3410 de
800 3347 880 3410 Sala
898 3343 901 3352 Δ
935 3307 1019 3368 lecto
1039 3305 1107 3368 lilio
1122 3305 1228 3368 Elion.
1239 3306 1474 3370 archidiacono
1489 3309 1730 3387 Meten.,prout

95 3447 218 3509 Parisiis
231 3445 530 3510 commoranfibug·
935 3403 977 3465 ad
994 3419 1051 3466 eos
1073 3403 1252 3482 spectabat,
1265 3405 1321 3482 pia
1332 3404 1426 3466 vobis
1438 3405 1638 3470 liberalitate
1649 3425 1730 3470 con-

126 3543 745 3616 Quumbonaememorioemindunensis
756 3543 882 3620 episco·
936 3515 1077 3572 cessum,
1102 3500 1188 3561 sicut
1201 3501 1309 3577 ipsum
1320 3501 1410 3578 Juste
1425 3517 1464 3562 ac
1479 3502 1616 3578 pacifice
1639 3503 1728 3566 obti-

94 3656 144 3715 pus
155 3643 232 3704 olim
249 3642 295 3704 ad
308 3657 423 3719 preces
436 3641 636 3703 venerabilis
651 3641 764 3702 fratris
775 3641 880 3702 nostri
935 3597 1032 3664 netis,
1049 3594 1128 3656 etin
1139 3596 1517 3668 eorum,etvenerabilis
1528 3597 1640 3660 fratris
1651 3615 1731 3661 nos-

935 3693 979 3754 tri
999 3695 1176 3754 Treveren.
1198 3692 1441 3770 archiepiscopi
1465 3692 1584 3755 litteris
1608 3694 1730 3758 dicitur

936 3789 1110 3862 contineri,
1128 3783 1223 3851 vobis
1238 3789 1271 3851 et
1285 3804 1344 3866 per
1358 3805 1417 3850 vos
1431 3790 1632 3854 monasterio
1652 3809 1730 3854 ves-

935 3889 987 3951 tro
1006 3886 1203 3952 auctoritate
1219 3886 1409 3964 Apostolica
1429 3886 1673 3963 confirmamus,
1697 3891 1731 3954 et

936 3985 1109 4063 praesentis
1136 3984 1251 4063 scripti
1274 3985 1459 4062 patrocinio
1476 3987 1728 4051 communimus.

936 4083 1029 4146 Nulli
1041 4098 1131 4160 ergo,
1146 4083 1221 4156 etc,
1235 4083 1358 4144 nostrae
1371 4083 1642 4158 confirmationis,
1666 4085 1728 4148 etc.

938 4183 974 4244 Si
989 4182 1062 4260 quis
1077 4181 1199 4250 autem,
1216 4183 1279 4243 etc.
1300 4181 1419 4246 Datum
1440 4182 1607 4254 Laterani,
1631 4183 1730 4247 tertio

937 4280 1011 4342 idus
1041 4279 1213 4358 januarii,
1249 4279 1462 4357 pontificatus
1495 4279 1601 4343 nostri
1642 4296 1730 4344 anno

93 3737 127 3798 N.
141 3740 293 3817 episcopi
306 3739 484 3800 Tusculan.
502 3740 535 3801 et
553 3737 664 3800 dilecti
679 3738 741 3800 filii
761 3741 794 3799 S.
810 3740 880 3800 Ba-

10 4007 11 4012 *
92 3931 213 4008 dinalis,
231 3951 273 3998 se
283 3935 493 4012 provisurum
507 3934 627 3995 dilecto
641 3933 710 3996 illio
722 3933 881 4010 magistro

11 4146 15 4214 J
93 4127 182 4192 clesia
194 4131 386 4196 liberaliter
392 4128 757 4208 promisissetztandem
767 4129 882 4191 eodem

11 4223 13 4288 ζ
93 4229 241 4304 magistro
252 4228 396 4305 rogante
407 4227 581 4306 praelatum
594 4226 785 4304 episcopum
795 4225 882 4305 apud

93 4325 197 4387 Sedem
212 4326 444 4404 Apostolicam
459 4324 673 4388 constitutum
687 4325 723 4387 ut
735 4325 881 4402 promis-
979 4377 985 4390 .

12 4463 19 4483 ,
93 4433 154 4483 sam
175 4424 242 4486 sibi
269 4423 414 4500 gratiam
431 4423 629 4488 transferret
646 4423 682 4483 in
702 4424 885 4500 Bajamun-
936 4393 1054 4458 prum·

11 4526 13 4604 3
93 4516 159 4580 dum
181 4521 343 4600 nepotem
371 4520 476 4598 ipsius
504 4519 695 4598 hujusmodi
722 4519 883 4582 beneflcio
1247 4475 1423 4562 CXXXII

94 4617 227 4695 amplius
246 4619 472 4694 indigentem,
493 4618 582 4680 idem
601 4617 776 4695 episcopus
796 4633 831 4678 se
849 4617 883 4678 id
938 4620 991 4680 Aci
1004 4617 1152 4680 Petrum
1176 4619 1372 4692 episcopum
1394 4618 1606 4678 Ascumoum
1619 4617 1657 4678 ln
1674 4630 1732 4678 cc·

14 4730 18 4739 ·
93 4711 250 4778 lactmum
257 4716 530 4795 promisit,quum
543 4731 579 4778 se
589 4715 730 4778 facultas
737 4713 883 4788 offerret,
979 4717 1082 4776 cleric
1092 4716 1127 4776 S.
1141 4713 1282 4776 Actoiili
1293 4716 1335 4775 de
1346 4712 1465 4775 Monte
1481 4716 1613 4775 manlio
1623 4715 1732 4776 Ascli-

12 4804 19 4867 i
95 4825 244 4878 concessa
258 4813 370 4876 eidem
383 4814 518 4876 interim
531 4813 673 4890 quadarn
686 4829 797 4874 annua
809 4828 886 4890 pen·
981 4814 1169 4874 lenedicec.
1289 4887 1294 4898 Ι

94 4909 191 4986 sione,
206 4913 303 4975 sicut
317 4912 468 4991 ejusdem
483 4911 630 4988 episcopi
645 4910 764 4974 litterae
778 4909 888 4972 mani·
949 4912 959 4934 '
1202 4983 1207 4994 1
1241 4888 1439 4996 ¹²l³⁰·¹²¹⁷·

12 5027 13 5030 ¹
95 5003 217 5072 restant.
247 5009 344 5072 Unde
366 5009 454 5072 idem
469 5008 629 5086 magister
652 5008 748 5070 nobis
771 5008 886 5069 humi·
1099 4983 1218 5050 [⁰⁸h⁸¹¹¹’
1231 4985 1305 5036 ΜΨ
1316 4990 1428 5048 ⁸³⁰¹*
1441 4984 1576 5052 1’1'·⁴⁶³·]

94 5101 162 5166 liter
176 5107 393 5186 supplicavit,
412 5105 457 5176 ut,
473 5123 574 5184 quum
591 5106 700 5169 dictus
713 5105 887 5183 episcopus
942 5105 1077 5162 annuum
1091 5115 1210 5160 censum
1222 5107 1342 5173 quatuor
1356 5100 1537 5160 denariorum
1552 5102 1735 5176 Pupiensium

95 5201 289 5280 migraverit
300 5205 341 5266 ab
356 5205 420 5267 hac
434 5205 519 5276 luce,
535 5203 623 5282 quod
644 5203 684 5265 (ιθ
699 5204 790 5264 illius
805 5219 887 5281 pro.
978 5189 1117 5262 concedit,
1139 5190 1177 5248 itu
1196 5197 1293 5248 temen
1306 5197 1337 5247 ut
1355 5189 1426 5248 nihil
1441 5191 1563 5264 amplius
1579 5190 1673 5263 quoad
1692 5191 1733 5248 le-

96 5299 216 5365 risione
261 5303 482 5380 promiserat,
520 5301 706 5364 faceremus
735 5299 912 5363 effectum¹
979 5277 1735 5354 gemjurisdictionisveldloeoesauamexigerepossil

96 5401 292 5479 mancipari.
311 5401 472 5473 Quoniam
491 5401 594 5478 igitur
612 5400 749 5477 dignum
769 5400 830 5474 est,
854 5400 890 5460 ut
979 5369 1009 5427 iu
1023 5367 1144 5426 ecclesia
1159 5366 1270 5426 eadem.

98 5499 193 5559 rosim
206 5497 812 5576 gratiaminuobisinveniant,quam
827 5495 890 5558 ire
984 5485 1170 5560 Honorius,
1199 5485 1300 5549 elem
1327 5487 1426 5548 Petro
1450 5485 1604 5566 episcopo
1632 5489 1740 5550 Ascu-

99 5597 231 5669 llllenter
267 5597 439 5660 extraneis
459 5595 673 5669 exhibemus,
697 5595 890 5658 discretioni
944 5584 1033 5655 lano,
1048 5585 1110 5646 etc·

273 5773 391 5820 naraon.
410 5761 532 5819 rosuli.
1538 5747 1565 5808 ⁶·
