3960 6304
283 303 343 362 439
629 301 682 361 ul:
705 299 836 362 PRIMO
859 299 1035 364 HONORII
1058 299 1103 360 111
1126 299 1429 364 PONTIFICATUS
1450 303 1579 364 ANNO.
1849 317 1892 374 lle
1949 321 1950 328 ’

284 461 364 534 pueri
389 467 518 518 sanatam
533 459 678 518 civitatem
697 460 750 518 soli
776 458 946 516 liberabunt.
970 457 1079 516 Pariter
1171 460 1203 518 ln
1215 459 1296 518 ltalia
1308 460 1894 534 44444444444444144444444444444444

285 557 445 616 sentiebant
460 558 508 630 qui
528 557 613 629 paule
635 563 698 630 post
717 555 825 614 ebitum
850 555 968 614 lionorii
988 561 1077 614 lotam
1132 560 1231 626 tentat,
1241 559 1302 614 sive
1317 558 1346 614 iu
1358 558 1499 627 insubria,
1513 557 1562 616 ubi
1576 559 1660 618 civile
1674 559 1776 618 bellum
1792 563 1894 636 4444444,

285 656 396 714 ltaliam
418 656 599 727 repleverunt
625 655 825 728 flagellantes.
851 655 916 726 lpse
947 652 1077 711 Pontilex
1132 651 1193 710 sive
1207 653 1282 726 apud
1297 656 1525 724 Beneventanos,
1541 658 1602 714 sive
1615 656 1691 730 apud
1706 659 1845 718 patavinus
1859 665 1895 733 qui

287 754 393 828 pluries
416 751 495 823 dixit,
513 753 542 810 44
565 751 626 810 4444
649 751 759 822 litteris,
779 753 820 809 uti
835 751 974 809 videbitur
992 750 1076 821 inlra,
1132 755 1236 808 statuta
1252 751 1375 808 tulerant
1389 754 1525 812 Eeeleslse
1535 753 1657 812 libertati
1673 755 1758 812 nimis
1770 761 1895 818 contraria.
1949 745 1950 752 ἵ

283 853 399 908 Terram
424 851 558 908 Sauetam
578 865 642 907 esse
666 848 829 908 4444411444
848 848 1026 919 traditam,«
1049 848 1077 905 44
1168 849 1804 926 memorandumquelueramluglornm
1812 857 1897 928 regina

284 948 467 1021 exigentibus
492 947 618 1020 peesatis
646 948 751 1004 nostris
768 969 791 1004 ι.
815 946 871 1006 Sed
897 945 942 1004 llis
964 953 994 1004 el
1015 946 1078 1004 aliis
1132 960 1249 1003 eausam
1264 948 1391 1020 suscipit,
1402 957 1535 1006 44444444
1546 950 1694 1024 pactiones
1705 949 1741 1007 44
1752 949 1813 1008 dole
1823 953 1895 1010 initas.
1949 981 1950 1004 2

284 1045 424 1104 similibus
434 1045 529 1104 verbis
544 1044 626 1102 abusi
636 1052 703 1104 suut
717 1045 842 1103 sectarii.
1133 1045 1266 1102 Blaneam
1286 1060 1398 1118 quoqne
1412 1047 1576 1121 Campania
1599 1048 1773 1106 comitissam
1789 1048 1898 1108 44444444

319 1143 402 1202 Unde
415 1159 473 1202 uon
483 1145 576 1202 solum
586 1144 659 1202 bella
670 1151 729 1202 tam
741 1151 857 1202 externa
866 1157 953 1216 quam
966 1143 1077 1200 iuterna
1133 1142 1272 1200 Erardum
1288 1141 1422 1214 defendit,
1433 1159 1497 1218 qus
1506 1151 1568 1203 4444
1580 1144 1687 1204 Sanolri
1700 1147 1775 1219 regis
1790 1148 1898 1206 11444444

285 1242 574 1314 perlismesoehantur
589 1249 617 1299 el
636 1243 665 1298 in
677 1241 812 1300 sooielale
829 1241 905 1300 civili
924 1242 1076 1310 novitates,
1133 1254 1223 1298 soror.

285 1341 335 1400 444
348 1342 419 1398 44444
433 1341 497 1397 41144
509 1341 556 1412 qui
571 1338 740 1398 videbantur
753 1339 859 1398 bouum
874 1339 1008 1412 persequi
1022 1354 1080 1396 ma·
1169 1337 1277 1396 Eodem
1294 1353 1379 1408 anuo,
1393 1339 1528 1398 institutae
1547 1353 1563 1396 a
1578 1339 1607 1397 S.
1624 1340 1773 1398 Domiuieo
1784 1341 1899 1414 religiose

284 1439 345 1496 litia
354 1437 457 1496 erroris
470 1439 605 1512 paulatim
618 1437 790 1512 serpebatet
801 1436 995 1510 gradiebatur.
1004 1437 1080 1494 Talis
1134 1433 1290 1508 disciplinae
1310 1435 1430 1494 formula
1444 1436 1479 1495 ab
1496 1437 1634 1508 Honorio,
1647 1438 1807 1511 apostoliea
1823 1447 1898 1496 aueto-
1949 1463 1950 1518 p

286 1541 347 1592 erat
359 1535 479 1610 publice
490 1536 532 1592 rei
545 1543 637 1594 slatus
653 1550 741 1608 quum
759 1535 943 1593 Innocentius
958 1535 999 1594 lll
1015 1549 1077 1591 mo·
1134 1535 1217 1590 ritate
1228 1533 1423 1592 eeulrrmatur.

286 1631 368 1702 ritur,
384 1634 429 1692 vel
444 1649 530 1706 quum
547 1633 689 1691 llonerius
704 1635 743 1691 lll
758 1633 784 1690 ei
794 1647 944 1690 suoeessor
953 1632 1078 1705 eligitur.
1170 1633 1291 1704 lioperto
1308 1632 1405 1701 etiam,
1421 1639 1494 1690 teste
1513 1633 1647 1704 limonio,
1660 1647 1779 1706 corpora
1793 1633 1818 1690 S.
1829 1634 1900 1690 lilexi
1949 1633 1950 1704 ξ

323 1729 465 1787 Stetimus
477 1729 676 1788 Pontilleatum
687 1719 860 1804 adeptus'est
871 1729 1013 1788 llouorius
1027 1731 1078 1796 111,
1135 1735 1163 1784 44
1180 1727 1329 1799 Bonisaeii,
1343 1730 1373 1787 iu
1388 1744 1489 1788 eorum
1508 1731 1642 1802 eeclesia,
1662 1733 1770 1802 Romae,
1785 1731 1811 1788 44
1825 1737 1900 1788 monle
1949 1707 1950 1724 ¹

286 1825 323 1884 de
337 1842 389 1884 sua
401 1828 580 1901 promotione
597 1827 734 1885 certiores
749 1827 814 1885 lecit
833 1843 884 1898 per
895 1827 1003 1884 litteras
1021 1833 1080 1884 lum
1136 1826 1290 1884 Aventino.

287 1925 433 2000 praesules,
450 1933 511 1982 tum
526 1925 677 1998 religiosos
691 1927 779 1994 vires,
794 1933 856 1984 tum
866 1932 989 1999 regeset
1002 1925 1080 1998 priu-
1171 1925 1203 1981 14
1216 1924 1305 1982 Gallia
1325 1923 1495 1997 repullulare
1510 1925 1573 1983 sisa
1585 1934 1629 1983 est
1652 1923 1771 1984 audacia
1786 1924 1898 1997 4144444-

287 2023 383 2095 elpes,
406 2029 434 2080 44
457 2021 726 2096 ierosolymitanum
748 2037 863 2096 regem,
883 2023 957 2096 apud
981 2038 1083 2082 omnes
1136 2018 1221 2078 sium.
1237 2021 1310 2080 Nam
1322 2020 1506 2095 llaymundus
1514 2021 1621 2094 junior,
1630 2024 1769 2082 societate
1781 2022 1843 2079 inita
1853 2035 1901 2077 eum

288 2127 460 2192 protestatus
481 2135 538 2177 444
563 2135 613 2194 per
634 2129 755 2178 mortem
780 2121 941 2178 iunocentii
963 2135 1080 2180 omnem
1136 2119 1372 2188 Massiliensibus,
1388 2133 1453 2176 eum
1472 2120 1725 2178 Aveuioneusibus
1740 2126 1768 2177 44
1786 2119 1841 2176 41444
1853 2118 1900 2175 lini·

287 2231 353 2274 esse
366 2216 489 2275 ablatam
505 2232 586 2290 spem
599 2217 788 2290 expeditionis
800 2219 1009 2278 transmarinae.
1086 2247 1090 2254 ‚
1137 2219 1224 2289 timis,
1241 2215 1435 2278 4144414444444
1453 2218 1609 2292 superavit,
1623 2216 1701 2290 apud
1716 2216 1848 2275 civitatem
1857 2215 1902 2272 llsl·

322 2313 366 2373 lll
381 2315 535 2372 Galliarum
547 2315 698 2388 episcopos
711 2316 868 2387 praesertim
883 2316 988 2385 scribit,
1011 2331 1083 2389 quos
1137 2315 1306 2389 liquatlrum.
1327 2316 1388 2385 Quo
1409 2313 1485 2372 laeto
1501 2314 1627 2388 sagello,
1645 2316 1742 2388 plures
1759 2312 1902 2372 4414444444

288 2411 453 2470 adhortatur
467 2413 638 2470 ulomnium
655 2413 766 2470 animos
787 2415 920 2471 44444444.
934 2416 970 2472 Ε4
982 2415 1010 2471 44
1024 2421 1082 2472 4444
1137 2421 1242 2470 seculae
1265 2420 1340 2482 suut,
1361 2411 1428 2470 dum
1453 2412 1544 2484 ipsam
1565 2412 1700 2470 Tolosam
1727 2410 1780 2469 silli
1794 2411 1903 2468 alienaret

288 2509 335 2566 illo
350 2509 442 2581 prime
458 2524 544 2578 auno,
564 2515 640 2568 totus
662 2517 704 2567 est
728 2509 764 2568 44
782 2511 975 2585 comparanda
990 2511 1082 2570 subsi·
1137 2509 1316 2580 llonlortius,
1335 2525 1433 2582 quum,
1457 2509 1595 2567 exhausta
1625 2509 1748 2583 peeunia
1760 2509 1789 2566 in
1802 2506 1902 2565 4444444

287 2606 335 2664 dia
345 2607 438 2664 Terrae
451 2608 571 2666 Sanetae.
1138 2608 1276 2667 bellorum
1302 2609 1458 2682 impensas,
1487 2607 1632 2665 civitatem
1662 2608 1778 2680 triginta
1807 2604 1903 2662 milliens

324 2707 436 2763 1444444
456 2702 606 2763 defunctus
619 2713 662 2763 est
674 2705 829 2779 imperator
843 2708 1081 2782 Constantinope·
1139 2720 1298 2764 marearum
1312 2706 1470 2762 muletavit.

288 2802 394 2860 litanus
418 2804 569 2872 lleurious,
590 2803 618 2859 44
640 2803 721 2876 eujus
741 2807 833 2863 laeum
857 2806 957 2864 Petrus
987 2820 1084 2864 eomes
1174 2806 1241 2862 liaeo
1251 2812 1293 2861 est
1307 2803 1397 2860 series
1412 2800 1550 2862 laetorum
1570 2801 1606 2860 ad
1629 2802 1755 2876 primum
1767 2799 1903 2860 llouoriilll

186 2926 190 2934 ·
288 2898 556 2958 Autissiodorensis.
570 2899 677 2972 (Pierre
690 2901 726 2958 (la
736 2901 898 2978 Courlenai)
915 2902 1039 2977 eiigitur.
1139 2901 1323 2960 Pontilleatus
1335 2915 1442 2958 annum
1458 2901 1671 2973 pertinentium.
1681 2899 1736 2958 Sed
1745 2898 1902 2971 maiestatem,

325 2996 420 3054 Evlta
444 2998 530 3055 oessit
548 2999 636 3056 etiam
656 2998 710 3056 hoe
725 3015 802 3074 4444
824 3003 950 3058 loannes
972 3001 1084 3076 Augilas
1139 3007 1167 3058 44
1182 2998 1407 3074 amplitudinem,
1417 3013 1451 3056 ae
1462 2996 1631 3072 dignitatem
1644 2997 1772 3056 historie
1784 3011 1834 3053 nen
1846 2995 1903 3050 iure·

290 3108 349 3152 rex.
378 3093 469 3167 llujus
494 3095 583 3152 lilium
612 3097 777 3167 llenrieum,
808 3097 901 3157 adhue
934 3098 1083 3173 parvulum
1139 3098 1272 3157 nieudam
1293 3105 1370 3172 puto,
1393 3097 1451 3156 uisi
1471 3099 1500 3158 44
1519 3097 1590 3170 ipsis
1604 3096 1742 3169 genuinis
1755 3090 1903 3153 documentis

290 3191 418 3249 Pontifex
433 3193 533 3265 recipit
551 3193 604 3251 sub
617 3207 669 3253 suo
681 3203 709 3253 et
720 3195 867 3254 beatorum
882 3197 1083 3270 Apostolorum
1137 3212 1202 3272 quae
1216 3196 1289 3254 inira
1301 3193 1457 3265 tradentur,
1470 3193 1580 3254 scilieet
1594 3195 1624 3252 in
1638 3195 1734 3267 primo
1745 3191 1903 3268 Epistularum

290 3289 366 3347 Petri
376 3296 404 3347 44
417 3290 497 3348 Pauli
512 3293 670 3364 patrocinio
687 3299 715 3350 el
726 3307 824 3366 regem
838 3293 935 3354 Gallim
950 3293 1082 3353 dehorta·
1139 3295 1272 3369 sequenti
1285 3295 1367 3353 libro.

290 3395 335 3446 tur
350 3387 385 3446 ab
399 3387 561 3448 invadenda
571 3391 730 3464 Anglerum
742 3398 827 3450 terra.
