3982 6302
8 521 10 544 V
108 424 158 486 393
582 418 730 487 ΧΧΧῙΙΙ.
745 453 786 470 -·
801 421 844 486 IN
868 419 996 485 FES'PO
1016 417 1241 488 ‘vincinam

1681 429 1740 490 394

107 587 422 660 praemonstrem,
435 538 677 650 nzisemcordtn
694 585 812 647 antem
825 585 890 646 Det
945 581 1086 646 assumit
1108 583 1237 646 animas
1257 584 1437 646 electorum
1457 585 1498 646 ad
1518 586 1652 648 coeleste
1674 604 1739 666 pa-

106 698 200 758 auper
224 697 362 746 manem
388 697 532 745 carnem
558 681 672 763 (Eccli.
702 698 797 754 xrrn,
823 680 886 762 12).
944 680 1072 744 latium.
1111 743 1114 750 ,
1671 675 1680 695 ”

108 777 325 839 Misericordia
338 777 490 839 dicitura
502 778 624 840 misero
635 777 745 848 corde,
759 777 890 854 qnando

984 779 1740 858 Undeinevangelio:Utcamceneritetpnt-

106 875 216 952 aliquis
229 874 330 937 habet
345 875 515 938 tristitiam
530 875 562 936 et
576 875 724 936 dolorem
739 875 773 934 in
791 873 890 936 corde
943 877 1075 939 caverit
1084 878 1264 951 confestim
1271 879 1432 952 aperiant
1443 882 1475 940 ec·
1486 877 1579 958 (Luc.
1595 896 1656 952 ιιιι,
1672 882 1738 958 36).

106 989 143 1034 ex
164 972 274 1034 aliena
295 973 441 1034 miseria.
466 972 556 1044 Quod
583 970 726 1034 habebat
748 973 891 1048 Aposto-
944 974 1042 1036 Venit
1057 973 1188 1051 quando
1216 973 1287 1036 rult
1301 974 1447 1036 animam
1468 974 1586 1038 tollere
1606 976 1646 1038 de
1664 994 1740 1039 cor-

105 1071 159 1142 lus,
174 1087 247 1132 cum
271 1069 401 1132 dicebat
417 1092 425 1130 :
442 1073 524 1137 onir
543 1071 758 1142 tennemonn,
774 1069 807 1130 et
828 1084 890 1146 epo

106 1181 164 1229 non
185 1169 384 1240 infirmor...
402 1166 446 1246 (ΙΙ
461 1169 535 1229 Gor.
549 1182 595 1239 ιιι,
614 1166 687 1246 29)t
709 1167 887 1244 Sequitur:

105 1269 232 1326 Morem
245 1265 364 1328 entem
377 1265 535 1338 faciente.
559 1266 705 1341 Sponsus
724 1263 804 1326 iacit
818 1281 891 1326 mo-

104 1377 166 1424 ram
186 1363 221 1423 in
248 1361 356 1435 horto,
379 1361 527 1424 thalamo
554 1362 587 1424 et
607 1362 744 1440 palatio.
767 1362 889 1424 Hortus

103 1461 146 1522 est
171 1474 315 1536 superna
342 1459 535 1535 amaenitas;
561 1460 738 1532 thalamus
764 1460 890 1521 aeterna

99 1557 302 1635 jucunditas;
330 1557 501 1636 palatium,
522 1557 599 1618 coeli
628 1557 718 1620 tertii
750 1557 889 1634 specio-

102 1656 186 1717 sitas.
276 1668 278 1672 ·

137 1753 312 1830 Sequitur:
328 1753 616 1815 Domnitaoernnt
630 1768 749 1816 ornnes
759 1753 792 1816 et
804 1755 889 1814 der-

101 1852 258 1912 nrennt.
285 1851 471 1912 Dormitare
489 1850 540 1911 est
557 1851 717 1928 quantum
739 1849 779 1911 ad
800 1849 891 1912 litte-

101 1962 163 2008 ram
187 1949 265 2009 ante
281 1947 513 2009 dormitionem
541 1949 672 2009 nutare.
703 1947 889 2008 Secundum

99 2045 300 2120 spiritualem
315 2061 450 2106 sensum
464 2045 644 2106 dormitare
668 2045 744 2106 ante
764 2044 891 2106 dormi-

100 2141 213 2204 tionem
241 2143 295 2204 est
317 2142 481 2204 infirmari
505 2144 581 2203 aute
608 2144 758 2204 mortem.
774 2145 891 2203 Medic

97 2239 315 2301 arctemnocte
324 2239 644 2314 ctnmorsaetnsest,
659 2237 767 2299 media
781 2238 887 2310 nocte,

98 2335 181 2396 nullo
195 2336 335 2398 sciente.
360 2335 496 2412 Triplex
524 2338 651 2397 clamor
678 2335 890 2397 annuntiabit

96 2431 270 2496 adventum
297 2433 411 2511 sponsi
433 2454 441 2493 ε
460 2433 597 2510 clangor
616 2433 798 2505 turbarum,
824 2449 890 2493 vox

96 2531 299 2605 angelorum,
316 2532 423 2592 motus
438 2531 686 2592 elementorum.
704 2533 750 2592 De
762 2529 889 2591 duobus

96 2627 204 2700 primis
219 2629 257 2689 iu
274 2625 448 2704 e'vangelio
464 2650 471 2688 :
487 2629 602 2690 Mittet
618 2632 727 2689 Filius
740 2630 889 2690 bominis

95 2729 227 2799 anpelos
260 2739 343 2786 snos
379 2740 457 2785 cnm
489 2725 568 2786 tuoe
596 2725 630 2786 et
655 2739 736 2786 voce
759 2738 888 2800 meone

95 2817 220 2896 (Mattlr.
248 2839 343 2894 xxiv,
364 2819 429 2901 31).
451 2824 497 2882 De
515 2821 612 2882 tertio
633 2821 667 2882 in
679 2824 801 2898 aggaeo
816 2836 889 2898 pro·

93 2915 186 2990 pheta
198 2934 206 2978 :
218 2922 309 2980 Ecce
322 2933 387 2994 epo¹
402 2918 541 2978 movebo
555 2921 677 2978 coelnrn
691 2918 724 2979 et
741 2918 886 2990 terrem,

93 3013 123 3072 et
134 3029 232 3076 mare
248 3016 284 3077 et
298 3018 437 3076 aridem
457 3012 552 3094 (Agg.
571 3031 608 3082 ιι,
624 3011 690 3092 222.
709 3013 886 3091 Sequitur:

95 3109 179 3170 rane
201 3110 444 3173 surreoeerunt
482 3125 601 3172 ornnes
631 3112 786 3186 viraines
811 3113 887 3181 ilice,

90 3206 242 3270 videlicet
257 3224 278 3269 a
294 3209 409 3282 morte,
425 3207 482 3272 blc
493 3209 581 3272 enirn
597 3207 707 3283 agitur
720 3207 762 3268 de
779 3223 890 3268 resur·

90 3305 245 3368 rectione.
275 3307 321 3368 nt
349 3307 565 3367 ornaverant
590 3309 765 3380 mmpodes
792 3320 885 3366 snas.

90 3401 271 3479 lampades
287 3418 408 3464 ornare
423 3404 473 3466 est
486 3402 573 3467 bona
589 3417 690 3479 opera
705 3403 746 3463 ad
759 3417 888 3464 memo-

89 3497 168 3563 riam
206 3515 381 3562 rovocare.
419 3501 532 3562 Fatuae
565 3500 676 3560 autem
706 3499 886 3563 dixerunt:

87 3594 887 3675 Detenobtsdeoleooestro.Tuncnonloquendo

88 3689 202 3768 dicent,
221 3695 284 3756 sed
298 3693 529 3767 desiderando,
546 3695 634 3756 Date
646 3697 742 3756 nobis
757 3697 798 3755 cle
817 3699 887 3755 oleo

945 1086 1035 1149 pore.
1052 1070 1169 1133 Pulsat
1182 1070 1313 1148 quando
1338 1087 1416 1133 caro
1431 1072 1625 1135 molestatur
1634 1075 1738 1151 aegri-

944 1168 1071 1230 tudine.
1088 1167 1268 1230 Confestim
1285 1167 1451 1244 illiaperit
1463 1170 1519 1247 qui
1531 1186 1605 1231 curn
1620 1171 1741 1246 gaudio

944 1265 984 1326 de
999 1280 1138 1342 corpore
1153 1264 1231 1337 exit,
1242 1266 1275 1327 et
1284 1265 1325 1326 ad
1338 1268 1442 1326 Deum
1452 1266 1554 1328 vadit.
1570 1267 1632 1328 Sed
1644 1267 1741 1345 pauci

944 1362 1023 1424 sunt
1034 1362 1132 1424 hodie
1148 1361 1205 1440 qui
1228 1362 1303 1424 laeto
1328 1363 1439 1424 animo
1463 1363 1678 1440 egrediuntur
1701 1366 1742 1426 de

945 1475 1094 1537 corpore,
1114 1460 1149 1522 et
1171 1459 1276 1522 velint
1290 1463 1393 1522 Deum
1421 1461 1534 1523 ridere
1561 1478 1657 1538 quem
1677 1461 1742 1524 sibi

945 1557 1070 1622 conscii
1090 1559 1167 1619 sunt
1189 1558 1225 1618 in
1245 1557 1358 1620 multis
1377 1557 1569 1620 offendisse.
1594 1562 1741 1636 Sponsus

944 1655 1055 1717 veniet
1065 1655 1100 1716 in
1114 1654 1237 1728 futuro,
1252 1656 1383 1732 quando
1395 1656 1662 1734 venietjudicare
1674 1674 1740 1719 sae-

945 1753 1055 1814 culum
1069 1769 1130 1831 per
1140 1753 1261 1829 ignem.
1275 1753 1315 1814 nt
1325 1769 1447 1831 sponsa
1460 1754 1553 1816 venit
1568 1771 1641 1816 cum
1655 1755 1739 1832 ipsc,

944 1850 1023 1927 quia
1037 1865 1151 1911 omnes
1167 1851 1273 1913 sancti
1286 1850 1492 1928 apparebunt
1498 1851 1532 1924 ip
1542 1851 1649 1928 gloria
1665 1869 1741 1912 cnm

945 1947 1027 2024 ipsc.
1042 1947 1134 2010 Unde
1143 1946 1337 2009 Zacharias:
1352 1949 1741 2010 VentetDorntnnsDcns

944 2045 1739 2125 neas,cromnessacetrejmeumeo(zaen.mv,

944 2139 989 2219 5),
1003 2142 1119 2203 ettunc
1130 2143 1399 2218 omnesvirgines
1411 2142 1510 2204 fatuae
1521 2143 1553 2205 et
1563 2143 1741 2220 prudentes

944 2239 1082 2300 exibunt
1103 2239 1143 2301 de
1165 2240 1387 2303 monumentis
1409 2240 1541 2302 obviam
1561 2255 1682 2317 sponso
1708 2242 1741 2302 et

944 2351 1086 2414 sponsae.

983 2434 1013 2495 N
1017 2449 1059 2495 on
1076 2433 1170 2495 ibunt
1184 2449 1322 2510 corpore
1338 2433 1395 2495 sed
1414 2433 1533 2496 mente.
1550 2433 1740 2511 Tripliciter

944 2528 1153 2591 ambulamus
1177 2532 1286 2592 mente
1302 2552 1309 2590 ι
1324 2530 1535 2607 cogitatione,
1556 2531 1737 2603 voluntate,

944 2627 977 2689 et
995 2627 1176 2688 intellectu.
1191 2625 1251 2688 His
1271 2627 1407 2688 enimin
1422 2627 1588 2689 momento
1604 2628 1740 2688 univer-

944 2741 1056 2785 sorum
1072 2723 1230 2785 mundum
1249 2725 1485 2803 percurrimus.
1506 2724 1603 2786 Ibunt
1627 2741 1737 2786 emere

944 2819 1022 2897 quia
1059 2818 1251 2896 cogitabunt
1289 2819 1321 2880 et
1355 2819 1543 2896 intelligent
1576 2819 1739 2896 quomodo

944 2917 1085 2979 emerint
1097 2916 1137 2977 ab
1153 2917 1342 2978 hominibus
1357 2917 1410 2977 vei
1423 2917 1638 2978 daemonibus.
1652 2917 1740 2978 Emit

943 3012 984 3074 ab
995 3013 1184 3075 bominibus
1201 3013 1257 3090 qui
1272 3013 1329 3074 dat
1343 3027 1482 3074 munera
1495 3012 1736 3075 adulatoribus

943 3110 1058 3172 Emita
1074 3108 1279 3171 daemonibus
1291 3111 1348 3188 qui
1363 3110 1419 3171 dat
1433 3109 1579 3187 seipsum
1592 3109 1736 3182 diabole,

943 3204 1002 3285 pro
1015 3208 1171 3285 peccatis.
1188 3208 1288 3270 Venit
1302 3223 1454 3285 sponsus,
1469 3207 1546 3285 quia
1567 3207 1740 3285 apparebit

943 3305 1103 3368 Christus.
1121 3306 1160 3368 nt
1172 3323 1244 3383 qnae
1260 3306 1384 3384 paratae
1399 3307 1506 3378 erant,
1521 3306 1618 3379 idest,
1634 3307 1738 3368 ador-

943 3405 1029 3465 natae
1044 3403 1140 3465 bonis
1156 3403 1322 3481 operibus,
1333 3403 1544 3466 intraverunt
1556 3420 1631 3465 cum
1646 3420 1685 3466 eo
1697 3404 1738 3464 ad

942 3501 1087 3578 nuptias,
1097 3501 1193 3575 idest,
1202 3501 1242 3562 ad
1254 3500 1407 3565 coelestes
1415 3501 1564 3563 delicias.
1577 3502 1739 3582 Ettclausa

942 3598 993 3660 est
1002 3601 1117 3676 janua.

982 3696 1118 3774 Triplex
1138 3696 1300 3773 estjanua
1327 3694 1433 3771 regni,
1462 3710 1535 3773 quae
1563 3694 1738 3757 claudetur

86 3793 208 3865 cestro,
227 3792 328 3865 idest,
351 3792 593 3854 communicate
616 3790 712 3853 nobis
734 3791 886 3852 charita·
942 3791 1138 3854 damnandis
1155 3812 1162 3852 :
1179 3790 1334 3868 baptismi
1347 3792 1465 3867 gratia,
1485 3792 1691 3869 poenitentia,
1706 3795 1740 3856 et

86 3887 143 3948 tem
159 3895 326 3963 rostram,
343 3890 414 3952 sive
433 3888 709 3950 misericordiam.
734 3891 888 3964 Respon—
942 3890 1055 3952 dirina
1070 3889 1310 3950 misericordia.
1320 3892 1367 3950 De
1381 3889 1486 3966 prima
1499 3889 1535 3950 in
1545 3891 1737 3966 evangelio:

84 3987 208 4048 damni
220 3987 416 4064 praedantes
437 3986 606 4048 dicentes:
621 3987 674 4047 Ne
699 3985 791 4060 sorte
817 4000 886 4046 non
943 3986 1020 4046 Ntst
1034 3987 1092 4058 enti
1103 3983 1366 4058 renntnsfnertt
1383 3998 1430 4046 eac
1444 3999 1535 4058 apua
1552 3985 1587 4046 et
1604 3985 1739 4060 Spiritu

82 4085 232 4159 sufficiat
258 4088 357 4146 nobis
384 4085 417 4145 et
441 4087 545 4146 eoois.
576 4081 668 4144 Nihil
696 4083 785 4144 enim
808 4082 887 4144 tunc
941 4082 1077 4154 Sancto,
1094 4095 1164 4142 non
1181 4081 1296 4157 potest
1308 4081 1445 4143 entrare
1461 4084 1498 4142 tn
1512 4096 1660 4158 reanum
1674 4085 1739 4144 Dei

83 4181 231 4254 proderit
256 4180 455 4243 damnandis
475 4180 607 4257 justitia
628 4178 807 4251 bonorum,
826 4195 887 4241 nec
942 4176 1186 4259 (noemma).
1218 4181 1264 4240 De
1286 4178 1431 4240 secunda
1457 4177 1580 4265 ibidem
1597 4201 1604 4240 ε
1619 4184 1741 4242 Peent-

82 4277 254 4341 salvandis
284 4277 418 4340 uocebit
454 4277 582 4339 malitia
616 4277 818 4355 iniquorum.
848 4277 887 4338 nt
942 4278 1087 4339 tentiam
1109 4277 1211 4353 nette,
1241 4277 1532 4352 appropinquavit
1564 4279 1657 4339 enim
1682 4292 1742 4339 re-

82 4373 150 4437 ideo
166 4377 260 4440 hene
277 4377 435 4438 dixerunt
451 4397 459 4435 ε
473 4376 550 4436 ‹Ne
565 4374 649 4436 torte
659 4391 725 4436 non
741 4373 887 4436 sufficiat
940 4389 1048 4450 pernen
1068 4379 1232 4436 craterum
1248 4372 1379 4453 (Matth.
1405 4389 1455 4446 ιιι,
1471 4372 1517 4453 2).
1534 4376 1580 4435 Do
1590 4375 1689 4437 tertia
1702 4375 1738 4436 iu

81 4473 171 4536 nobis
197 4477 234 4538 et
251 4474 359 4547 vobis,
381 4474 427 4535 ite
446 4473 556 4550 potius
586 4471 627 4533 ad
655 4471 835 4534 vendentes
854 4471 887 4534 et
941 4471 1068 4549 psalmo
1085 4492 1092 4531 :
1108 4474 1151 4531 ln
1168 4471 1387 4532 multitudine
1411 4474 1662 4534 misericordiae
1684 4475 1741 4534 tn-

82 4571 340 4635 emitevobis»
942 4569 1051 4630 trotbo
1075 4572 1113 4630 tn
1140 4572 1279 4629 dornccnn
1309 4568 1405 4628 tnarn
1434 4565 1503 4646 (Ps.
1528 4569 1558 4639 5,
1588 4565 1634 4650 8).
1660 4571 1740 4631 Haec

114 4671 238 4732 Oleum
261 4667 378 4730 mundi
399 4668 450 4730 est
474 4667 571 4729 iaror
590 4666 809 4740 adulantium,
832 4665 886 4729 vel
937 4669 1041 4744 janua
1057 4665 1230 4728 claudetur
1253 4664 1428 4736 damnatis,
1446 4665 1599 4741 quianec
1613 4665 1741 4744 baptis-

81 4769 206 4840 peccati
249 4765 538 4828 delectamentum.
580 4765 735 4826 Vendunt
777 4764 886 4826 oleum
942 4761 1427 4840 muspatebit,necpoenitentia
1442 4761 1737 4839 acceptabiliserit,

79 4863 277 4928 adulatores
294 4865 326 4926 et
338 4863 515 4924 daemones.
532 4863 607 4924 Non
624 4864 675 4924 est
691 4862 885 4939 putandum,
941 4876 1002 4921 nec
1028 4857 1258 4920 misericordia
1289 4859 1349 4920 Dei
1380 4857 1481 4920 saciet
1507 4860 1740 4922 remissionem

80 4965 159 5036 qnod
176 4963 369 5041 prudentes
380 4961 529 5036 virgines
543 4960 610 5022 tale
626 4960 802 5022 consilinm
824 4958 886 5020 da·
941 4959 1164 5035 peccatorum.

78 5062 157 5132 rent,
187 5060 253 5122 sed
279 5058 365 5136 quod
381 5073 438 5119 eas
454 5057 494 5119 de
510 5058 664 5134 pecccato
680 5073 740 5118 suo
765 5073 888 5135 expro-
918 5135 921 5146 ¹
980 5057 1177 5118 Novissime
1191 5068 1275 5115 nero
1298 5055 1443 5116 veniunt
1458 5055 1492 5118 et
1506 5059 1649 5130 reliquae
1663 5061 1742 5120 otr-

78 5152 244 5230 laverint,
270 5172 311 5216 ac
337 5155 366 5215 si
380 5157 504 5232 'aperte
525 5154 695 5218 dicerent:
713 5155 887 5218 Attendite
940 5155 1049 5228 eines.
1064 5150 1211 5213 Veniunt
1229 5166 1289 5227 per
1307 5151 1541 5227 cogitationem
1561 5154 1595 5217 et
1608 5155 1742 5216 deside-

78 5259 154 5325 pnr'd
176 5257 284 5317 vobis
293 5253 469 5328 proruent
488 5255 591 5327 favor
604 5253 819 5314 adrdcnttann
835 5257 888 5314 cel
940 5250 1740 5329 rium=Dominellorntne,epemnobispanuam,

77 5354 206 5422 peccate·
228 5350 532 5420 delectamentum,
548 5351 637 5423 peccel
657 5349 887 5411 vendiderunt
942 5345 1105 5418 videlicet,
1116 5346 1321 5422 poenitentiae
1332 5349 1364 5409 et
1375 5347 1677 5412 misericordiae.At
1685 5351 1742 5412 ille

78 5451 256 5512 darnones
273 5447 306 5507 et
320 5449 642 5522 maltpntnomtnes.
659 5450 751 5508 Dum
770 5447 888 5508 antem
943 5443 1161 5520 respondens,
1190 5445 1238 5505 ait
1266 5461 1274 5505 :
1300 5447 1425 5506 Nescio
1455 5460 1526 5517 voc,
1555 5445 1652 5520 idest,
1676 5465 1743 5509 non

80 5548 166 5607 irent
195 5545 448 5616 emanaverat
473 5557 630 5618 sponsans.
663 5545 810 5620 Sponsus
838 5543 888 5604 est
942 5539 1087 5618 approbo
1107 5555 1166 5601 vos
1181 5541 1234 5602 vel
1252 5541 1362 5603 laudo.
1388 5542 1541 5616 thtlete,
1558 5547 1640 5617 pute
1659 5561 1743 5607 nes-

80 5645 246 5706 Christus.
274 5642 402 5717 Sponsa
423 5641 475 5702 est
498 5640 647 5701 Ecclesia
675 5655 748 5717 quae
769 5640 889 5702 trium-
941 5641 1019 5699 citis
1038 5641 1139 5710 diem,
1160 5652 1270 5712 neque
1287 5643 1420 5700 boram.
1437 5638 1529 5699 Nihil
1547 5641 1636 5701 enim
1659 5641 1743 5705 bora

80 5741 208 5824 phallu
226 5736 339 5802 coelis.
364 5740 513 5816 Sponsus
530 5738 621 5804 venit
638 5736 734 5799 modo
756 5737 887 5814 quando
943 5735 1058 5797 mortis
1077 5734 1248 5806 incertius,
1267 5749 1341 5796 cum
1356 5733 1404 5794 nil
1419 5735 1525 5797 morte
1545 5737 1589 5798 sit
1603 5739 1740 5802 certius.
