3984 6306
45 389 100 458 sos
371 393 618 456 11111-111
640 353 983 458 rasrnmrnmans
1004 396 1325 459 nrosnonoaon.
1611 401 1672 463 aio

45 553 142 616 tardes
164 550 299 614 beatam
320 565 417 626 sporn
441 553 477 614 et
495 552 681 616 adventium
704 556 824 630 adortae
879 554 912 617 et
938 553 1106 617 immobile
1138 553 1387 618 fundamentum
1412 553 1581 627 Ecclesiae,
1615 557 1672 635 qui

43 652 224 727 1111111111
238 647 316 729 (Tit.
331 665 369 724 11,
388 647 452 728 13).
474 650 597 713 0111111
611 651 824 714 istulerusa-
878 652 985 730 inquit
1008 669 1016 708 ε
1048 653 1175 716 Parati
1201 657 1348 716 reddere
1376 655 1552 717 rationem
1577 657 1673 717 mnnl

44 751 97 811 lem
120 749 226 808 cincta
250 749 323 808 erat
349 748 475 824 triplici
495 763 665 810 murorum
685 749 821 812 ambitu.
873 755 1026 825 poscenti
1053 754 1095 812 de
1130 767 1173 814 ea
1195 767 1271 826 111
1294 756 1331 814 tn
1353 756 1450 815 uobis
1473 755 1526 814 est
1549 755 1616 826 fide
1639 753 1675 814 et

46 847 123 910 Unde
141 846 263 921 legitur
282 845 317 906 in
339 844 424 907 libro
442 848 580 922 Regum,
609 847 695 924 quod
718 847 824 908 Holda
877 864 937 923 spe
960 849 988 929 (Ι
1014 851 1103 911 Patr.
1128 864 1178 921 111,
1207 848 1271 928 15).
1296 851 1416 912 Contra
1440 866 1571 916 murum
1601 849 1673 928 spei

45 943 237 1023 prophetissa
253 959 338 1005 uxor
353 943 482 1004 Sellum·
493 943 664 1006 habitabat
672 945 708 1006 in
723 947 824 1007 Jeru-
879 947 1015 1024 opponit
1028 945 1130 1008 falsos
1146 947 1277 1018 iratres,
1292 948 1501 1010 dissuasores
1514 949 1547 1010 et
1561 948 1675 1012 adula-

45 1043 131 1104 salem
148 1041 184 1102 in
203 1040 359 1114 secunda,
383 1041 469 1102 idest
485 1041 520 1102 in
542 1041 687 1103 secundo
710 1058 825 1103 muro·
878 1044 979 1106 tores.
995 1045 1092 1107 Multi
1106 1044 1194 1106 enim
1208 1061 1251 1106 ex
1263 1045 1330 1106 illis
1345 1045 1478 1110 dicuntz
1498 1063 1517 1107 a
1532 1047 1611 1120 Quis
1624 1061 1675 1108 os-

45 1156 106 1202 rum
119 1138 254 1211 ambitu,
271 1138 312 1200 de
322 1154 386 1216 qua
398 1138 584 1216 sophonias
597 1139 727 1216 inquit:
746 1143 825 1202 1111-
878 1159 897 1203 1
918 1142 1022 1204 tendit
1050 1141 1146 1205 nobis
1170 1142 1257 1204 bona
1283 1142 1353 1216 illa,
1380 1159 1453 1221 quas
1473 1159 1534 1205 nec
1559 1143 1674 1205 oculus

44 1240 119 1300 11111
137 1251 160 1298 a
178 1239 339 1298 secunda.
358 1239 447 1298 Bene
463 1236 544 1299 dicit
560 1237 710 1299 adulatus
722 1253 745 1298 a
763 1251 823 1298 se·
879 1258 898 1301 c
917 1240 1011 1310 vidit,
1027 1256 1089 1304 nec
1103 1241 1195 1302 auris
1210 1240 1347 1313 audivit,
1373 1257 1434 1303 nec
1454 1240 1554 1303 etiam
1567 1241 1603 1302 in
1618 1256 1676 1301 cor

45 1337 150 1406 cunda
171 1333 250 1412 onnia
263 1333 387 1412 triplici
401 1351 497 1396 muro
513 1334 690 1397 roboratur
710 1336 824 1396 nostra
879 1353 897 1396 c
919 1335 1062 1398 hominis
1087 1336 1291 1399 ascenditst
1314 1333 1343 1414 (Ι
1362 1338 1436 1398 Cor.
1461 1351 1498 1410 n,
1523 1333 1571 1413 9.)
1594 1337 1675 1412 Spes

43 1430 233 1495 Jerusalem:
259 1431 336 1506 lide,
365 1447 422 1509 spe
444 1433 478 1493 et
500 1431 674 1493 charitate.
703 1433 741 1492 la
767 1447 824 1508 spe
880 1449 953 1511 quae
975 1432 1137 1507 differtur,
1161 1433 1281 1510 aflligit
1299 1434 1455 1496 animam.
1481 1436 1565 1495 Ecce
1587 1431 1676 1494 oculi

44 1531 138 1592 auum
158 1528 210 1591 est
231 1528 384 1606 planctus
405 1529 439 1591 ot
459 1528 616 1602 ululatus,
638 1526 716 1606 quia
740 1529 826 1591 sicut
880 1532 985 1593 nostri
1006 1532 1092 1593 nihil
1112 1532 1225 1594 vident
1251 1531 1290 1593 de
1316 1531 1371 1594 his
1396 1548 1468 1609 quae
1490 1546 1675 1609 speramus.

44 1627 111 1689 dicit
129 1627 306 1688 Salomon:
322 1629 407 1703 Spes
421 1641 499 1701 puae
518 1627 682 1703 differtur
694 1623 826 1704 'affltpn't
881 1629 944 1691 Sed
959 1629 995 1689 in
1009 1629 1072 1692 hoc
1085 1645 1180 1692 muro
1194 1631 1264 1692 tuta
1275 1630 1325 1692 est
1335 1630 1368 1692 et
1377 1630 1504 1691 munita
1515 1628 1674 1690 Ecclesia.

44 1723 486 1806 animum(Prov.x111,12).
504 1727 547 1787 111
567 1740 647 1801 ergo
666 1724 822 1798 diximus,
880 1727 986 1789 Habet
1007 1728 1095 1789 enim
1120 1729 1313 1804 magistrum
1338 1727 1495 1790 custodiae
1520 1727 1675 1804 peritum,

43 1839 142 1883 murus
158 1823 287 1900 pmmns
303 1823 353 1884 est
365 1822 446 1884 tides
458 1839 557 1901 quam
580 1837 711 1899 semper
725 1821 827 1884 debe-
879 1827 1040 1888 Joannem
1055 1825 1210 1888 videlicet
1223 1826 1318 1886 illum
1330 1825 1386 1903 qui
1400 1841 1474 1886 cum
1485 1839 1677 1902 suprapec-

42 1937 104 1980 mus
114 1920 290 1983 anteierre.
304 1921 397 1982 Unde
407 1921 583 1998 Apostolus
596 1937 603 1975 :
615 1923 826 2006 inmunibus
879 1925 933 1986 tus
949 1923 1081 1985 Domini
1096 1915 1134 1984 111Ι
1145 1939 1240 1985 coena
1259 1923 1422 1998 recubuit,
1441 1923 1482 1984 de
1501 1923 1573 2000 ipso
1589 1922 1678 1983 sonte

39 2017 404 2099 praeferentesscutum
419 2021 499 2092 ridet
515 2018 611 2098 (pr.
627 2033 671 2091 vr,
690 2017 753 2099 lu).
771 2021 827 2080 Se·
880 2022 1044 2084 Dominioi
1060 2023 1203 2098 pectoris
1215 2021 1412 2100 profundius
1427 2035 1551 2083 arcana
1564 2020 1679 2081 divina

42 2117 153 2178 candus
170 2117 347 2180 murusest
361 2133 447 2195 spes.
462 2118 536 2179 Non
548 2117 636 2178 enim
650 2131 826 2194 possumus
881 2119 1016 2197 patavii,
1040 2119 1072 2180 et
1093 2119 1133 2180 de
1156 2118 1303 2196 hisquae
1318 2117 1463 2195 gustavit
1484 2111 1579 2180 nobis
1600 2131 1680 2195 pro-

41 2215 139 2292 aliqua
150 2229 299 2293 sperare,
312 2215 379 2276 nisi
389 2215 481 2294 prius
497 2215 662 2276 credimus
672 2215 731 2275 illa
740 2230 824 2276 esse.
882 2217 974 2294 pinat
994 2216 1170 2295 inquiensr
1192 2219 1316 2290 Filiolt,
1340 2219 1492 2278 nondurn
1515 2215 1680 2290 apparuit
1782 2260 1785 2265 -

41 2315 80 2374 Ue
97 2313 156 2374 hoc
181 2328 276 2374 muro
295 2313 405 2391 inquit
420 2313 596 2391 Apostolus
619 2334 627 2373 :
649 2316 717 2386 Spe
739 2327 828 2389 paro·
880 2317 968 2390 qnod
992 2317 1238 2377 armonedum
1262 2314 1479 2390 apparuerit,
1495 2315 1626 2375 slmiles
1646 2313 1680 2373 et

39 2413 156 2473 dautes.
175 2411 307 2474 Tertius
327 2427 442 2473 murus
456 2411 530 2489 post
546 2410 646 2473 istum
667 2411 718 2472 est
741 2410 825 2471 cha·
881 2415 1014 2474 emenus
1029 2410 1059 2490 (l
1074 2415 1170 2474 ioan.
1187 2427 1237 2484 111,
1252 2409 1297 2491 2).

41 2509 121 2570 ritas.
144 2512 228 2572 Cum
249 2509 339 2572 enim
360 2509 526 2572 credimus
550 2508 663 2586 aliqua
684 2523 769 2580 esse,
795 2507 827 2570 et
922 2509 1044 2571 Contra
1058 2524 1189 2570 murum
1202 2508 1376 2570 charitatis
1390 2505 1583 2569 manifestos
1598 2521 1680 2582 per-

40 2623 202 2692 speramus
219 2623 281 2669 nos
295 2607 479 2680 habituros,
496 2607 674 2684 incipimus
692 2621 733 2668 oa
750 2605 828 2667 dili-
883 2609 1052 2669 secutores
1080 2606 1234 2684 opponit,
1269 2605 1298 2667 si
1333 2603 1418 2668 sorte
1444 2620 1539 2682 aquae
1568 2603 1680 2664 multae

40 2721 119 2781 gere.
135 2707 253 2769 misto
267 2721 382 2767 murus
403 2707 453 2767 est
466 2705 665 2766 eminentior
682 2704 715 2767 et
728 2703 829 2766 altior
883 2705 1079 2781 extinguere
1112 2704 1247 2767 valeant
1281 2701 1614 2766 charitatem-Unde
1646 2701 1681 2761 in

40 2804 179 2882 reliquis.
196 2804 291 2866 Unde
301 2805 501 2884 Apostolus:
518 2803 662 2864 «Adhuc
672 2803 828 2864 eminen-
883 2803 1010 2881 psalmo
1034 2825 1041 2863 :
1071 2806 1169 2878 Saepe
1190 2801 1481 2878 eupnrgnaoerunt
1503 2815 1559 2862 nae
1582 2802 1682 2873 aju-

41 2917 57 2959 1
75 2903 191 2964 liorem
213 2903 304 2964 viam
322 2900 416 2965 vobis
432 2901 631 2964 demonstro.
652 2902 687 2963 Si
705 2900 828 2977 linguis
883 2901 1023 2963 aentute
1036 2916 1115 2963 noea
1131 2899 1199 2980 (Ps.
1218 2901 1286 2973 128,
1311 2899 1354 2979 1).
1377 2898 1441 2961 Sed
1463 2898 1495 2961 et
1509 2897 1572 2959 hoc
1587 2911 1682 2958 muro

42 2999 244 3062 «hominum
261 3000 381 3078 loquar
399 3001 433 3061 et
452 3000 658 3076 angelorum,
682 2999 829 3060 charita·-
884 2999 1081 3075 magistrum
1095 2997 1255 3060 custodiae
1274 2996 1434 3059 habemus
1450 2996 1680 3058 exercitatum.

41 3097 133 3158 «hm
152 3097 268 3158 autem
284 3113 350 3158 non
365 3095 517 3169 habeam,
535 3095 640 3156 lactus
655 3111 728 3156 sum
740 3094 831 3156 velut
884 3097 994 3159 Fortis
1018 3096 1159 3158 bellator
1187 3097 1246 3169 est,
1278 3097 1311 3157 et
1336 3095 1486 3158 victoriae
1514 3093 1682 3155 multoties

41 3210 117 3254 aas
144 3209 285 3267 sonans,
324 3194 382 3256 aut
413 3193 591 3254 cimbalum
624 3192 781 3254 tinniens.
811 3209 830 3253 n
885 3195 1053 3271 expertus.
1071 3193 1192 3255 Saulus
1214 3192 1271 3254 ille
1290 3191 1347 3269 qui
1364 3193 1443 3254 olim
1465 3191 1528 3253 luit
1550 3190 1682 3267 spirans

41 3287 67 3368 (1
80 3293 148 3353 Cor.
172 3307 237 3364 111,
263 3289 329 3370 34.)
349 3291 413 3352 llic
433 3292 484 3352 est
504 3289 670 3351 funiculus
694 3289 828 3367 triplex,
886 3291 1052 3353 minarum
1079 3294 1113 3353 et
1135 3291 1235 3354 caedis
1262 3290 1297 3352 in
1324 3289 1505 3367 discipulos
1538 3286 1681 3360 Domini,

40 3389 89 3464 qui
100 3391 198 3466 juxta
213 3389 399 3465 sapientem
410 3387 544 3449 difficile
558 3387 734 3463 rumpitur.
886 3389 1002 3467 postea
1017 3390 1142 3452 Paulus
1153 3389 1260 3450 lactus
1276 3388 1407 3451 fortiter
1423 3386 1585 3464 pugnavit
1599 3402 1683 3447 con-

71 3485 174 3549 llabet
188 3487 223 3549 et
242 3486 314 3547 baec
336 3485 455 3547 civitas
474 3484 661 3548 Jerusalem
684 3484 833 3561 quatuor
886 3489 938 3548 tra
952 3487 1076 3550 bestias
1096 3487 1326 3564 Ephesiorum.
1350 3486 1460 3564 lnquit
1473 3486 1584 3548 enim:
1604 3486 1686 3550 Quis

39 3581 148 3657 latera,
177 3583 362 3645 secundum
389 3581 475 3660 quod
504 3581 587 3643 vidit
620 3584 638 3645 J
641 3596 767 3643 oannes
783 3581 832 3643 in
887 3601 949 3647 nos
963 3585 1138 3661 separabit
1151 3600 1174 3647 a
1187 3585 1358 3647 ehamtate
1371 3584 1499 3647 carna
1508 3587 1522 3644 1
1537 3583 1685 3644 11111111-

39 3682 246 3760 llpocalypsi.
258 3683 367 3743 Unum
377 3680 464 3741 latus
478 3681 528 3742 est
537 3679 723 3758 prudentia,
740 3678 832 3740 aliud
889 3683 947 3754 tto,
958 3698 1005 3744 an
1015 3683 1188 3759 enpustia,
1203 3699 1249 3744 an
1261 3682 1521 3756 persecutiaan
1531 3679 1686 3755 alodiusl

40 3781 83 3840 est
93 3779 329 3858 temperantia,
345 3779 480 3842 tertium
493 3777 660 3850 tortitudo,
678 3779 832 3854 parantum
887 3783 997 3858 (Rom.
1018 3794 1089 3851 vnn,
1110 3778 1177 3858 35.)
1204 3782 1354 3856 Ipsorum
1379 3779 1489 3839 autem
1515 3789 1685 3836 murorum

35 3878 169 3953 jnslitia.
196 3877 249 3940 Ad
276 3876 363 3938 hanc
386 3875 641 3953 expugnandam
669 3875 834 3937 uenerunt
888 3876 1138 3938 fundamentum
1161 3877 1211 3938 est
1232 3875 1327 3949 illud,
1353 3874 1393 3936 de
1417 3889 1481 3952 quo
1509 3871 1686 3950 Apostolus

39 3975 220 4053 Babylonii,
251 3975 338 4036 idest
364 3973 541 4035 daemones.
567 3972 715 4050 Babylon
743 3973 833 4034 enim
888 3975 936 4037 ait
967 3975 1279 4036 :luridamenturn
1313 3974 1407 4035 alind
1440 3985 1542 4033 nenne
1571 3968 1688 4045 potest

38 4071 184 4136 conlusio
214 4072 465 4150 interpretatur.
503 4070 596 4132 Unde
630 4071 832 4148 Apostolus:
886 4068 1686 4148 111111,1111111111011011111111111111

39 4186 54 4228 a
72 4171 145 4233 Non
158 4173 213 4234 est
223 4169 320 4232 nobis
333 4169 521 4232 colluctatio
532 4169 660 4230 tantum
673 4168 833 4230 adversus
890 4171 941 4232 est
955 4171 1111 4232 Chrtstus
1121 4173 1223 4232 desns
1234 4167 1263 4248 (Ι
1274 4169 1347 4230 Cor.
1360 4183 1409 4240 111,
1423 4165 1487 4246 11),
1498 4165 1594 4238 idest,
1605 4164 1687 4226 tides

38 4285 54 4326 ι
73 4285 210 4331 carnem
227 4270 261 4330 et
273 4268 480 4344 sanguinem,
498 4267 554 4328 sed
572 4267 731 4328 adversus
747 4267 836 4344 prin·
890 4267 1025 4329 Christi.
1041 4267 1130 4328 Muri
1150 4267 1294 4329 civitatis
1314 4267 1390 4328 sunt
1409 4265 1558 4327 universi
1573 4263 1687 4325 lideles

39 4381 55 4422 a
73 4367 162 4445 cipes
178 4369 215 4430 et
235 4367 416 4444 potestates
438 4364 651 4427 tenebrarum
670 4363 835 4426 harum.»
890 4365 1146 4443 superaedificati
1166 4381 1266 4442 super
1280 4363 1529 4426 fundamentum
1543 4361 1688 4438 Aposto-

40 4460 128 4542 (Eph.
144 4481 194 4538 vr,
212 4461 278 4536 12.)
290 4463 332 4524 Hi
351 4465 462 4526 autem
479 4479 610 4540 semper
624 4462 665 4523 ad
688 4463 834 4524 nostram
890 4465 998 4524 lorum
1019 4463 1052 4525 et
1071 4462 1323 4540 Prophetarum.
1339 4464 1387 4522 De
1411 4461 1530 4539 quibus
1546 4461 1594 4521 ait
1610 4473 1690 4536 pro-
1710 4457 1711 4460 ’

40 4561 268 4624 confusionem
282 4560 433 4624 madunt.
450 4563 571 4623 Contra
585 4575 666 4638 quos
680 4560 728 4621 ait
741 4561 837 4622 Jere-
890 4560 991 4639 pheta
1008 4583 1017 4621 z
1045 4563 1160 4635 Super
1171 4575 1293 4622 muros
1313 4560 1390 4622 tuos
1408 4561 1605 4620 Jernnnlena
1619 4571 1687 4632 po-

38 4659 134 4722 nias:
150 4659 489 4734 commendanturque
500 4673 555 4720 nce
565 4658 834 4733 persequuntur,
890 4662 947 4721 sut
967 4659 1123 4721 mostodes
1148 4658 1306 4737 (11.1111,
1329 4654 1375 4736 6).
1394 4656 1457 4716 Sed
1482 4655 1515 4716 et
1537 4653 1688 4715 Christus

39 4757 65 4816 ct
89 4773 159 4820 non
180 4759 492 4833 conmndarego...
520 4757 653 4832 (ierem.
677 4771 745 4827 111,
770 4754 834 4834 18).
893 4757 943 4818 est
962 4772 1076 4817 murus
1098 4771 1279 4825 murorum,
1302 4754 1341 4814 de
1356 4768 1421 4831 quo
1444 4752 1587 4828 legitur:
1606 4753 1690 4813 Urbs

40 4855 151 4918 Contra
165 4856 261 4917 hanc
276 4854 442 4917 civitatem
456 4854 568 4914 varias
584 4853 757 4915 machinas
776 4869 838 4915 ex·
892 4855 1108 4930 fortitudinis
1135 4853 1266 4914 nostrae
1290 4855 1384 4913 Sion.
1406 4849 1564 4912 Ponetur
1584 4851 1622 4910 ln
1645 4862 1690 4909 ea

39 4952 107 5015 tulit
129 4954 273 5016 Lucifer
292 4952 433 5029 ille,qui
453 4953 504 5016 est
523 4967 703 5028 rexsuper
723 4967 837 5013 omnes
892 4967 1017 5013 murcos
1036 4951 1070 5013 et
1091 4951 1308 5013 antemurale
1330 4946 1387 5028 (Is.
1410 4963 1504 5020 1111,
1531 4944 1576 5026 1).
1598 4947 1691 5007 Inter

40 5053 206 5130 principes
236 5050 400 5129 superbiae
427 5051 460 5112 et
489 5049 707 5112 contusionis.
738 5051 839 5110 Tam·
893 5049 955 5111 hos
969 5064 1084 5110 muros
1106 5047 1201 5125 quasi
1222 5047 1324 5108 turris
1344 5044 1518 5108 elevantur
1538 5043 1688 5122 perfecti,

39 5161 129 5224 quam
153 5149 302 5212 callidus
324 5147 531 5225 expugnator
551 5147 702 5208 diversos
733 5161 839 5225 expu-
893 5146 1146 5224 praeeminentes
1159 5143 1357 5206 excellentia
1372 5159 1553 5216 murorum,
1566 5143 1606 5204 de
1621 5141 1692 5219 qui-

39 5253 192 5320 guatores
210 5245 359 5324 opponit.
380 5246 502 5308 Contra
523 5261 654 5307 murum
677 5245 754 5306 fidei
779 5261 840 5323 op·
893 5243 954 5306 bus
968 5243 1077 5322 inquit
1092 5242 1270 5305 Psalmista
1288 5243 1390 5305 :Fiat
1405 5257 1483 5318 pano
1501 5245 1539 5302 tn
1559 5241 1691 5302 virtute

39 5343 125 5420 ponit
149 5343 350 5414 haereticos,
376 5343 433 5420 qui
454 5341 643 5407 subintrant
662 5341 839 5418 explorare
894 5342 955 5404 tua
967 5343 1223 5404 etehundanttn
1235 5341 1438 5403 1111111111
1451 5340 1520 5401 tuta
1535 5336 1604 5417 (Ps.
1620 5339 1689 5409 121,

39 5439 228 5504 libertatem
241 5443 399 5502 nostram.
417 5439 510 5502 Unde
527 5439 562 5500 in
576 5439 740 5501 canticis:
757 5443 840 5502 11111
893 5437 938 5519 7).
965 5438 1029 5501 Sed
1054 5441 1087 5502 et
1101 5439 1250 5501 Christus
1276 5439 1328 5501 est
1346 5437 1450 5500 turris
1468 5435 1624 5506 turrium,
1650 5435 1691 5496 de

39 5543 161 5603 rnatrts
205 5554 297 5600 mene
335 5538 580 5615 pnopnnaernnt
618 5537 741 5600 contra
783 5551 840 5598 nne
895 5555 959 5616 quo
974 5538 1115 5614 legitur:
1131 5538 1259 5600 Factus
1275 5537 1327 5599 est
1340 5549 1418 5610 spes
1432 5534 1563 5607 nostra,
1579 5535 1692 5595 111111

41 5637 141 5713 (dant.
159 5655 186 5712 1,
202 5635 253 5714 5).
270 5636 333 5698 Sed
347 5635 383 5697 in
401 5636 464 5697 hoc
479 5651 574 5697 muro
589 5635 748 5712 Magister
763 5651 842 5696 cus·
894 5636 1110 5711 fmtn'tudtnr's
1121 5650 1144 5696 a
1157 5638 1245 5711 facie
1258 5634 1391 5696 inimici
1405 5629 1474 5712 (Ps.
1490 5633 1541 5702 60,
1556 5628 1600 5709 l).
1683 5621 1684 5626 ’

42 5735 133 5802 indiae
153 5737 211 5800 est
237 5735 365 5807 Petrus,
385 5731 550 5805 videlieet,
576 5733 729 5811 peritum,
756 5720 840 5795 lorte
935 5735 1044 5796 Portae
1067 5733 1213 5796 civitatis
1238 5731 1317 5792 sunt
1345 5729 1498 5792 doctores
1522 5725 1689 5798 Ecclesiae,
