3936 6318
258 345 318 416 lev
721 339 898 404 nononn
919 339 966 400 111
986 337 1135 400 ornan.
1151 321 1193 383 '-
1206 337 1440 402 saumones.
1836 345 1883 408 m

256 510 470 590 tempserunt.
490 507 548 570 Isti
572 506 688 569 autem
712 502 838 566 iratres
854 504 1000 566 loannes
1023 500 1057 562 et
1109 496 1335 562 redeuntibus.
1362 495 1605 563 accedentibus
1632 501 1672 564 ad
1693 503 1815 580 portam
1834 521 1882 566 sn·

256 609 381 672 Paulus
396 623 462 669 non
478 605 585 668 solum
594 604 746 676 mortem,
765 602 822 664 sed
836 601 1056 678 diversaque·
1110 597 1882 676 perniaeoccurritsuggestio,deducitdelecteuo,

259 725 321 786 qne
337 721 461 783 genera
479 705 721 767 tormentorum
745 717 805 778 pro
829 700 959 762 Christo
980 715 1056 760 sus-
1110 695 1238 756 inducit
1251 696 1415 758 assensio.
1432 698 1606 773 suggestio
1621 700 1671 760 est
1694 700 1818 776 quando
1835 717 1883 762 co-

257 803 483 876 tinuerunt‚in
497 803 587 863 omni
601 801 670 862 laeti
689 801 723 862 et
740 799 865 860 hilares
886 798 1055 860 diabolum
1110 793 1288 868 gitationes
1320 794 1416 854 malae
1445 794 1666 871 praevolantes
1703 797 1885 866 animantur,

257 903 508 980 superaverunt,
521 901 554 962 et
565 900 709 962 tortores
724 898 759 960 in
781 897 954 975 suppliciis
973 913 1057 958 con·
1111 891 1168 952 sed
1183 891 1284 952 nullae
1309 892 1469 954 involant.
1493 895 1563 954 Hoc
1582 893 1679 956 modo
1695 895 1799 971 potuit
1815 899 1887 956 Deus

257 1001 476 1064 feriaverunt.
492 1000 531 1061 Εῖ
544 997 760 1076 quiatortiter
773 997 1007 1074 pugnaverunt
1021 995 1055 1056 in
1110 989 1231 1050 tentari
1251 989 1338 1066 quod
1357 989 1489 1052 nonest
1515 993 1699 1067 peccatum.
1726 992 1887 1054 Delectatio
1941 1058 1942 1086 ἶ

257 1100 376 1172 stadio,
397 1098 542 1174 gloriose
564 1097 767 1158 coronantur
784 1095 820 1156 in
845 1095 939 1157 coelo.
961 1093 1056 1156 Unde
1110 1089 1160 1148 est
1171 1087 1301 1164 quando
1314 1087 1532 1163 cogitationes
1555 1089 1717 1161 involant,
1734 1091 1767 1150 ei
1787 1089 1818 1149 in
1844 1091 1883 1150 eis

257 1194 476 1258 benedictum
492 1197 561 1258 est:
578 1193 809 1255 Transivimus
824 1207 884 1269 per
899 1192 1008 1268 ignem
1023 1195 1056 1253 et
1110 1184 1219 1262 placet
1242 1185 1361 1246 animae
1402 1186 1584 1248 immorari.
1616 1188 1802 1249 consensus
1836 1189 1884 1260 esl,

259 1310 415 1372 aquam...
443 1293 532 1369 Ignis
559 1294 681 1364 aulem,
709 1291 841 1364 naeres,
858 1290 920 1352 etsi
936 1289 1055 1352 multas
1111 1282 1241 1359 quando
1261 1283 1309 1345 ita
1338 1284 1502 1346 consentit
1522 1284 1736 1347 delectationi
1763 1286 1797 1346 ut
1810 1284 1887 1346 nullo

259 1387 382 1452 habeat
398 1387 630 1466 proprietates,
647 1388 759 1449 tamen
785 1387 910 1464 septem
924 1385 1057 1448 videtur
1110 1380 1207 1442 modo
1231 1381 1436 1443 contradicat
1458 1382 1490 1442 et
1513 1383 1684 1458 peccatum
1709 1399 1774 1444 non
1793 1383 1888 1454 evitet,

123 1549 127 1557 ,
259 1486 384 1548 habere
398 1484 560 1548 notabiles
575 1486 674 1562 atque
689 1485 849 1562 insignes.

299 1584 511 1646 Admiremur
522 1599 613 1660 ergo,
640 1582 771 1655 iratres,
788 1583 824 1643 in
838 1582 912 1643 istis
925 1581 1054 1658 marty·-

262 1681 356 1744 ribus
370 1685 498 1744 Joanne
511 1683 545 1743 et
554 1681 660 1743 Paulo
672 1681 812 1743 virtutes
818 1679 927 1742 cordis
938 1680 970 1742 et
980 1693 1058 1740 cor-

260 1781 363 1860 poris,
380 1781 414 1842 et
439 1780 641 1842 detestemur
667 1777 702 1840 in
717 1778 813 1840 nobis
841 1777 1056 1853 fragilitatem

259 1877 380 1939 mentis
392 1878 553 1939 etcarnis.
563 1877 916 1952 illitoleraveruntpro
925 1875 1056 1936 christo

259 1969 365 2047 frigus
380 1971 414 2034 et
426 1971 611 2047 nuditates3
625 1987 685 2033 nos
700 1972 811 2032 autem
825 1970 986 2032 vestimur
1000 1969 1057 2030 du-

259 2067 401 2148 plicibus
422 2069 455 2130 et
475 2069 645 2131 induimur
666 2068 831 2146 pretiosis.
855 2068 910 2129 Illi
932 2068 1057 2131 tolera-

259 2167 447 2243 veruntpro
464 2165 595 2227 Christo
610 2164 732 2227 tarnem
747 2166 780 2227 et
792 2165 899 2240 sitim;
916 2181 978 2226 nos
989 2181 1057 2226 au-

259 2261 326 2324 tem
342 2260 485 2322 diversis
510 2259 646 2323 ferculis
664 2261 834 2322 vescimur
853 2261 888 2322 et
905 2260 1057 2322 delicatis

259 2357 395 2421 cibariis
410 2358 597 2438 epularum.
614 2359 667 2419 Illi
680 2359 909 2420 toleraverunt
920 2358 1056 2435 vigilias

257 2473 319 2536 pro
337 2456 469 2518 Christo
491 2457 525 2518 et
544 2456 696 2533 lahores;
717 2473 779 2519 nos
800 2457 911 2520 autem
936 2457 1056 2534 amplis

258 2555 336 2617 otiis
352 2555 565 2631 quiescimus,
579 2555 612 2616 et
622 2554 730 2630 longis
743 2555 918 2632 soporibus
930 2555 1057 2616 dormi·-

259 2653 378 2714 tamus.
395 2651 447 2713 Ilii
467 2651 694 2714 toleraverunt
708 2667 767 2728 pro
780 2653 911 2714 Christo
926 2669 1055 2734 angas-

259 2749 324 2810 tias
353 2749 385 2811 at
409 2748 561 2823 dolores,
583 2763 644 2809 nos
675 2763 755 2810 varo
780 2750 912 2826 gaudiis
942 2750 1056 2812 mundi

259 2845 412 2917 linimur,
442 2845 476 2906 et
504 2844 614 2906 carnis
642 2845 809 2908 illecebris
838 2847 1053 2910 delectamur.

261 2941 316 3004 Illi
344 2942 437 3020 passi
463 2942 541 3004 sunt
566 2943 718 3017 verbera,
750 2945 786 3006 ut
796 2945 977 3021 gloriosius
1000 2961 1056 3008 re-

262 3040 435 3120 quiescant
456 3041 491 3101 in
512 3040 639 3103 coelesti
654 3043 773 3118 patria.
788 3043 840 3104 Illi
866 3044 958 3121 passi
979 3047 1057 3107 sunt

259 3139 520 3216 persecutiones
535 3140 572 3200 ut
592 3140 713 3202 multas
736 3140 770 3200 in
794 3141 889 3203 coelis
911 3142 1056 3204 habeant

259 3237 460 3298 mansiones.
485 3237 538 3298 Illi
554 3239 644 3315 passi
663 3239 740 3299 sunt
765 3254 917 3302 carceres
932 3242 966 3302 et
978 3241 1057 3302 vin-

259 3334 346 3406 cula,
359 3337 395 3397 ut
405 3334 501 3396 liberi
515 3334 704 3398 discurrant
718 3336 753 3397 in
766 3337 954 3400 coelestibus
968 3341 1055 3400 tam-

258 3447 358 3510 quam
385 3431 668 3495 luminaria‘Pro
699 3435 752 3494 his
786 3436 876 3496 enim
901 3436 1055 3498 omnibus

257 3529 374 3593 reddet
388 3532 475 3592 Deus
493 3530 679 3593 mercedem
707 3531 857 3594 laborum
882 3549 1054 3597 servorum

258 3643 406 3700 suorum,
437 3628 470 3691 et
499 3627 639 3691 deducet
661 3645 719 3690 eos
747 3630 782 3692 in
810 3633 864 3693 via
893 3634 1052 3696 mirabili.

258 3725 322 3786 Sed
347 3727 524 3804 antequam
539 3725 682 3788 deducat
697 3741 755 3789 eos
769 3728 871 3791 invia
895 3731 1051 3806 mirabili,

256 3837 394 3884 necesse
410 3825 460 3886 est
472 3826 509 3884 ut
518 3823 637 3885 educat
652 3839 709 3885 eos
724 3825 765 3887 de
786 3827 841 3888 via
856 3830 1051 3891 miserabili.

296 3919 360 3980 Via
386 3919 587 3982 miserabilis
609 3922 661 3983 est
688 3923 743 3983 via
766 3923 966 4002 iniquitatis.
990 3928 1053 3989 Via

256 4014 421 4076 mirabilis
436 4017 486 4078 est
499 4017 555 4078 via
585 4019 764 4095 aequitatis.
786 4021 849 4082 Via
864 4022 968 4098 igitur
981 4024 1053 4085 ini-

257 4111 403 4188 quitatis,
412 4127 486 4189 quae
500 4113 737 4178 miserabiliter
749 4117 799 4179 est
814 4118 1055 4182 miserabiliset

256 4207 1054 4290 mirabilitermiserabilis,iningressuastdelec·

255 4304 379 4377 tahida,
389 4305 423 4366 in
434 4322 592 4384 processu
602 4311 769 4384 gravis,in
783 4314 876 4376 exitu
886 4314 1054 4379 damnabi-

256 4401 309 4463 lis.
326 4405 491 4466 intrantes
510 4405 675 4483 inquinat,
691 4410 881 4485 gradientes
894 4412 1050 4488 obstinat,

256 4500 861 4572 exeuntesexterminat.Similitervia
872 4513 1050 4588 aequitatis,

256 4615 329 4676 quse
337 4616 469 4678 semper
483 4603 533 4664 est
548 4603 712 4666 mirabilis
724 4606 759 4668 et
770 4621 949 4686 numquam
957 4611 1053 4673 mise·

255 4695 383 4768 rabilis,
398 4700 498 4761 etiam
515 4700 549 4762 in
561 4701 714 4778 ingressu
724 4705 774 4767 est
788 4707 911 4782 gravis,
924 4708 959 4769 in
969 4725 1050 4786 pro-

256 4807 352 4854 cessu
367 4797 491 4868 suavis,
513 4799 548 4859 in
563 4815 700 4876 egressu
719 4805 986 4868 remunerabilis.
1002 4811 1052 4871 ln·

255 4889 381 4950 trantes
411 4893 584 4968 purillcat,
622 4899 811 4972 gradientes
843 4905 1048 4980 sanctificat,

255 4988 415 5048 exeuntes
429 4988 603 5063 glorificat.
621 4995 658 5054 ln
668 4995 822 5062 initieest
831 5001 866 5064 in
879 5003 928 5065 eis
942 5005 1049 5078 limes,

1111 1476 1140 1538 si
1155 1477 1248 1540 locus
1272 1477 1375 1540 adest.
1402 1478 1485 1550 Quia
1508 1479 1674 1552 videlicet,
1699 1481 1729 1541 si
1751 1479 1889 1541 animad-

1110 1575 1446 1652 versiojustijndicis
1461 1576 1609 1653 respicit,
1625 1593 1692 1639 non
1707 1579 1757 1639 est
1768 1581 1833 1654 jam
1843 1593 1891 1638 co·

1110 1671 1281 1747 gitatienis
1307 1673 1421 1750 culpa,
1452 1673 1509 1735 sed
1534 1690 1617 1751 opus
1646 1672 1746 1752 quasi
1766 1676 1887 1736 rectum.

1110 1769 1891 1848 nardiusroraspeocatumustunt,intusunan

1111 1867 1340 1930 consensionis
1360 1884 1460 1945 opere
1477 1868 1631 1930 voluntas
1646 1869 1817 1948 implevit:
1832 1868 1892 1946 pri·

1110 1981 1200 2026 mum
1214 1981 1275 2042 per
1302 1965 1440 2040 hostem,
1465 1967 1647 2028 secundum
1667 1983 1728 2046 per
1757 1981 1887 2038 carnem,

1112 2061 1247 2124 tertium
1260 2078 1320 2140 per
1334 2063 1487 2141 spiritum
1502 2064 1717 2142 perpetravit.

1149 2161 1178 2222 A
1196 2161 1293 2238 porta
1317 2160 1559 2238 superbiente
1587 2161 1754 2239 incipiens
1775 2161 1806 2222 et
1819 2175 1850 2220 se
1862 2159 1891 2220 in

1110 2257 1188 2320 ante
1202 2258 1281 2320 neta
1306 2258 1499 2331 extendens,
1528 2259 1786 2337 circumquaque
1808 2256 1893 2317 habel
1941 2311 1942 2332 ,

1111 2355 1307 2431 praecipitia,
1332 2356 1368 2417 ut
1392 2355 1530 2418 intranti
1550 2355 1636 2418 hanc
1650 2356 1741 2418 viam
1756 2371 1820 2416 non
1833 2369 1894 2414 res-

1110 2455 1157 2514 tet
1171 2452 1357 2514 exitusnisi
1368 2452 1593 2531 retrogradus.
1614 2455 1689 2515 Non
1716 2453 1895 2514 enimeam-

1111 2551 1184 2611 dem
1200 2551 1290 2612 viam
1302 2567 1369 2628 qua
1382 2552 1500 2624 intras,
1516 2551 1645 2613 redeas.
1662 2553 1739 2613 Non
1754 2553 1804 2614 est
1815 2550 1894 2610 locus
1941 2553 1942 2600 l

1111 2648 1166 2710 ubi
1181 2649 1321 2710 salntem
1337 2650 1501 2712 invenias.
1518 2651 1610 2724 Quod
1625 2651 1655 2710 si
1670 2650 1810 2712 ulterius
1823 2647 1894 2708 velis

1110 2746 1302 2823 procedere,
1313 2749 1454 2824 primam
1464 2748 1673 2810 mansionem
1682 2748 1812 2809 invenis
1820 2743 1894 2822 apud
1941 2745 1942 2794 l

1109 2860 1231 2905 vanam
1244 2845 1407 2921 gloriam;
1424 2846 1614 2915 secundam,
1628 2845 1716 2922 apud
1732 2845 1892 2914 invidiam

1109 2942 1254 3014 tertiam,
1270 2943 1357 3020 apud
1378 2944 1480 3018 iram3
1497 2946 1660 3022 quartam,
1676 2943 1766 3020 apud
1787 2939 1895 3019 gastri-

1110 3039 1282 3116 margiam,
1325 3041 1475 3118 quintam
1506 3043 1594 3118 apud
1628 3041 1810 3107 luxuriam.
1843 3037 1894 3100 Hic
1941 3033 1942 3120 ζ

1110 3137 1277 3200 clauditur
1290 3139 1326 3200 in
1340 3140 1516 3202 tumulum.
1533 3140 1596 3202 Hic
1618 3139 1767 3216 ligantur
1790 3150 1894 3198 manus
1941 3131 1942 3194 i

1109 3237 1143 3298 et
1156 3237 1267 3314 pedeS,
1283 3239 1317 3300 et
1335 3237 1420 3314 lapis
1435 3238 1722 3315 superimpositus,
1748 3237 1831 3298 idest
1843 3233 1895 3294 du·
1941 3229 1942 3232 ’

1108 3335 1186 3396 ritia
1202 3335 1313 3399 cordis
1340 3337 1373 3398 et
1396 3352 1454 3397 cor
1480 3337 1701 3414 impoenitens,
1726 3333 1894 3398 secundum
1941 3327 1942 3370 ἶ

1109 3450 1208 3510 quam
1234 3435 1439 3496 thesaurizat
1456 3434 1521 3495 sibi
1543 3436 1629 3495 iram
1653 3435 1689 3495 in
1710 3434 1766 3496 die
1780 3435 1847 3495 irae.
1862 3431 1895 3491 Et
1941 3511 1942 3514 Ἴ

1109 3531 1176 3593 nisi
1189 3532 1340 3595 Christus
1361 3532 1498 3594 accedat
1507 3531 1548 3593 ad
1565 3535 1739 3606 Lazarum,
1763 3531 1895 3594 inaeter-
1941 3525 1942 3530 ’

1109 3646 1187 3692 num
1203 3633 1253 3692 est
1266 3631 1487 3692 damnandus.
1508 3630 1592 3702 Quia
1613 3631 1642 3691 si
1668 3631 1818 3692 christus
1836 3627 1894 3688 mi-

1108 3732 1216 3792 sertus
1244 3730 1295 3792 est
1320 3729 1424 3798 illius,
1449 3729 1495 3790 ad
1519 3729 1683 3791 tumulum
1714 3724 1893 3795 accesserit,

1109 3829 1221 3890 statim
1235 3828 1407 3891 reviviscit
1424 3828 1458 3890 et
1478 3826 1588 3890 educit
1602 3843 1677 3888 eum
1692 3827 1733 3888 de
1749 3828 1822 3888 lacu
1836 3821 1894 3884 mi-

1108 3927 1205 3986 seriae
1221 3927 1254 3988 et
1276 3926 1317 3987 de
1337 3927 1406 3989 luto
1421 3925 1525 3998 faecis,
1541 3927 1574 3988 et
1588 3925 1742 3987 eductum
1763 3919 1894 3988 deducit,

1108 4022 1301 4084 deducendo
1327 4024 1494 4096 conducit,
1521 4023 1736 4085 conducendo
1765 4017 1892 4085 inducit.
1941 4039 1942 4042 ¹

1108 4123 1198 4182 Henl
1214 4137 1277 4192 me,
1293 4121 1370 4198 quid
1390 4121 1498 4184 dicam
1512 4137 1573 4198 ego
1586 4123 1687 4184 miser
1702 4123 1762 4184 aut
1773 4119 1892 4185 facian,

1107 4235 1182 4280 cum
1201 4219 1332 4280 venerit
1350 4218 1407 4281 ille
1428 4219 1692 4282 districtissimus
1705 4221 1821 4297 judex,
1845 4213 1894 4293 qui

1107 4313 1224 4375 reddet
1232 4314 1411 4392 unicuique
1419 4316 1798 4392 secundumoperasuat
1811 4310 1894 4375 Unde

1107 4413 1226 4474 Petrus
1237 4411 1273 4474 in
1287 4412 1435 4490 Epistola
1448 4415 1610 4476 canonica
1622 4430 1630 4474 :
1641 4417 1734 4475 Nem
1747 4411 1893 4487 sijustm

1106 4512 1380 4584 cavalcabitar,
1396 4513 1562 4588 impiusct
1565 4513 1729 4588 peccator
1740 4516 1798 4575 arbi
1805 4521 1894 4585 pere·

1106 4610 1210 4672 durati
1224 4607 1253 4690 (Ι
1269 4610 1339 4672 Ρθῖ.
1351 4627 1399 4682 iv,
1417 4609 1483 4690 18).

1146 4707 1258 4770 Manliae
1280 4709 1356 4770 sunt
1379 4724 1459 4784 ergo
1472 4707 1707 4770 tribulationes
1722 4710 1891 4786 justorum.

1106 4805 1163 4867 sad
1179 4806 1219 4868 de
1240 4805 1293 4867 his
1307 4805 1459 4868 omnihus
1481 4805 1636 4868 liberabit
1655 4823 1713 4868 ees
1729 4807 1890 4869 Dominus.

1106 4904 1367 4967 Deistisduobus
1376 4904 1532 4967 iratribus
1543 4906 1632 4967 canit
1646 4907 1791 4967 Ecclesia
1801 4908 1892 4966 :Eece

1104 5019 1210 5077 qucum
1228 5005 1354 5064 bortum
1372 5004 1407 5065 et
1420 5007 1727 5078 qucmjuenndam
1747 5004 1892 5066 lmbltcre

255 5083 401 5145 secundo
415 5087 465 5147 est
476 5087 610 5160 trames,
626 5089 724 5154 tertio
750 5097 806 5160 via
827 5101 900 5164 sine
917 5105 1047 5167 samita.
1103 5101 1236 5174 peaes
1258 5103 1295 5161 iu
1320 5117 1430 5162 aarum
1449 5100 1518 5181 (Ps.
1538 5085 1669 5180 1321).
1690 5100 1893 5177 Quadruplex

255 5183 321 5244 1³0¹*
334 5182 473 5244 limitem
492 5183 666 5259 intramus,
685 5204 744 5266 Per
760 5195 848 5256 viam
871 5201 1047 5278 currimus,
1105 5197 1295 5262 maternitas
1319 5197 1382 5260 luit
1397 5199 1431 5261 in
1454 5200 1579 5262 sanctis
1593 5201 1689 5263 istis:
1706 5203 1811 5278 prima
1823 5209 1892 5275 ger-

255 5295 316 5356 per
331 5281 497 5342 tramitem
522 5298 763 5360 properamus:
787 5295 884 5356 l'ium
904 5307 1051 5365 artenao.
1104 5296 1286 5369 maritatis,
1308 5297 1455 5359 secunda
1474 5297 1658 5375 religionis,
1674 5299 1771 5361 tertia
1788 5309 1892 5373 aequa-

255 5377 372 5438 torum
397 5379 535 5441 limium
550 5387 702 5456 cmm,
726 5402 804 5449 carm
823 5393 971 5458 dacusa
989 5415 1050 5462 eor
1105 5395 1218 5466 litatis
1235 5397 1351 5472 quarta
1361 5395 1560 5458 dilectionis.
1575 5398 1819 5465 Germanitatis,
1833 5405 1890 5470 qua

253 5489 370 5536 meacm
384 5474 453 5554 (Pe.
471 5478 538 5550 118,
552 5477 618 5560 32).
636 5483 674 5543 In
689 5481 827 5548 introitu
841 5489 904 5550 vim
919 5492 1049 5571 iniqui·
1104 5509 1146 5554 ex
1160 5507 1227 5554 uno
1241 5497 1334 5569 patre
1354 5495 1386 5555 el
1402 5509 1468 5556 una
1488 5497 1593 5556 matra
1613 5496 1682 5557 nati
1697 5499 1792 5569 sunt3
1812 5489 1890 5554 reli-

254 5571 332 5633 iatis
352 5575 481 5650 portam
507 5577 600 5652 ponit
619 5581 786 5657 superbia,
813 5601 885 5664 quae
909 5593 960 5651 est
974 5593 1071 5668 pri-¹
1103 5589 1224 5668 giouis,
1250 5589 1328 5668 quia
1356 5591 1452 5654 ambo
1479 5593 1654 5655 christiani
1687 5597 1720 5656 et
1752 5585 1889 5666 religiosi

255 5684 344 5730 mum
359 5670 477 5734 vitium
490 5675 1047 5758 recedentibusaheo,etultimum
1104 5687 1261 5762 luerunt;
1286 5689 1373 5750 unde
1399 5705 1513 5753 omnes
1543 5692 1719 5754 christiani
1745 5693 1890 5754 dicuntur
