<?xml version="1.0" encoding="UTF-8"?>
<!DOCTYPE html PUBLIC "-//W3C//DTD XHTML 1.0 Transitional//EN"
    "http://www.w3.org/TR/xhtml1/DTD/xhtml1-transitional.dtd">
<html xmlns="http://www.w3.org/1999/xhtml" xml:lang="en" lang="en">
 <head>
  <title>
</title>
<meta http-equiv="Content-Type" content="text/html;charset=utf-8" />
  <meta name='ocr-system' content='tesseract 3.04.00' />
  <meta name='ocr-capabilities' content='ocr_page ocr_carea ocr_par ocr_line ocrx_word'/>
</head>
<body>
  <div class='ocr_page' id='page_1' title='image "./mediiaevibiblio01unkngoog/mediiaevibiblio01unkngoog_0206.png"; bbox 0 0 3984 6306; ppageno 0'>
   <div class='ocr_carea' id='block_1_1' title="bbox 16 385 1648 459">
    <p class='ocr_par' dir='ltr' id='par_1_1' title="bbox 16 385 1648 459">
     <span class='ocr_line' id='line_1_1' title="bbox 16 385 1648 459; baseline 0 -11"><span class='ocrx_word' id='word_1_1' title='bbox 16 389 65 448; x_wconf 72' lang='lat' dir='ltr'>eru</span> <span class='ocrx_word' id='word_1_2' title='bbox 135 385 266 446; x_wconf 83' lang='lat' dir='ltr'>XXXII.</span> <span class='ocrx_word' id='word_1_3' title='bbox 281 385 381 446; x_wconf 91' lang='lat' dir='ltr'>-IN</span> <span class='ocrx_word' id='word_1_4' title='bbox 404 387 1510 459; x_wconf 54' lang='grc' dir='ltr'><strong>ΕΕΞΤΝΙΤΑΉΒΗΕ1183ΗῶυεουΕΑΒῬΕΝΤΕοοεΤΕΝ.</strong></span> <span class='ocrx_word' id='word_1_5' title='bbox 1586 387 1648 448; x_wconf 76' lang='lat' dir='ltr'>art</span> 
     </span>
    </p>
   </div>
   <div class='ocr_carea' id='block_1_2' title="bbox 13 541 1665 5786">
    <p class='ocr_par' dir='ltr' id='par_1_2' title="bbox 13 541 1665 5786">
     <span class='ocr_line' id='line_1_2' title="bbox 15 541 1648 624; baseline -0.003 -16"><span class='ocrx_word' id='word_1_6' title='bbox 15 546 70 608; x_wconf 76' lang='lat' dir='ltr'>Alii</span> <span class='ocrx_word' id='word_1_7' title='bbox 84 543 206 606; x_wconf 86' lang='lat' dir='ltr'>iaciunt</span> <span class='ocrx_word' id='word_1_8' title='bbox 231 541 373 608; x_wconf 85' lang='lat' dir='ltr'>tractum</span> <span class='ocrx_word' id='word_1_9' title='bbox 397 543 455 608; x_wconf 90' lang='lat' dir='ltr'>sed</span> <span class='ocrx_word' id='word_1_10' title='bbox 479 559 545 608; x_wconf 87' lang='lat' dir='ltr'>noo</span> <span class='ocrx_word' id='word_1_11' title='bbox 565 543 700 618; x_wconf 89' lang='lat' dir='ltr'>bonum,</span> <span class='ocrx_word' id='word_1_12' title='bbox 717 546 794 624; x_wconf 87' lang='lat' dir='ltr'>quia</span> <span class='ocrx_word' id='word_1_13' title='bbox 849 547 984 620; x_wconf 87' lang='lat' dir='ltr'>mitete,</span> <span class='ocrx_word' id='word_1_14' title='bbox 1026 546 1193 624; x_wconf 79' lang='lat' dir='ltr'><strong>spirituali</strong></span> <span class='ocrx_word' id='word_1_15' title='bbox 1222 545 1438 609; x_wconf 70' lang='lat' dir='ltr'>visitatione..</span> <span class='ocrx_word' id='word_1_16' title='bbox 1459 543 1648 622; x_wconf 74' lang='lat' dir='ltr'>&#39;temporali</span> 
     </span>
     <span class='ocr_line' id='line_1_3' title="bbox 15 641 1648 722; baseline -0.001 -18"><span class='ocrx_word' id='word_1_17' title='bbox 15 643 213 718; x_wconf 89' lang='lat' dir='ltr'>corrumpunt</span> <span class='ocrx_word' id='word_1_18' title='bbox 249 641 332 704; x_wconf 92' lang='lat' dir='ltr'>illud</span> <span class='ocrx_word' id='word_1_19' title='bbox 374 641 516 720; x_wconf 88' lang='lat' dir='ltr'>alicujus</span> <span class='ocrx_word' id='word_1_20' title='bbox 557 643 706 706; x_wconf 89' lang='lat' dir='ltr'>criminis</span> <span class='ocrx_word' id='word_1_21' title='bbox 741 643 796 705; x_wconf 89' lang='lat' dir='ltr'>ad·</span> <span class='ocrx_word' id='word_1_22' title='bbox 849 645 1052 706; x_wconf 86' lang='lat' dir='ltr'>adversitate</span> <span class='ocrx_word' id='word_1_23' title='bbox 1078 644 1156 722; x_wconf 87' lang='lat' dir='ltr'>quia</span> <span class='ocrx_word' id='word_1_24' title='bbox 1182 644 1310 722; x_wconf 87' lang='lat' dir='ltr'>quoties</span> <span class='ocrx_word' id='word_1_25' title='bbox 1340 642 1524 706; x_wconf 80' lang='lat' dir='ltr'>adversitas</span> <span class='ocrx_word' id='word_1_26' title='bbox 1548 642 1648 719; x_wconf 89' lang='lat' dir='ltr'>hujus</span> 
     </span>
     <span class='ocr_line' id='line_1_4' title="bbox 15 726 1647 819; baseline 0.001 -20"><span class='ocrx_word' id='word_1_27' title='bbox 15 726 170 810; x_wconf 83' lang='lat' dir='ltr'>mixtione,</span> <span class='ocrx_word' id='word_1_28' title='bbox 197 739 244 800; x_wconf 90' lang='lat' dir='ltr'>ita</span> <span class='ocrx_word' id='word_1_29' title='bbox 270 740 306 800; x_wconf 88' lang='lat' dir='ltr'>ut</span> <span class='ocrx_word' id='word_1_30' title='bbox 334 741 401 801; x_wconf 86' lang='lat' dir='ltr'>Deo</span> <span class='ocrx_word' id='word_1_31' title='bbox 423 756 489 802; x_wconf 88' lang='lat' dir='ltr'>non</span> <span class='ocrx_word' id='word_1_32' title='bbox 515 741 559 802; x_wconf 89' lang='lat' dir='ltr'>sit</span> <span class='ocrx_word' id='word_1_33' title='bbox 579 737 791 818; x_wconf 83' lang='lat' dir='ltr'>acceptabile.</span> <span class='ocrx_word' id='word_1_34' title='bbox 850 743 965 803; x_wconf 80' lang='lat' dir='ltr'>saeculi</span> <span class='ocrx_word' id='word_1_35' title='bbox 986 742 1151 819; x_wconf 84' lang='lat' dir='ltr'>patienter</span> <span class='ocrx_word' id='word_1_36' title='bbox 1178 741 1220 802; x_wconf 88' lang='lat' dir='ltr'>ab</span> <span class='ocrx_word' id='word_1_37' title='bbox 1244 742 1349 802; x_wconf 89' lang='lat' dir='ltr'>electo</span> <span class='ocrx_word' id='word_1_38' title='bbox 1369 742 1560 811; x_wconf 83' lang='lat' dir='ltr'>sustinetur,</span> <span class='ocrx_word' id='word_1_39' title='bbox 1587 755 1647 816; x_wconf 89' lang='lat' dir='ltr'>pro</span> 
     </span>
     <span class='ocr_line' id='line_1_5' title="bbox 15 836 1648 916; baseline -0.002 -16"><span class='ocrx_word' id='word_1_40' title='bbox 15 838 94 900; x_wconf 79' lang='lat' dir='ltr'>Unde</span> <span class='ocrx_word' id='word_1_41' title='bbox 106 838 138 898; x_wconf 91' lang='lat' dir='ltr'>in</span> <span class='ocrx_word' id='word_1_42' title='bbox 153 837 332 913; x_wconf 80' lang='lat' dir='ltr'>Evangelio</span> <span class='ocrx_word' id='word_1_43' title='bbox 349 857 356 897; x_wconf 78' lang='grc' dir='ltr'><strong>ε</strong></span> <span class='ocrx_word' id='word_1_44' title='bbox 374 839 491 900; x_wconf 76' lang='lat' dir='ltr'>mano</span> <span class='ocrx_word' id='word_1_45' title='bbox 505 842 620 906; x_wconf 83' lang='lat' dir='ltr'>ardor,</span> <span class='ocrx_word' id='word_1_46' title='bbox 632 855 709 913; x_wconf 70' lang='lat' dir='ltr'>quae</span> <span class='ocrx_word' id='word_1_47' title='bbox 726 855 795 900; x_wconf 74' lang='lat' dir='ltr'>raon</span> <span class='ocrx_word' id='word_1_48' title='bbox 850 839 1028 901; x_wconf 86' lang='lat' dir='ltr'>afflictione</span> <span class='ocrx_word' id='word_1_49' title='bbox 1056 841 1189 916; x_wconf 87' lang='lat' dir='ltr'>peccata</span> <span class='ocrx_word' id='word_1_50' title='bbox 1212 839 1433 906; x_wconf 89' lang='lat' dir='ltr'>dimittuntur,</span> <span class='ocrx_word' id='word_1_51' title='bbox 1459 836 1552 899; x_wconf 87' lang='lat' dir='ltr'>Unde</span> <span class='ocrx_word' id='word_1_52' title='bbox 1580 839 1648 897; x_wconf 80' lang='lat' dir='ltr'>Ec-</span> 
     </span>
     <span class='ocr_line' id='line_1_6' title="bbox 17 936 1648 1012; baseline -0.001 -16"><span class='ocrx_word' id='word_1_53' title='bbox 17 936 244 1010; x_wconf 78' lang='lat' dir='ltr'>tacttsructum</span> <span class='ocrx_word' id='word_1_54' title='bbox 254 937 390 1007; x_wconf 76' lang='lat' dir='ltr'>bonrum,</span> <span class='ocrx_word' id='word_1_55' title='bbox 402 937 796 1012; x_wconf 70' lang='lat' dir='ltr'>eneceturetanrpaem</span> <span class='ocrx_word' id='word_1_56' title='bbox 850 937 1056 999; x_wconf 87' lang='lat' dir='ltr'>clesiasticus</span> <span class='ocrx_word' id='word_1_57' title='bbox 1071 959 1078 998; x_wconf 75' lang='grc' dir='ltr'><strong>ε</strong></span> <span class='ocrx_word' id='word_1_58' title='bbox 1094 941 1183 998; x_wconf 85' lang='lat' dir='ltr'>Pius</span> <span class='ocrx_word' id='word_1_59' title='bbox 1197 938 1231 999; x_wconf 88' lang='lat' dir='ltr'>et</span> <span class='ocrx_word' id='word_1_60' title='bbox 1247 939 1448 998; x_wconf 72' lang='lat' dir='ltr'>misericors</span> <span class='ocrx_word' id='word_1_61' title='bbox 1459 936 1510 996; x_wconf 89' lang='lat' dir='ltr'>cst</span> <span class='ocrx_word' id='word_1_62' title='bbox 1524 938 1648 996; x_wconf 82' lang='lat' dir='ltr'>Domi-</span> 
     </span>
     <span class='ocr_line' id='line_1_7' title="bbox 15 1030 1649 1110; baseline -0.001 -18"><span class='ocrx_word' id='word_1_63' title='bbox 15 1033 157 1094; x_wconf 84' lang='lat' dir='ltr'>nu&#39;ttctur</span> <span class='ocrx_word' id='word_1_64' title='bbox 173 1030 303 1110; x_wconf 82' lang='lat' dir='ltr'>(matu.</span> <span class='ocrx_word' id='word_1_65' title='bbox 318 1047 369 1103; x_wconf 91' lang='lat'>111,</span> <span class='ocrx_word' id='word_1_66' title='bbox 385 1031 449 1110; x_wconf 90' lang='grc'><strong>10).</strong></span> <span class='ocrx_word' id='word_1_67' title='bbox 467 1034 541 1100; x_wconf 88' lang='lat' dir='ltr'>Non</span> <span class='ocrx_word' id='word_1_68' title='bbox 554 1033 637 1096; x_wconf 78' lang='lat' dir='ltr'>dixit</span> <span class='ocrx_word' id='word_1_69' title='bbox 654 1055 661 1092; x_wconf 73' lang='grc' dir='ltr'><strong>ε</strong></span> <span class='ocrx_word' id='word_1_70' title='bbox 679 1035 796 1096; x_wconf 82' lang='lat' dir='ltr'>Omnis</span> <span class='ocrx_word' id='word_1_71' title='bbox 849 1049 926 1105; x_wconf 77' lang='lat' dir='ltr'>utu,</span> <span class='ocrx_word' id='word_1_72' title='bbox 949 1036 984 1096; x_wconf 88' lang='lat' dir='ltr'>et</span> <span class='ocrx_word' id='word_1_73' title='bbox 1009 1036 1166 1096; x_wconf 83' lang='lat' dir='ltr'>remittet</span> <span class='ocrx_word' id='word_1_74' title='bbox 1186 1038 1225 1099; x_wconf 85' lang='lat' dir='ltr'>tu</span> <span class='ocrx_word' id='word_1_75' title='bbox 1241 1035 1394 1108; x_wconf 85' lang='lat' dir='ltr'>tempore</span> <span class='ocrx_word' id='word_1_76' title='bbox 1419 1032 1649 1092; x_wconf 76' lang='lat' dir='ltr'>tribulationis</span> 
     </span>
     <span class='ocr_line' id='line_1_8' title="bbox 13 1127 1650 1210; baseline -0.001 -20"><span class='ocrx_word' id='word_1_77' title='bbox 13 1134 103 1190; x_wconf 81' lang='lat' dir='ltr'>orbor</span> <span class='ocrx_word' id='word_1_78' title='bbox 115 1145 191 1203; x_wconf 76' lang='lat' dir='ltr'>qum</span> <span class='ocrx_word' id='word_1_79' title='bbox 203 1144 273 1192; x_wconf 80' lang='lat' dir='ltr'>raon</span> <span class='ocrx_word' id='word_1_80' title='bbox 286 1131 369 1202; x_wconf 74' lang='lat' dir='ltr'>suett</span> <span class='ocrx_word' id='word_1_81' title='bbox 383 1131 547 1204; x_wconf 71' lang='lat' dir='ltr'>fructum,</span> <span class='ocrx_word' id='word_1_82' title='bbox 563 1133 624 1192; x_wconf 86' lang='lat' dir='ltr'>sed</span> <span class='ocrx_word' id='word_1_83' title='bbox 637 1147 717 1204; x_wconf 76' lang='lat' dir='ltr'>qum</span> <span class='ocrx_word' id='word_1_84' title='bbox 727 1146 796 1194; x_wconf 84' lang='lat' dir='ltr'>non</span> <span class='ocrx_word' id='word_1_85' title='bbox 846 1133 989 1206; x_wconf 82' lang='lat' dir='ltr'>peccato</span> <span class='ocrx_word' id='word_1_86' title='bbox 1002 1129 1117 1210; x_wconf 81' lang='lat' dir='ltr'>(ticoli.</span> <span class='ocrx_word' id='word_1_87' title='bbox 1134 1147 1170 1204; x_wconf 88' lang='lat'>11,</span> <span class='ocrx_word' id='word_1_88' title='bbox 1187 1131 1239 1210; x_wconf 89' lang='lat'>15)</span> <span class='ocrx_word' id='word_1_89' title='bbox 1252 1153 1260 1206; x_wconf 83' lang='lat'>3</span> <span class='ocrx_word' id='word_1_90' title='bbox 1275 1128 1442 1208; x_wconf 90' lang='lat' dir='ltr'>corporali</span> <span class='ocrx_word' id='word_1_91' title='bbox 1455 1127 1650 1189; x_wconf 83' lang='lat' dir='ltr'>infirmitate</span> 
     </span>
     <span class='ocr_line' id='line_1_9' title="bbox 14 1224 1650 1306; baseline -0.002 -18"><span class='ocrx_word' id='word_1_92' title='bbox 14 1229 84 1302; x_wconf 77' lang='lat' dir='ltr'>fucit</span> <span class='ocrx_word' id='word_1_93' title='bbox 96 1228 395 1301; x_wconf 78' lang='lat' dir='ltr'>sructumbouum,</span> <span class='ocrx_word' id='word_1_94' title='bbox 411 1227 527 1290; x_wconf 81' lang='lat' dir='ltr'>volens</span> <span class='ocrx_word' id='word_1_95' title='bbox 549 1228 690 1304; x_wconf 74' lang='lat' dir='ltr'>intelligi</span> <span class='ocrx_word' id='word_1_96' title='bbox 709 1228 796 1306; x_wconf 85' lang='lat' dir='ltr'>quod</span> <span class='ocrx_word' id='word_1_97' title='bbox 851 1229 883 1290; x_wconf 91' lang='lat' dir='ltr'>et</span> <span class='ocrx_word' id='word_1_98' title='bbox 907 1228 1075 1306; x_wconf 88' lang='lat' dir='ltr'>spirituali</span> <span class='ocrx_word' id='word_1_99' title='bbox 1099 1229 1302 1297; x_wconf 85' lang='lat' dir='ltr'>visitatione,</span> <span class='ocrx_word' id='word_1_100' title='bbox 1330 1228 1407 1303; x_wconf 88' lang='lat' dir='ltr'>quia</span> <span class='ocrx_word' id='word_1_101' title='bbox 1429 1226 1557 1304; x_wconf 81' lang='lat' dir='ltr'>quoties</span> <span class='ocrx_word' id='word_1_102' title='bbox 1585 1224 1650 1284; x_wconf 79' lang='lat' dir='ltr'>ali·-¹</span> 
     </span>
     <span class='ocr_line' id='line_1_10' title="bbox 16 1321 1646 1404; baseline -0.001 -20"><span class='ocrx_word' id='word_1_103' title='bbox 16 1325 125 1386; x_wconf 82' lang='lat' dir='ltr'>iaciunt</span> <span class='ocrx_word' id='word_1_104' title='bbox 147 1324 280 1401; x_wconf 83' lang='lat' dir='ltr'>quidem</span> <span class='ocrx_word' id='word_1_105' title='bbox 307 1324 462 1397; x_wconf 87' lang='lat' dir='ltr'>trucium,</span> <span class='ocrx_word' id='word_1_106' title='bbox 492 1325 550 1388; x_wconf 89' lang='lat' dir='ltr'>sed</span> <span class='ocrx_word' id='word_1_107' title='bbox 574 1341 640 1388; x_wconf 90' lang='lat' dir='ltr'>non</span> <span class='ocrx_word' id='word_1_108' title='bbox 660 1325 792 1388; x_wconf 89' lang='lat' dir='ltr'>bonum.</span> <span class='ocrx_word' id='word_1_109' title='bbox 851 1325 925 1404; x_wconf 86' lang='lat' dir='ltr'>quis</span> <span class='ocrx_word' id='word_1_110' title='bbox 948 1325 1073 1388; x_wconf 89' lang='lat' dir='ltr'>electus</span> <span class='ocrx_word' id='word_1_111' title='bbox 1094 1326 1231 1403; x_wconf 86' lang='lat' dir='ltr'>punitur</span> <span class='ocrx_word' id='word_1_112' title='bbox 1256 1322 1422 1401; x_wconf 90' lang='lat' dir='ltr'>corporali</span> <span class='ocrx_word' id='word_1_113' title='bbox 1443 1321 1646 1392; x_wconf 85' lang='lat' dir='ltr'>infirmitate,</span> 
     </span>
     <span class='ocr_line' id='line_1_11' title="bbox 16 1419 1650 1500; baseline -0.002 -18"><span class='ocrx_word' id='word_1_114' title='bbox 16 1421 102 1482; x_wconf 76' lang='lat' dir='ltr'>Verbi</span> <span class='ocrx_word' id='word_1_115' title='bbox 112 1422 219 1497; x_wconf 91' lang='lat' dir='ltr'>gratia</span> <span class='ocrx_word' id='word_1_116' title='bbox 235 1421 445 1500; x_wconf 83' lang='lat' dir='ltr'>eleemosyna</span> <span class='ocrx_word' id='word_1_117' title='bbox 460 1422 586 1486; x_wconf 74' lang='lat' dir='ltr'>buctus</span> <span class='ocrx_word' id='word_1_118' title='bbox 605 1425 671 1496; x_wconf 88' lang='lat' dir='ltr'>est,</span> <span class='ocrx_word' id='word_1_119' title='bbox 688 1423 745 1485; x_wconf 90' lang='lat' dir='ltr'>sed</span> <span class='ocrx_word' id='word_1_120' title='bbox 767 1423 797 1484; x_wconf 90' lang='lat' dir='ltr'>si</span> <span class='ocrx_word' id='word_1_121' title='bbox 851 1423 934 1484; x_wconf 90' lang='lat' dir='ltr'>vela</span> <span class='ocrx_word' id='word_1_122' title='bbox 947 1425 1014 1484; x_wconf 88' lang='lat' dir='ltr'>Deo</span> <span class='ocrx_word' id='word_1_123' title='bbox 1026 1423 1227 1484; x_wconf 88' lang='lat' dir='ltr'>intrinsecus</span> <span class='ocrx_word' id='word_1_124' title='bbox 1240 1422 1394 1484; x_wconf 85' lang='lat' dir='ltr'>visitatur</span> <span class='ocrx_word' id='word_1_125' title='bbox 1407 1421 1444 1482; x_wconf 88' lang='lat' dir='ltr'>ut</span> <span class='ocrx_word' id='word_1_126' title='bbox 1457 1419 1578 1482; x_wconf 88' lang='lat' dir='ltr'>babeat</span> <span class='ocrx_word' id='word_1_127' title='bbox 1592 1433 1650 1479; x_wconf 91' lang='lat' dir='ltr'>cor</span> 
     </span>
     <span class='ocr_line' id='line_1_12' title="bbox 16 1515 1652 1597; baseline -0.002 -19"><span class='ocrx_word' id='word_1_128' title='bbox 16 1519 77 1594; x_wconf 87' lang='lat' dir='ltr'>quis</span> <span class='ocrx_word' id='word_1_129' title='bbox 90 1519 181 1582; x_wconf 88' lang='lat' dir='ltr'>daret</span> <span class='ocrx_word' id='word_1_130' title='bbox 193 1519 437 1597; x_wconf 87' lang='lat' dir='ltr'>eleemosynam</span> <span class='ocrx_word' id='word_1_131' title='bbox 446 1519 486 1582; x_wconf 93' lang='lat' dir='ltr'>de</span> <span class='ocrx_word' id='word_1_132' title='bbox 496 1519 637 1597; x_wconf 87' lang='lat' dir='ltr'>rapinis,</span> <span class='ocrx_word' id='word_1_133' title='bbox 648 1521 689 1582; x_wconf 94' lang='lat' dir='ltr'>de</span> <span class='ocrx_word' id='word_1_134' title='bbox 700 1519 796 1582; x_wconf 81' lang='lat' dir='ltr'>iuriis</span> <span class='ocrx_word' id='word_1_135' title='bbox 851 1520 1041 1591; x_wconf 88' lang='lat' dir='ltr'>contritum,</span> <span class='ocrx_word' id='word_1_136' title='bbox 1066 1521 1165 1583; x_wconf 89' lang='lat' dir='ltr'>toties</span> <span class='ocrx_word' id='word_1_137' title='bbox 1187 1522 1259 1596; x_wconf 89' lang='lat' dir='ltr'>ejus</span> <span class='ocrx_word' id='word_1_138' title='bbox 1281 1520 1492 1596; x_wconf 88' lang='lat' dir='ltr'>peccatorum</span> <span class='ocrx_word' id='word_1_139' title='bbox 1511 1515 1652 1576; x_wconf 88' lang='lat' dir='ltr'>maculae</span> 
     </span>
     <span class='ocr_line' id='line_1_13' title="bbox 16 1615 1652 1693; baseline -0.001 -17"><span class='ocrx_word' id='word_1_140' title='bbox 16 1615 61 1676; x_wconf 84' lang='lat' dir='ltr'>vel</span> <span class='ocrx_word' id='word_1_141' title='bbox 80 1615 116 1676; x_wconf 91' lang='lat' dir='ltr'>de</span> <span class='ocrx_word' id='word_1_142' title='bbox 143 1616 339 1692; x_wconf 70' lang='lat' dir='ltr'>sacrilegiis</span> <span class='ocrx_word' id='word_1_143' title='bbox 365 1617 419 1680; x_wconf 90' lang='lat' dir='ltr'>vel</span> <span class='ocrx_word' id='word_1_144' title='bbox 442 1618 477 1679; x_wconf 91' lang='lat' dir='ltr'>in</span> <span class='ocrx_word' id='word_1_145' title='bbox 502 1618 666 1680; x_wconf 89' lang='lat' dir='ltr'>adulterio</span> <span class='ocrx_word' id='word_1_146' title='bbox 688 1618 742 1681; x_wconf 90' lang='lat' dir='ltr'>vel</span> <span class='ocrx_word' id='word_1_147' title='bbox 761 1619 796 1679; x_wconf 89' lang='lat' dir='ltr'>io</span> <span class='ocrx_word' id='word_1_148' title='bbox 851 1617 1079 1693; x_wconf 85' lang='lat' dir='ltr'>deterguntur.</span> <span class='ocrx_word' id='word_1_149' title='bbox 1104 1618 1197 1680; x_wconf 88' lang='lat' dir='ltr'>Unde</span> <span class='ocrx_word' id='word_1_150' title='bbox 1211 1617 1295 1678; x_wconf 88' lang='lat' dir='ltr'>bene</span> <span class='ocrx_word' id='word_1_151' title='bbox 1313 1617 1487 1692; x_wconf 88' lang='lat' dir='ltr'>utrumque</span> <span class='ocrx_word' id='word_1_152' title='bbox 1501 1628 1652 1690; x_wconf 88' lang='lat' dir='ltr'>compre-</span> 
     </span>
     <span class='ocr_line' id='line_1_14' title="bbox 17 1710 1649 1792; baseline -0.003 -18"><span class='ocrx_word' id='word_1_153' title='bbox 17 1714 111 1788; x_wconf 84' lang='lat' dir='ltr'>aliquo</span> <span class='ocrx_word' id='word_1_154' title='bbox 138 1713 307 1780; x_wconf 82' lang='lat' dir='ltr'>criminali</span> <span class='ocrx_word' id='word_1_155' title='bbox 337 1717 472 1791; x_wconf 87' lang='lat' dir='ltr'>peccato</span> <span class='ocrx_word' id='word_1_156' title='bbox 502 1715 642 1787; x_wconf 82' lang='lat' dir='ltr'>defixus,</span> <span class='ocrx_word' id='word_1_157' title='bbox 672 1717 705 1777; x_wconf 89' lang='lat' dir='ltr'>et</span> <span class='ocrx_word' id='word_1_158' title='bbox 738 1731 798 1792; x_wconf 91' lang='lat' dir='ltr'>per</span> <span class='ocrx_word' id='word_1_159' title='bbox 852 1715 967 1777; x_wconf 79' lang='lat' dir='ltr'>uendit</span> <span class='ocrx_word' id='word_1_160' title='bbox 994 1714 1150 1776; x_wconf 81' lang='lat' dir='ltr'>Salomon</span> <span class='ocrx_word' id='word_1_161' title='bbox 1179 1729 1245 1775; x_wconf 90' lang='lat' dir='ltr'>uno</span> <span class='ocrx_word' id='word_1_162' title='bbox 1278 1713 1455 1784; x_wconf 84' lang='lat' dir='ltr'>versiculo,</span> <span class='ocrx_word' id='word_1_163' title='bbox 1482 1728 1556 1772; x_wconf 90' lang='lat' dir='ltr'>cum</span> <span class='ocrx_word' id='word_1_164' title='bbox 1580 1710 1649 1772; x_wconf 88' lang='lat' dir='ltr'>ait:</span> 
     </span>
     <span class='ocr_line' id='line_1_15' title="bbox 18 1809 1651 1890; baseline -0.001 -20"><span class='ocrx_word' id='word_1_165' title='bbox 18 1809 241 1887; x_wconf 81' lang='lat' dir='ltr'>eleemosynas,</span> <span class='ocrx_word' id='word_1_166' title='bbox 259 1826 334 1874; x_wconf 89' lang='lat' dir='ltr'>cum</span> <span class='ocrx_word' id='word_1_167' title='bbox 347 1811 391 1874; x_wconf 90' lang='lat' dir='ltr'>sit</span> <span class='ocrx_word' id='word_1_168' title='bbox 414 1813 635 1889; x_wconf 84' lang='lat' dir='ltr'>impoenitens,</span> <span class='ocrx_word' id='word_1_169' title='bbox 650 1829 686 1874; x_wconf 90' lang='lat' dir='ltr'>se</span> <span class='ocrx_word' id='word_1_170' title='bbox 705 1813 798 1890; x_wconf 88' lang='lat' dir='ltr'>putet</span> <span class='ocrx_word' id='word_1_171' title='bbox 851 1816 957 1874; x_wconf 86' lang='lat' dir='ltr'>Ltoor</span> <span class='ocrx_word' id='word_1_172' title='bbox 970 1817 1124 1874; x_wconf 74' lang='lat' dir='ltr'>cumeris</span> <span class='ocrx_word' id='word_1_173' title='bbox 1133 1813 1306 1888; x_wconf 75' lang='lat' dir='ltr'>absterget</span> <span class='ocrx_word' id='word_1_174' title='bbox 1318 1816 1421 1882; x_wconf 75' lang='lat' dir='ltr'>uum,</span> <span class='ocrx_word' id='word_1_175' title='bbox 1441 1810 1475 1871; x_wconf 87' lang='lat' dir='ltr'>et</span> <span class='ocrx_word' id='word_1_176' title='bbox 1486 1814 1598 1884; x_wconf 79' lang='lat' dir='ltr'>plagae</span> <span class='ocrx_word' id='word_1_177' title='bbox 1612 1811 1651 1868; x_wconf 86' lang='lat' dir='ltr'>tu</span> 
     </span>
     <span class='ocr_line' id='line_1_16' title="bbox 17 1905 1650 1987; baseline -0.002 -19"><span class='ocrx_word' id='word_1_178' title='bbox 17 1909 105 1968; x_wconf 84' lang='lat' dir='ltr'>boum</span> <span class='ocrx_word' id='word_1_179' title='bbox 123 1908 316 1984; x_wconf 70' lang='lat' dir='ltr'>propitiare,</span> <span class='ocrx_word' id='word_1_180' title='bbox 344 1907 703 1987; x_wconf 85' lang='lat' dir='ltr'>tructuseleemosynae</span> <span class='ocrx_word' id='word_1_181' title='bbox 729 1926 797 1974; x_wconf 90' lang='lat' dir='ltr'>non</span> <span class='ocrx_word' id='word_1_182' title='bbox 851 1911 1094 1972; x_wconf 74' lang='lat' dir='ltr'>secretioribus</span> <span class='ocrx_word' id='word_1_183' title='bbox 1115 1910 1249 1972; x_wconf 77' lang='lat' dir='ltr'>uentris</span> <span class='ocrx_word' id='word_1_184' title='bbox 1270 1905 1650 1987; x_wconf 83' lang='lat' dir='ltr'>(Prov.xx‚30).1.ivor</span> 
     </span>
     <span class='ocr_line' id='line_1_17' title="bbox 18 2001 1651 2084; baseline -0.002 -20"><span class='ocrx_word' id='word_1_185' title='bbox 18 2003 106 2066; x_wconf 89' lang='lat' dir='ltr'>bonus</span> <span class='ocrx_word' id='word_1_186' title='bbox 120 2005 274 2078; x_wconf 80' lang='lat' dir='ltr'>eflicitur,</span> <span class='ocrx_word' id='word_1_187' title='bbox 297 2007 375 2084; x_wconf 89' lang='lat' dir='ltr'>quia</span> <span class='ocrx_word' id='word_1_188' title='bbox 390 2023 449 2083; x_wconf 91' lang='lat' dir='ltr'>per</span> <span class='ocrx_word' id='word_1_189' title='bbox 470 2008 698 2084; x_wconf 86' lang='lat' dir='ltr'>eleemosynas</span> <span class='ocrx_word' id='word_1_190' title='bbox 719 2023 798 2068; x_wconf 88' lang='lat' dir='ltr'>suas</span> <span class='ocrx_word' id='word_1_191' title='bbox 851 2007 1000 2068; x_wconf 88' lang='lat' dir='ltr'>vulneris</span> <span class='ocrx_word' id='word_1_192' title='bbox 1021 2007 1072 2070; x_wconf 88' lang='lat' dir='ltr'>est</span> <span class='ocrx_word' id='word_1_193' title='bbox 1085 2007 1272 2078; x_wconf 82' lang='lat' dir='ltr'>infirmitas,</span> <span class='ocrx_word' id='word_1_194' title='bbox 1291 2006 1344 2067; x_wconf 89' lang='lat' dir='ltr'>val</span> <span class='ocrx_word' id='word_1_195' title='bbox 1362 2004 1520 2082; x_wconf 84' lang='lat' dir='ltr'>quaelibet</span> <span class='ocrx_word' id='word_1_196' title='bbox 1540 2001 1651 2079; x_wconf 88' lang='lat' dir='ltr'>passio</span> 
     </span>
     <span class='ocr_line' id='line_1_18' title="bbox 19 2100 1650 2183; baseline -0.001 -22"><span class='ocrx_word' id='word_1_197' title='bbox 19 2103 97 2178; x_wconf 81' lang='lat' dir='ltr'>qnasi</span> <span class='ocrx_word' id='word_1_198' title='bbox 120 2102 192 2166; x_wconf 88' lang='lat' dir='ltr'>vult</span> <span class='ocrx_word' id='word_1_199' title='bbox 215 2117 326 2168; x_wconf 86' lang='lat' dir='ltr'>emere</span> <span class='ocrx_word' id='word_1_200' title='bbox 351 2104 537 2176; x_wconf 88' lang='lat' dir='ltr'>Dominum,</span> <span class='ocrx_word' id='word_1_201' title='bbox 561 2107 597 2167; x_wconf 91' lang='lat' dir='ltr'>ut</span> <span class='ocrx_word' id='word_1_202' title='bbox 617 2105 715 2168; x_wconf 84' lang='lat' dir='ltr'>liceat</span> <span class='ocrx_word' id='word_1_203' title='bbox 734 2104 799 2166; x_wconf 89' lang='lat' dir='ltr'>sibi</span> <span class='ocrx_word' id='word_1_204' title='bbox 853 2105 1011 2182; x_wconf 88' lang='lat' dir='ltr'>corporis,</span> <span class='ocrx_word' id='word_1_205' title='bbox 1040 2106 1118 2183; x_wconf 88' lang='lat' dir='ltr'>quia</span> <span class='ocrx_word' id='word_1_206' title='bbox 1141 2105 1229 2166; x_wconf 91' lang='lat' dir='ltr'>livor</span> <span class='ocrx_word' id='word_1_207' title='bbox 1248 2104 1408 2179; x_wconf 84' lang='lat' dir='ltr'>abstergit</span> <span class='ocrx_word' id='word_1_208' title='bbox 1429 2102 1527 2173; x_wconf 87' lang='lat' dir='ltr'>mala,</span> <span class='ocrx_word' id='word_1_209' title='bbox 1552 2100 1650 2172; x_wconf 89' lang='lat' dir='ltr'>idest,</span> 
     </span>
     <span class='ocr_line' id='line_1_19' title="bbox 17 2198 1650 2279; baseline 0 -21"><span class='ocrx_word' id='word_1_210' title='bbox 17 2199 134 2274; x_wconf 87' lang='lat' dir='ltr'>impure</span> <span class='ocrx_word' id='word_1_211' title='bbox 157 2215 307 2278; x_wconf 83' lang='lat' dir='ltr'>peccare.</span> <span class='ocrx_word' id='word_1_212' title='bbox 338 2202 432 2264; x_wconf 86' lang='lat' dir='ltr'>Unde</span> <span class='ocrx_word' id='word_1_213' title='bbox 459 2204 694 2278; x_wconf 84' lang='lat' dir='ltr'>Augustinus:</span> <span class='ocrx_word' id='word_1_214' title='bbox 723 2203 799 2264; x_wconf 85' lang='lat' dir='ltr'>Vita</span> <span class='ocrx_word' id='word_1_215' title='bbox 853 2204 998 2279; x_wconf 89' lang='lat' dir='ltr'>peccata.</span> <span class='ocrx_word' id='word_1_216' title='bbox 1028 2203 1140 2279; x_wconf 84' lang='lat' dir='ltr'>Plagae</span> <span class='ocrx_word' id='word_1_217' title='bbox 1171 2203 1206 2262; x_wconf 88' lang='lat' dir='ltr'>iu</span> <span class='ocrx_word' id='word_1_218' title='bbox 1234 2200 1470 2264; x_wconf 82' lang='lat' dir='ltr'>secretioribus</span> <span class='ocrx_word' id='word_1_219' title='bbox 1498 2198 1650 2270; x_wconf 90' lang='lat' dir='ltr'>ventris,</span> 
     </span>
     <span class='ocr_line' id='line_1_20' title="bbox 18 2296 1652 2375; baseline -0.002 -17"><span class='ocrx_word' id='word_1_220' title='bbox 18 2299 146 2358; x_wconf 75' lang='lat' dir='ltr'>damiate</span> <span class='ocrx_word' id='word_1_221' title='bbox 158 2299 211 2362; x_wconf 80' lang='lat' dir='ltr'>eat</span> <span class='ocrx_word' id='word_1_222' title='bbox 221 2299 388 2362; x_wconf 75' lang='lat' dir='ltr'>mutuatio</span> <span class='ocrx_word' id='word_1_223' title='bbox 402 2303 439 2362; x_wconf 84' lang='lat' dir='ltr'>tu</span> <span class='ocrx_word' id='word_1_224' title='bbox 450 2304 583 2372; x_wconf 70' lang='lat' dir='ltr'>unctius,</span> <span class='ocrx_word' id='word_1_225' title='bbox 595 2303 628 2364; x_wconf 85' lang='lat' dir='ltr'>et</span> <span class='ocrx_word' id='word_1_226' title='bbox 638 2316 704 2374; x_wconf 84' lang='lat' dir='ltr'>per</span> <span class='ocrx_word' id='word_1_227' title='bbox 718 2305 800 2362; x_wconf 82' lang='lat' dir='ltr'>cice-</span> <span class='ocrx_word' id='word_1_228' title='bbox 853 2299 947 2372; x_wconf 87' lang='lat' dir='ltr'>idest,</span> <span class='ocrx_word' id='word_1_229' title='bbox 964 2300 1120 2363; x_wconf 89' lang='lat' dir='ltr'>contritio</span> <span class='ocrx_word' id='word_1_230' title='bbox 1134 2299 1168 2361; x_wconf 89' lang='lat' dir='ltr'>et</span> <span class='ocrx_word' id='word_1_231' title='bbox 1181 2299 1367 2362; x_wconf 88' lang='lat' dir='ltr'>humiliatio</span> <span class='ocrx_word' id='word_1_232' title='bbox 1389 2297 1592 2375; x_wconf 84' lang='lat' dir='ltr'>poenitentiae</span> <span class='ocrx_word' id='word_1_233' title='bbox 1616 2296 1652 2356; x_wconf 90' lang='lat' dir='ltr'>in</span> 
     </span>
     <span class='ocr_line' id='line_1_21' title="bbox 18 2391 1651 2472; baseline -0.001 -18"><span class='ocrx_word' id='word_1_234' title='bbox 18 2409 162 2468; x_wconf 81' lang='lat' dir='ltr'>mospuas</span> <span class='ocrx_word' id='word_1_235' title='bbox 183 2398 426 2470; x_wconf 78' lang='lat' dir='ltr'>propitiandus</span> <span class='ocrx_word' id='word_1_236' title='bbox 449 2398 502 2458; x_wconf 87' lang='lat' dir='ltr'>cst</span> <span class='ocrx_word' id='word_1_237' title='bbox 524 2401 627 2460; x_wconf 77' lang='lat' dir='ltr'>Deus</span> <span class='ocrx_word' id='word_1_238' title='bbox 657 2399 731 2458; x_wconf 91' lang='lat' dir='ltr'>Non</span> <span class='ocrx_word' id='word_1_239' title='bbox 757 2397 799 2458; x_wconf 88' lang='lat' dir='ltr'>ad</span> <span class='ocrx_word' id='word_1_240' title='bbox 853 2396 1089 2458; x_wconf 89' lang='lat' dir='ltr'>secretioribus</span> <span class='ocrx_word' id='word_1_241' title='bbox 1104 2399 1224 2460; x_wconf 85' lang='lat' dir='ltr'>animae</span> <span class='ocrx_word' id='word_1_242' title='bbox 1234 2396 1429 2472; x_wconf 87' lang='lat' dir='ltr'>abstergunt</span> <span class='ocrx_word' id='word_1_243' title='bbox 1441 2392 1540 2465; x_wconf 88' lang='lat' dir='ltr'>mala,</span> <span class='ocrx_word' id='word_1_244' title='bbox 1555 2391 1651 2463; x_wconf 89' lang='lat' dir='ltr'>idest,</span> 
     </span>
     <span class='ocr_line' id='line_1_22' title="bbox 18 2489 1653 2572; baseline 0 -23"><span class='ocrx_word' id='word_1_245' title='bbox 18 2489 69 2550; x_wconf 87' lang='lat' dir='ltr'>boc</span> <span class='ocrx_word' id='word_1_246' title='bbox 88 2493 325 2568; x_wconf 86' lang='lat' dir='ltr'>quodammodo</span> <span class='ocrx_word' id='word_1_247' title='bbox 349 2494 517 2567; x_wconf 89' lang='lat' dir='ltr'>emendus,</span> <span class='ocrx_word' id='word_1_248' title='bbox 542 2498 578 2556; x_wconf 93' lang='lat' dir='ltr'>ut</span> <span class='ocrx_word' id='word_1_249' title='bbox 601 2509 640 2557; x_wconf 88' lang='lat' dir='ltr'>ea</span> <span class='ocrx_word' id='word_1_250' title='bbox 670 2510 800 2572; x_wconf 88' lang='lat' dir='ltr'>semper</span> <span class='ocrx_word' id='word_1_251' title='bbox 853 2495 1000 2571; x_wconf 88' lang='lat' dir='ltr'>peccata.</span> <span class='ocrx_word' id='word_1_252' title='bbox 1018 2495 1053 2556; x_wconf 85' lang='lat' dir='ltr'>Si</span> <span class='ocrx_word' id='word_1_253' title='bbox 1069 2496 1143 2572; x_wconf 84' lang='lat' dir='ltr'>quis</span> <span class='ocrx_word' id='word_1_254' title='bbox 1155 2495 1257 2570; x_wconf 86' lang='lat' dir='ltr'>igitur</span> <span class='ocrx_word' id='word_1_255' title='bbox 1269 2493 1473 2555; x_wconf 88' lang='lat' dir='ltr'>christianus</span> <span class='ocrx_word' id='word_1_256' title='bbox 1488 2490 1552 2551; x_wconf 84' lang='lat' dir='ltr'>tert</span> <span class='ocrx_word' id='word_1_257' title='bbox 1566 2489 1653 2550; x_wconf 85' lang='lat' dir='ltr'>truc-</span> 
     </span>
     <span class='ocr_line' id='line_1_23' title="bbox 19 2585 1652 2667; baseline -0.001 -20"><span class='ocrx_word' id='word_1_258' title='bbox 19 2585 102 2650; x_wconf 85' lang='lat' dir='ltr'>bceat</span> <span class='ocrx_word' id='word_1_259' title='bbox 115 2591 251 2666; x_wconf 88' lang='lat' dir='ltr'>impune</span> <span class='ocrx_word' id='word_1_260' title='bbox 265 2592 482 2654; x_wconf 84' lang='lat' dir='ltr'>committere.</span> <span class='ocrx_word' id='word_1_261' title='bbox 853 2593 922 2652; x_wconf 89' lang='lat' dir='ltr'>tum</span> <span class='ocrx_word' id='word_1_262' title='bbox 932 2591 1064 2663; x_wconf 92' lang='lat' dir='ltr'>bonum,</span> <span class='ocrx_word' id='word_1_263' title='bbox 1083 2591 1116 2652; x_wconf 91' lang='lat' dir='ltr'>et</span> <span class='ocrx_word' id='word_1_264' title='bbox 1126 2589 1251 2667; x_wconf 90' lang='lat' dir='ltr'>patitur</span> <span class='ocrx_word' id='word_1_265' title='bbox 1265 2589 1411 2666; x_wconf 85' lang='lat' dir='ltr'>aliquam</span> <span class='ocrx_word' id='word_1_266' title='bbox 1426 2585 1652 2649; x_wconf 86' lang='lat' dir='ltr'>infirmitatem</span> 
     </span>
     <span class='ocr_line' id='line_1_24' title="bbox 51 2685 1654 2766; baseline -0.001 -22"><span class='ocrx_word' id='word_1_267' title='bbox 51 2685 107 2746; x_wconf 79' lang='lat' dir='ltr'>Alii</span> <span class='ocrx_word' id='word_1_268' title='bbox 130 2685 260 2750; x_wconf 85' lang='lat' dir='ltr'>faciunt</span> <span class='ocrx_word' id='word_1_269' title='bbox 286 2686 431 2751; x_wconf 81' lang='lat' dir='ltr'>fructum</span> <span class='ocrx_word' id='word_1_270' title='bbox 464 2687 608 2761; x_wconf 88' lang='lat' dir='ltr'>bonum,</span> <span class='ocrx_word' id='word_1_271' title='bbox 634 2689 692 2752; x_wconf 90' lang='lat' dir='ltr'>sed</span> <span class='ocrx_word' id='word_1_272' title='bbox 721 2704 799 2751; x_wconf 88' lang='lat' dir='ltr'>caro</span> <span class='ocrx_word' id='word_1_273' title='bbox 854 2689 1014 2765; x_wconf 88' lang='lat' dir='ltr'>eorporis,</span> <span class='ocrx_word' id='word_1_274' title='bbox 1032 2688 1083 2750; x_wconf 92' lang='lat' dir='ltr'>vel</span> <span class='ocrx_word' id='word_1_275' title='bbox 1095 2688 1311 2766; x_wconf 90' lang='lat' dir='ltr'>temporalem</span> <span class='ocrx_word' id='word_1_276' title='bbox 1327 2685 1572 2756; x_wconf 84' lang='lat' dir='ltr'>adversitatem,</span> <span class='ocrx_word' id='word_1_277' title='bbox 1587 2698 1654 2744; x_wconf 92' lang='lat' dir='ltr'>non</span> 
     </span>
     <span class='ocr_line' id='line_1_25' title="bbox 19 2782 1655 2863; baseline 0 -23"><span class='ocrx_word' id='word_1_278' title='bbox 19 2784 186 2854; x_wconf 87' lang='lat' dir='ltr'>marcescit,</span> <span class='ocrx_word' id='word_1_279' title='bbox 203 2785 240 2844; x_wconf 90' lang='lat' dir='ltr'>ut</span> <span class='ocrx_word' id='word_1_280' title='bbox 253 2787 330 2846; x_wconf 88' lang='lat' dir='ltr'>sunt</span> <span class='ocrx_word' id='word_1_281' title='bbox 340 2785 400 2856; x_wconf 91' lang='lat' dir='ltr'>illi,</span> <span class='ocrx_word' id='word_1_282' title='bbox 417 2785 474 2862; x_wconf 86' lang='lat' dir='ltr'>qui</span> <span class='ocrx_word' id='word_1_283' title='bbox 489 2801 564 2847; x_wconf 92' lang='lat' dir='ltr'>cum</span> <span class='ocrx_word' id='word_1_284' title='bbox 579 2785 647 2848; x_wconf 90' lang='lat' dir='ltr'>sint</span> <span class='ocrx_word' id='word_1_285' title='bbox 661 2786 798 2848; x_wconf 82' lang='lat' dir='ltr'>serven-</span> <span class='ocrx_word' id='word_1_286' title='bbox 855 2785 1077 2858; x_wconf 90' lang='lat' dir='ltr'>contristetur,</span> <span class='ocrx_word' id='word_1_287' title='bbox 1092 2785 1170 2863; x_wconf 85' lang='lat' dir='ltr'>quia</span> <span class='ocrx_word' id='word_1_288' title='bbox 1188 2784 1343 2862; x_wconf 89' lang='lat' dir='ltr'>purgatio</span> <span class='ocrx_word' id='word_1_289' title='bbox 1357 2783 1418 2846; x_wconf 91' lang='lat' dir='ltr'>est.</span> <span class='ocrx_word' id='word_1_290' title='bbox 1432 2783 1471 2844; x_wconf 81' lang='lat' dir='ltr'>et</span> <span class='ocrx_word' id='word_1_291' title='bbox 1482 2782 1558 2842; x_wconf 89' lang='lat' dir='ltr'>ideo</span> <span class='ocrx_word' id='word_1_292' title='bbox 1573 2795 1655 2858; x_wconf 90' lang='lat' dir='ltr'>pur·-</span> 
     </span>
     <span class='ocr_line' id='line_1_26' title="bbox 20 2877 1654 2960; baseline 0.001 -23"><span class='ocrx_word' id='word_1_293' title='bbox 20 2879 59 2938; x_wconf 80' lang='lat' dir='ltr'>tes</span> <span class='ocrx_word' id='word_1_294' title='bbox 75 2880 105 2940; x_wconf 92' lang='lat' dir='ltr'>in</span> <span class='ocrx_word' id='word_1_295' title='bbox 119 2879 296 2957; x_wconf 84' lang='lat' dir='ltr'>principio.</span> <span class='ocrx_word' id='word_1_296' title='bbox 318 2883 505 2958; x_wconf 89' lang='lat' dir='ltr'>emergente</span> <span class='ocrx_word' id='word_1_297' title='bbox 520 2883 632 2960; x_wconf 84' lang='lat' dir='ltr'>aliqua</span> <span class='ocrx_word' id='word_1_298' title='bbox 647 2884 800 2948; x_wconf 88' lang='lat' dir='ltr'>adversi·</span> <span class='ocrx_word' id='word_1_299' title='bbox 854 2885 911 2960; x_wconf 90' lang='lat' dir='ltr'>gat</span> <span class='ocrx_word' id='word_1_300' title='bbox 924 2899 1000 2944; x_wconf 89' lang='lat' dir='ltr'>eum</span> <span class='ocrx_word' id='word_1_301' title='bbox 1023 2883 1167 2944; x_wconf 86' lang='lat' dir='ltr'>coelestis</span> <span class='ocrx_word' id='word_1_302' title='bbox 1182 2882 1341 2959; x_wconf 89' lang='lat' dir='ltr'>agricola,</span> <span class='ocrx_word' id='word_1_303' title='bbox 1367 2885 1404 2942; x_wconf 87' lang='lat' dir='ltr'>ut</span> <span class='ocrx_word' id='word_1_304' title='bbox 1417 2880 1559 2941; x_wconf 79' lang='lat' dir='ltr'>fructum</span> <span class='ocrx_word' id='word_1_305' title='bbox 1579 2877 1654 2955; x_wconf 89' lang='lat' dir='ltr'>plus</span> 
     </span>
     <span class='ocr_line' id='line_1_27' title="bbox 21 2977 1655 3058; baseline 0 -23"><span class='ocrx_word' id='word_1_306' title='bbox 21 2977 75 3036; x_wconf 86' lang='lat' dir='ltr'>tate</span> <span class='ocrx_word' id='word_1_307' title='bbox 86 2977 181 3056; x_wconf 76' lang='lat' dir='ltr'>bspus</span> <span class='ocrx_word' id='word_1_308' title='bbox 192 2978 319 3050; x_wconf 87' lang='lat' dir='ltr'>saeculi,</span> <span class='ocrx_word' id='word_1_309' title='bbox 341 2978 398 3042; x_wconf 89' lang='lat' dir='ltr'>vol</span> <span class='ocrx_word' id='word_1_310' title='bbox 412 2978 617 3051; x_wconf 81' lang='lat' dir='ltr'>difficultate,</span> <span class='ocrx_word' id='word_1_311' title='bbox 638 2980 801 3042; x_wconf 89' lang='lat' dir='ltr'>desistunt</span> <span class='ocrx_word' id='word_1_312' title='bbox 855 2981 984 3053; x_wconf 83' lang='lat' dir='ltr'>afferat,</span> <span class='ocrx_word' id='word_1_313' title='bbox 1001 2981 1079 3058; x_wconf 83' lang='lat' dir='ltr'>quia</span> <span class='ocrx_word' id='word_1_314' title='bbox 1100 2981 1186 3042; x_wconf 88' lang='lat' dir='ltr'>sicut</span> <span class='ocrx_word' id='word_1_315' title='bbox 1204 2980 1325 3056; x_wconf 88' lang='lat' dir='ltr'>legitur</span> <span class='ocrx_word' id='word_1_316' title='bbox 1339 3001 1347 3039; x_wconf 74' lang='grc' dir='ltr'>ι</span> <span class='ocrx_word' id='word_1_317' title='bbox 1361 2981 1432 3040; x_wconf 91' lang='lat' dir='ltr'>Neo</span> <span class='ocrx_word' id='word_1_318' title='bbox 1448 2991 1607 3055; x_wconf 87' lang='lat' dir='ltr'>prospera</span> <span class='ocrx_word' id='word_1_319' title='bbox 1622 2977 1655 3036; x_wconf 89' lang='lat' dir='ltr'>te</span> 
     </span>
     <span class='ocr_line' id='line_1_28' title="bbox 20 3064 1653 3158; baseline 0.001 -27"><span class='ocrx_word' id='word_1_320' title='bbox 20 3087 36 3130; x_wconf 89' lang='lat' dir='ltr'>a</span> <span class='ocrx_word' id='word_1_321' title='bbox 59 3071 134 3136; x_wconf 90' lang='lat' dir='ltr'>bono</span> <span class='ocrx_word' id='word_1_322' title='bbox 147 3091 263 3152; x_wconf 91' lang='lat' dir='ltr'>opere,</span> <span class='ocrx_word' id='word_1_323' title='bbox 278 3064 320 3137; x_wconf 83' lang='lat' dir='ltr'>¹et</span> <span class='ocrx_word' id='word_1_324' title='bbox 339 3076 509 3142; x_wconf 88' lang='lat' dir='ltr'>declinant</span> <span class='ocrx_word' id='word_1_325' title='bbox 530 3077 571 3140; x_wconf 87' lang='lat' dir='ltr'>ad</span> <span class='ocrx_word' id='word_1_326' title='bbox 592 3077 726 3140; x_wconf 87' lang='lat' dir='ltr'>malum.</span> <span class='ocrx_word' id='word_1_327' title='bbox 754 3080 800 3140; x_wconf 90' lang='lat' dir='ltr'>De</span> <span class='ocrx_word' id='word_1_328' title='bbox 855 3078 1008 3150; x_wconf 88' lang='lat' dir='ltr'>allevent,</span> <span class='ocrx_word' id='word_1_329' title='bbox 1033 3093 1094 3139; x_wconf 88' lang='lat' dir='ltr'>neo</span> <span class='ocrx_word' id='word_1_330' title='bbox 1121 3077 1261 3140; x_wconf 90' lang='lat' dir='ltr'>adversa</span> <span class='ocrx_word' id='word_1_331' title='bbox 1287 3079 1321 3140; x_wconf 93' lang='lat' dir='ltr'>te</span> <span class='ocrx_word' id='word_1_332' title='bbox 1335 3075 1542 3145; x_wconf 88' lang='lat' dir='ltr'>conturbent,</span> <span class='ocrx_word' id='word_1_333' title='bbox 1564 3073 1653 3158; x_wconf 79' lang='lat' dir='ltr'>quia,</span> 
     </span>
     <span class='ocr_line' id='line_1_29' title="bbox 19 3168 1654 3249; baseline 0.001 -21"><span class='ocrx_word' id='word_1_334' title='bbox 19 3171 120 3245; x_wconf 87' lang='lat' dir='ltr'>quibus</span> <span class='ocrx_word' id='word_1_335' title='bbox 143 3175 181 3234; x_wconf 91' lang='lat' dir='ltr'>in</span> <span class='ocrx_word' id='word_1_336' title='bbox 210 3172 273 3238; x_wconf 78' lang='lat' dir='ltr'>tob</span> <span class='ocrx_word' id='word_1_337' title='bbox 290 3194 297 3234; x_wconf 77' lang='grc' dir='ltr'><strong>ε</strong></span> <span class='ocrx_word' id='word_1_338' title='bbox 313 3175 474 3238; x_wconf 81' lang='lat' dir='ltr'>Laedetur</span> <span class='ocrx_word' id='word_1_339' title='bbox 503 3178 603 3249; x_wconf 79' lang='lat' dir='ltr'>quast</span> <span class='ocrx_word' id='word_1_340' title='bbox 634 3178 737 3236; x_wconf 82' lang='lat' dir='ltr'>vinca</span> <span class='ocrx_word' id='word_1_341' title='bbox 763 3178 801 3235; x_wconf 84' lang='lat' dir='ltr'>tu</span> <span class='ocrx_word' id='word_1_342' title='bbox 856 3176 942 3239; x_wconf 88' lang='lat' dir='ltr'>sicut</span> <span class='ocrx_word' id='word_1_343' title='bbox 955 3177 1083 3238; x_wconf 82' lang='lat' dir='ltr'>exaltat</span> <span class='ocrx_word' id='word_1_344' title='bbox 1095 3176 1201 3237; x_wconf 89' lang='lat' dir='ltr'>malos</span> <span class='ocrx_word' id='word_1_345' title='bbox 1216 3177 1251 3236; x_wconf 89' lang='lat' dir='ltr'>in</span> <span class='ocrx_word' id='word_1_346' title='bbox 1268 3174 1332 3236; x_wconf 90' lang='lat' dir='ltr'>hoc</span> <span class='ocrx_word' id='word_1_347' title='bbox 1355 3173 1477 3236; x_wconf 88' lang='lat' dir='ltr'>saeculo</span> <span class='ocrx_word' id='word_1_348' title='bbox 1497 3168 1612 3233; x_wconf 84' lang='lat' dir='ltr'>utini</span> <span class='ocrx_word' id='word_1_349' title='bbox 1635 3201 1654 3216; x_wconf 91' lang='lat'><em>-</em></span> 
     </span>
     <span class='ocr_line' id='line_1_30' title="bbox 17 3267 1656 3350; baseline 0.001 -24"><span class='ocrx_word' id='word_1_350' title='bbox 17 3271 117 3340; x_wconf 82' lang='lat' dir='ltr'>prium</span> <span class='ocrx_word' id='word_1_351' title='bbox 128 3272 215 3342; x_wconf 79' lang='lat' dir='ltr'>tiore</span> <span class='ocrx_word' id='word_1_352' title='bbox 230 3271 347 3334; x_wconf 78' lang='lat' dir='ltr'>botrus</span> <span class='ocrx_word' id='word_1_353' title='bbox 359 3275 435 3344; x_wconf 77' lang='lat' dir='ltr'>ejus</span> <span class='ocrx_word' id='word_1_354' title='bbox 447 3269 534 3350; x_wconf 83' lang='lat' dir='ltr'>(tob.</span> <span class='ocrx_word' id='word_1_355' title='bbox 550 3289 606 3344; x_wconf 83' lang='lat' dir='ltr'>xv,</span> <span class='ocrx_word' id='word_1_356' title='bbox 617 3270 684 3350; x_wconf 84' lang='lat'>33).</span> <span class='ocrx_word' id='word_1_357' title='bbox 696 3272 802 3334; x_wconf 87' lang='lat' dir='ltr'>Vinea</span> <span class='ocrx_word' id='word_1_358' title='bbox 855 3274 931 3336; x_wconf 90' lang='lat' dir='ltr'>turo</span> <span class='ocrx_word' id='word_1_359' title='bbox 950 3273 1176 3345; x_wconf 89' lang='lat' dir='ltr'>humilientur,</span> <span class='ocrx_word' id='word_1_360' title='bbox 1204 3274 1252 3334; x_wconf 89' lang='lat' dir='ltr'>ita</span> <span class='ocrx_word' id='word_1_361' title='bbox 1275 3271 1429 3333; x_wconf 87' lang='lat' dir='ltr'>humiliat</span> <span class='ocrx_word' id='word_1_362' title='bbox 1447 3269 1481 3332; x_wconf 91' lang='lat' dir='ltr'>et</span> <span class='ocrx_word' id='word_1_363' title='bbox 1499 3267 1656 3346; x_wconf 88' lang='lat' dir='ltr'>opprimit</span> 
     </span>
     <span class='ocr_line' id='line_1_31' title="bbox 20 3363 1653 3448; baseline 0.002 -25"><span class='ocrx_word' id='word_1_364' title='bbox 20 3363 133 3427; x_wconf 79' lang='lat' dir='ltr'>laeditur</span> <span class='ocrx_word' id='word_1_365' title='bbox 145 3370 179 3430; x_wconf 90' lang='lat' dir='ltr'>in</span> <span class='ocrx_word' id='word_1_366' title='bbox 199 3369 308 3444; x_wconf 91' lang='lat' dir='ltr'>primo</span> <span class='ocrx_word' id='word_1_367' title='bbox 322 3369 415 3442; x_wconf 86' lang='lat' dir='ltr'>tiore,</span> <span class='ocrx_word' id='word_1_368' title='bbox 431 3369 459 3430; x_wconf 87' lang='lat' dir='ltr'>si</span> <span class='ocrx_word' id='word_1_369' title='bbox 475 3371 605 3446; x_wconf 83' lang='lat' dir='ltr'>quando</span> <span class='ocrx_word' id='word_1_370' title='bbox 622 3370 724 3434; x_wconf 89' lang='lat' dir='ltr'>nimio</span> <span class='ocrx_word' id='word_1_371' title='bbox 737 3369 802 3432; x_wconf 85' lang='lat' dir='ltr'>sri—</span> <span class='ocrx_word' id='word_1_372' title='bbox 855 3371 960 3433; x_wconf 90' lang='lat' dir='ltr'>bonos</span> <span class='ocrx_word' id='word_1_373' title='bbox 972 3371 1004 3433; x_wconf 89' lang='lat' dir='ltr'>et</span> <span class='ocrx_word' id='word_1_374' title='bbox 1014 3372 1122 3448; x_wconf 87' lang='lat' dir='ltr'>justos</span> <span class='ocrx_word' id='word_1_375' title='bbox 1137 3370 1374 3432; x_wconf 87' lang='lat' dir='ltr'>tentationibus</span> <span class='ocrx_word' id='word_1_376' title='bbox 1389 3369 1425 3432; x_wconf 89' lang='lat' dir='ltr'>in</span> <span class='ocrx_word' id='word_1_377' title='bbox 1435 3367 1498 3430; x_wconf 90' lang='lat' dir='ltr'>hoc</span> <span class='ocrx_word' id='word_1_378' title='bbox 1519 3366 1653 3438; x_wconf 90' lang='lat' dir='ltr'>mundo,</span> 
     </span>
     <span class='ocr_line' id='line_1_32' title="bbox 20 3466 1277 3542; baseline 0.003 -18"><span class='ocrx_word' id='word_1_379' title='bbox 20 3477 95 3536; x_wconf 82' lang='lat' dir='ltr'>gere,</span> <span class='ocrx_word' id='word_1_380' title='bbox 110 3466 268 3542; x_wconf 87' lang='lat' dir='ltr'>tangitur.</span> <span class='ocrx_word' id='word_1_381' title='bbox 279 3467 400 3532; x_wconf 84' lang='lat' dir='ltr'>Eodem</span> <span class='ocrx_word' id='word_1_382' title='bbox 416 3468 512 3530; x_wconf 89' lang='lat' dir='ltr'>modo</span> <span class='ocrx_word' id='word_1_383' title='bbox 536 3469 631 3531; x_wconf 85' lang='lat' dir='ltr'>multi</span> <span class='ocrx_word' id='word_1_384' title='bbox 646 3468 802 3530; x_wconf 81' lang='lat' dir='ltr'>florentes</span> <span class='ocrx_word' id='word_1_385' title='bbox 857 3469 938 3530; x_wconf 90' lang='lat' dir='ltr'>utin</span> <span class='ocrx_word' id='word_1_386' title='bbox 954 3468 1065 3530; x_wconf 87' lang='lat' dir='ltr'>tuturo</span> <span class='ocrx_word' id='word_1_387' title='bbox 1077 3468 1277 3529; x_wconf 82' lang='lat' dir='ltr'>exaltentur.</span> 
     </span>
     <span class='ocr_line' id='line_1_33' title="bbox 20 3557 1658 3642; baseline 0.003 -25"><span class='ocrx_word' id='word_1_388' title='bbox 20 3557 100 3622; x_wconf 86' lang='lat' dir='ltr'>lonis</span> <span class='ocrx_word' id='word_1_389' title='bbox 114 3563 280 3640; x_wconf 90' lang='lat' dir='ltr'>operibus,</span> <span class='ocrx_word' id='word_1_390' title='bbox 297 3565 394 3642; x_wconf 85' lang='lat' dir='ltr'>quasi</span> <span class='ocrx_word' id='word_1_391' title='bbox 418 3566 515 3628; x_wconf 88' lang='lat' dir='ltr'>vinea</span> <span class='ocrx_word' id='word_1_392' title='bbox 536 3567 719 3642; x_wconf 84' lang='lat' dir='ltr'>tanguntur</span> <span class='ocrx_word' id='word_1_393' title='bbox 736 3565 802 3628; x_wconf 86' lang='lat' dir='ltr'>tri·</span> <span class='ocrx_word' id='word_1_394' title='bbox 898 3565 994 3628; x_wconf 88' lang='lat' dir='ltr'>Unde</span> <span class='ocrx_word' id='word_1_395' title='bbox 1006 3567 1041 3626; x_wconf 92' lang='lat' dir='ltr'>in</span> <span class='ocrx_word' id='word_1_396' title='bbox 1051 3564 1284 3628; x_wconf 80' lang='lat' dir='ltr'>Ecclesiastico</span> <span class='ocrx_word' id='word_1_397' title='bbox 1301 3587 1309 3625; x_wconf 76' lang='grc' dir='ltr'><strong><em>ε</em></strong></span> <span class='ocrx_word' id='word_1_398' title='bbox 1329 3569 1419 3626; x_wconf 80' lang='lat' dir='ltr'>Vasa</span> <span class='ocrx_word' id='word_1_399' title='bbox 1429 3565 1525 3638; x_wconf 75' lang='lat' dir='ltr'>figuti</span> <span class='ocrx_word' id='word_1_400' title='bbox 1535 3561 1658 3638; x_wconf 82' lang='lat' dir='ltr'>probat</span> 
     </span>
     <span class='ocr_line' id='line_1_34' title="bbox 20 3659 1656 3737; baseline -0.001 -19"><span class='ocrx_word' id='word_1_401' title='bbox 20 3671 95 3731; x_wconf 85' lang='lat' dir='ltr'>gore,</span> <span class='ocrx_word' id='word_1_402' title='bbox 118 3661 214 3732; x_wconf 88' lang='lat' dir='ltr'>idest.</span> <span class='ocrx_word' id='word_1_403' title='bbox 243 3661 454 3735; x_wconf 82' lang='lat' dir='ltr'>adversitate,</span> <span class='ocrx_word' id='word_1_404' title='bbox 470 3664 504 3726; x_wconf 87' lang='lat' dir='ltr'>et</span> <span class='ocrx_word' id='word_1_405' title='bbox 515 3665 725 3726; x_wconf 87' lang='lat' dir='ltr'>marcescunt</span> <span class='ocrx_word' id='word_1_406' title='bbox 740 3680 801 3725; x_wconf 90' lang='lat' dir='ltr'>eo·</span> <span class='ocrx_word' id='word_1_407' title='bbox 857 3666 997 3737; x_wconf 72' lang='lat' dir='ltr'>fornum,</span> <span class='ocrx_word' id='word_1_408' title='bbox 1023 3664 1057 3725; x_wconf 86' lang='lat' dir='ltr'>ct</span> <span class='ocrx_word' id='word_1_409' title='bbox 1076 3667 1230 3726; x_wconf 76' lang='lat' dir='ltr'>nomines</span> <span class='ocrx_word' id='word_1_410' title='bbox 1243 3663 1359 3735; x_wconf 78' lang='lat' dir='ltr'>justos</span> <span class='ocrx_word' id='word_1_411' title='bbox 1380 3662 1524 3722; x_wconf 79' lang='lat' dir='ltr'>tentatio</span> <span class='ocrx_word' id='word_1_412' title='bbox 1543 3659 1656 3719; x_wconf 79' lang='lat' dir='ltr'>trtiu-</span> 
     </span>
     <span class='ocr_line' id='line_1_35' title="bbox 21 3755 1658 3839; baseline 0.001 -27"><span class='ocrx_word' id='word_1_413' title='bbox 21 3767 82 3814; x_wconf 89' lang='lat' dir='ltr'>mm</span> <span class='ocrx_word' id='word_1_414' title='bbox 93 3757 187 3830; x_wconf 87' lang='lat' dir='ltr'>botri,</span> <span class='ocrx_word' id='word_1_415' title='bbox 200 3758 288 3824; x_wconf 87' lang='lat' dir='ltr'>idest</span> <span class='ocrx_word' id='word_1_416' title='bbox 302 3759 411 3831; x_wconf 86' lang='lat' dir='ltr'>flores,</span> <span class='ocrx_word' id='word_1_417' title='bbox 430 3761 516 3824; x_wconf 87' lang='lat' dir='ltr'>idest</span> <span class='ocrx_word' id='word_1_418' title='bbox 526 3760 621 3824; x_wconf 82' lang='lat' dir='ltr'>bonoe</span> <span class='ocrx_word' id='word_1_419' title='bbox 636 3763 805 3838; x_wconf 87' lang='lat' dir='ltr'>operatio-</span> <span class='ocrx_word' id='word_1_420' title='bbox 857 3761 995 3822; x_wconf 78' lang='lat' dir='ltr'>tutionis</span> <span class='ocrx_word' id='word_1_421' title='bbox 1007 3759 1122 3839; x_wconf 73' lang='lat' dir='ltr'>(ticoli.</span> <span class='ocrx_word' id='word_1_422' title='bbox 1137 3755 1298 3837; x_wconf 77' lang='lat' dir='ltr'>xxvrnti).</span> <span class='ocrx_word' id='word_1_423' title='bbox 1309 3758 1402 3820; x_wconf 86' lang='lat' dir='ltr'>Sicut</span> <span class='ocrx_word' id='word_1_424' title='bbox 1411 3757 1503 3818; x_wconf 87' lang='lat' dir='ltr'>calor</span> <span class='ocrx_word' id='word_1_425' title='bbox 1512 3755 1658 3816; x_wconf 80' lang='lat' dir='ltr'>fornacis</span> 
     </span>
     <span class='ocr_line' id='line_1_36' title="bbox 21 3851 1656 3936; baseline 0 -25"><span class='ocrx_word' id='word_1_426' title='bbox 21 3865 78 3912; x_wconf 87' lang='lat' dir='ltr'>nes.</span> <span class='ocrx_word' id='word_1_427' title='bbox 94 3857 151 3918; x_wconf 86' lang='lat' dir='ltr'>Sed</span> <span class='ocrx_word' id='word_1_428' title='bbox 166 3855 249 3934; x_wconf 86' lang='lat' dir='ltr'>quid</span> <span class='ocrx_word' id='word_1_429' title='bbox 259 3857 392 3934; x_wconf 89' lang='lat' dir='ltr'>prodest</span> <span class='ocrx_word' id='word_1_430' title='bbox 406 3858 455 3920; x_wconf 89' lang='lat' dir='ltr'>eis</span> <span class='ocrx_word' id='word_1_431' title='bbox 466 3859 551 3936; x_wconf 88' lang='lat' dir='ltr'>quod</span> <span class='ocrx_word' id='word_1_432' title='bbox 563 3859 669 3935; x_wconf 90' lang='lat' dir='ltr'>primo</span> <span class='ocrx_word' id='word_1_433' title='bbox 680 3859 805 3921; x_wconf 85' lang='lat' dir='ltr'>luerint</span> <span class='ocrx_word' id='word_1_434' title='bbox 859 3857 994 3918; x_wconf 87' lang='lat' dir='ltr'>indurat</span> <span class='ocrx_word' id='word_1_435' title='bbox 1011 3873 1091 3918; x_wconf 91' lang='lat' dir='ltr'>vasa</span> <span class='ocrx_word' id='word_1_436' title='bbox 1107 3857 1232 3927; x_wconf 82' lang='lat' dir='ltr'>fictilia,</span> <span class='ocrx_word' id='word_1_437' title='bbox 1249 3871 1323 3931; x_wconf 83' lang='lat' dir='ltr'>quae</span> <span class='ocrx_word' id='word_1_438' title='bbox 1338 3855 1431 3930; x_wconf 89' lang='lat' dir='ltr'>prius</span> <span class='ocrx_word' id='word_1_439' title='bbox 1449 3852 1547 3914; x_wconf 88' lang='lat' dir='ltr'>erent</span> <span class='ocrx_word' id='word_1_440' title='bbox 1566 3851 1656 3912; x_wconf 89' lang='lat' dir='ltr'>mol·-</span> 
     </span>
     <span class='ocr_line' id='line_1_37' title="bbox 21 3939 1658 4032; baseline 0.001 -25"><span class='ocrx_word' id='word_1_441' title='bbox 21 3947 165 4015; x_wconf 78' lang='lat' dir='ltr'>ferventes</span> <span class='ocrx_word' id='word_1_442' title='bbox 175 3955 213 4018; x_wconf 89' lang='lat' dir='ltr'>in</span> <span class='ocrx_word' id='word_1_443' title='bbox 229 3952 315 4016; x_wconf 91' lang='lat' dir='ltr'>bono</span> <span class='ocrx_word' id='word_1_444' title='bbox 327 3970 439 4032; x_wconf 91' lang='lat' dir='ltr'>opere.</span> <span class='ocrx_word' id='word_1_445' title='bbox 451 3939 805 4020; x_wconf 80' lang='lat' dir='ltr'>sitam&#39;citoresistunt</span> <span class='ocrx_word' id='word_1_446' title='bbox 860 3955 924 4028; x_wconf 91' lang='lat' dir='ltr'>lia,</span> <span class='ocrx_word' id='word_1_447' title='bbox 961 3955 1008 4017; x_wconf 90' lang='lat' dir='ltr'>ita</span> <span class='ocrx_word' id='word_1_448' title='bbox 1041 3955 1180 4016; x_wconf 86' lang='lat' dir='ltr'>tentatio</span> <span class='ocrx_word' id='word_1_449' title='bbox 1218 3952 1443 4014; x_wconf 87' lang='lat' dir='ltr'>tribulationis</span> <span class='ocrx_word' id='word_1_450' title='bbox 1483 3949 1658 4012; x_wconf 85' lang='lat' dir='ltr'>confirmat</span> 
     </span>
     <span class='ocr_line' id='line_1_38' title="bbox 23 4047 1659 4129; baseline -0.001 -21"><span class='ocrx_word' id='word_1_451' title='bbox 23 4061 70 4120; x_wconf 89' lang='lat' dir='ltr'>pro</span> <span class='ocrx_word' id='word_1_452' title='bbox 82 4049 221 4128; x_wconf 90' lang='lat' dir='ltr'>alicujus</span> <span class='ocrx_word' id='word_1_453' title='bbox 243 4051 472 4128; x_wconf 86' lang='lat' dir='ltr'>malignitatet</span> <span class='ocrx_word' id='word_1_454' title='bbox 493 4053 586 4118; x_wconf 90' lang='lat' dir='ltr'>Unde</span> <span class='ocrx_word' id='word_1_455' title='bbox 599 4055 802 4129; x_wconf 78' lang='lat' dir='ltr'>Gregorius:</span> <span class='ocrx_word' id='word_1_456' title='bbox 859 4052 993 4113; x_wconf 89' lang='lat' dir='ltr'>sanctos</span> <span class='ocrx_word' id='word_1_457' title='bbox 1012 4052 1048 4111; x_wconf 91' lang='lat' dir='ltr'>in</span> <span class='ocrx_word' id='word_1_458' title='bbox 1069 4051 1161 4112; x_wconf 91' lang='lat' dir='ltr'>omni</span> <span class='ocrx_word' id='word_1_459' title='bbox 1181 4050 1322 4112; x_wconf 86' lang='lat' dir='ltr'>veritate</span> <span class='ocrx_word' id='word_1_460' title='bbox 1349 4049 1382 4110; x_wconf 86' lang='lat' dir='ltr'>ot</span> <span class='ocrx_word' id='word_1_461' title='bbox 1401 4047 1543 4125; x_wconf 86' lang='lat' dir='ltr'>justitia,</span> <span class='ocrx_word' id='word_1_462' title='bbox 1560 4048 1659 4124; x_wconf 83' lang='lat' dir='ltr'>juxta</span> 
     </span>
     <span class='ocr_line' id='line_1_39' title="bbox 23 4144 1657 4226; baseline 0.002 -23"><span class='ocrx_word' id='word_1_463' title='bbox 23 4146 208 4211; x_wconf 66' lang='lat' dir='ltr'>«trusum</span> <span class='ocrx_word' id='word_1_464' title='bbox 242 4147 364 4214; x_wconf 87' lang='lat' dir='ltr'>bonum</span> <span class='ocrx_word' id='word_1_465' title='bbox 400 4149 528 4224; x_wconf 86' lang='lat' dir='ltr'>agitur,</span> <span class='ocrx_word' id='word_1_466' title='bbox 566 4151 594 4213; x_wconf 86' lang='lat' dir='ltr'>si</span> <span class='ocrx_word' id='word_1_467' title='bbox 623 4151 699 4212; x_wconf 88' lang='lat' dir='ltr'>ante</span> <span class='ocrx_word' id='word_1_468' title='bbox 727 4151 805 4212; x_wconf 83' lang='lat' dir='ltr'>vitae</span> <span class='ocrx_word' id='word_1_469' title='bbox 860 4149 946 4226; x_wconf 87' lang='lat' dir='ltr'>quod</span> <span class='ocrx_word' id='word_1_470' title='bbox 972 4149 1054 4210; x_wconf 90' lang='lat' dir='ltr'>dicit</span> <span class='ocrx_word' id='word_1_471' title='bbox 1069 4147 1172 4211; x_wconf 82' lang='lat' dir='ltr'>iacob</span> <span class='ocrx_word' id='word_1_472' title='bbox 1188 4164 1196 4209; x_wconf 92' lang='lat'><strong>:</strong></span> <span class='ocrx_word' id='word_1_473' title='bbox 1214 4150 1320 4209; x_wconf 68' lang='lat' dir='ltr'>Omne</span> <span class='ocrx_word' id='word_1_474' title='bbox 1340 4149 1507 4222; x_wconf 78' lang='lat' dir='ltr'>gaudium</span> <span class='ocrx_word' id='word_1_475' title='bbox 1529 4144 1657 4206; x_wconf 75' lang='lat' dir='ltr'>emisti-</span> 
     </span>
     <span class='ocr_line' id='line_1_40' title="bbox 24 4241 1659 4323; baseline 0.002 -24"><span class='ocrx_word' id='word_1_476' title='bbox 24 4241 181 4305; x_wconf 87' lang='lat' dir='ltr'>terminum</span> <span class='ocrx_word' id='word_1_477' title='bbox 217 4244 443 4308; x_wconf 84' lang='lat' dir='ltr'>deseratur.»</span> <span class='ocrx_word' id='word_1_478' title='bbox 479 4248 518 4309; x_wconf 83' lang='lat' dir='ltr'>st</span> <span class='ocrx_word' id='word_1_479' title='bbox 542 4247 718 4323; x_wconf 81' lang='lat' dir='ltr'>apostolus</span> <span class='ocrx_word' id='word_1_480' title='bbox 744 4263 805 4310; x_wconf 93' lang='lat' dir='ltr'>nos</span> <span class='ocrx_word' id='word_1_481' title='bbox 861 4248 964 4319; x_wconf 85' lang='lat' dir='ltr'>mate,</span> <span class='ocrx_word' id='word_1_482' title='bbox 982 4247 1125 4320; x_wconf 82' lang='lat' dir='ltr'>fratres,</span> <span class='ocrx_word' id='word_1_483' title='bbox 1141 4261 1220 4306; x_wconf 85' lang='lat' dir='ltr'>cum</span> <span class='ocrx_word' id='word_1_484' title='bbox 1235 4245 1425 4306; x_wconf 64' lang='lat' dir='ltr'>redderitis</span> <span class='ocrx_word' id='word_1_485' title='bbox 1439 4247 1477 4306; x_wconf 86' lang='lat' dir='ltr'>tu</span> <span class='ocrx_word' id='word_1_486' title='bbox 1493 4242 1659 4304; x_wconf 79' lang='lat' dir='ltr'>tentatio-</span> 
     </span>
     <span class='ocr_line' id='line_1_41' title="bbox 25 4335 1660 4422; baseline 0.004 -28"><span class='ocrx_word' id='word_1_487' title='bbox 25 4335 807 4417; x_wconf 71' lang='lat' dir='ltr'>bortatur,dioenszssonumsociantesmondest·</span> <span class='ocrx_word' id='word_1_488' title='bbox 862 4359 943 4405; x_wconf 82' lang='lat' dir='ltr'>uem</span> <span class='ocrx_word' id='word_1_489' title='bbox 972 4342 1056 4422; x_wconf 86' lang='lat' dir='ltr'>(Jac.</span> <span class='ocrx_word' id='word_1_490' title='bbox 1086 4359 1109 4416; x_wconf 90' lang='lat'>1,</span> <span class='ocrx_word' id='word_1_491' title='bbox 1139 4342 1184 4422; x_wconf 83' lang='lat'>2).</span> <span class='ocrx_word' id='word_1_492' title='bbox 1213 4343 1252 4407; x_wconf 80' lang='lat' dir='ltr'>at</span> <span class='ocrx_word' id='word_1_493' title='bbox 1283 4341 1444 4404; x_wconf 86' lang='lat' dir='ltr'>Dominus</span> <span class='ocrx_word' id='word_1_494' title='bbox 1464 4362 1471 4401; x_wconf 75' lang='grc' dir='ltr'>ι</span> <span class='ocrx_word' id='word_1_495' title='bbox 1491 4343 1571 4401; x_wconf 75' lang='lat' dir='ltr'>tam</span> <span class='ocrx_word' id='word_1_496' title='bbox 1599 4354 1660 4401; x_wconf 83' lang='lat' dir='ltr'>vos</span> 
     </span>
     <span class='ocr_line' id='line_1_42' title="bbox 24 4437 1663 4518; baseline 0.004 -28"><span class='ocrx_word' id='word_1_497' title='bbox 24 4437 136 4498; x_wconf 75' lang='lat' dir='ltr'>curans</span> <span class='ocrx_word' id='word_1_498' title='bbox 150 4438 240 4517; x_wconf 84' lang='lat' dir='ltr'>(Gal.</span> <span class='ocrx_word' id='word_1_499' title='bbox 256 4455 301 4511; x_wconf 82' lang='lat' dir='ltr'>vr,</span> <span class='ocrx_word' id='word_1_500' title='bbox 317 4437 362 4518; x_wconf 86' lang='grc'>9).</span> <span class='ocrx_word' id='word_1_501' title='bbox 378 4439 462 4514; x_wconf 90' lang='lat' dir='ltr'>Quia</span> <span class='ocrx_word' id='word_1_502' title='bbox 473 4441 596 4516; x_wconf 88' lang='lat' dir='ltr'>legitur</span> <span class='ocrx_word' id='word_1_503' title='bbox 610 4441 644 4502; x_wconf 91' lang='lat' dir='ltr'>in</span> <span class='ocrx_word' id='word_1_504' title='bbox 661 4443 807 4517; x_wconf 85' lang='lat' dir='ltr'>Evange·</span> <span class='ocrx_word' id='word_1_505' title='bbox 860 4443 980 4502; x_wconf 82' lang='lat' dir='ltr'>mundi</span> <span class='ocrx_word' id='word_1_506' title='bbox 992 4441 1078 4503; x_wconf 84' lang='lat' dir='ltr'>estis</span> <span class='ocrx_word' id='word_1_507' title='bbox 1087 4441 1234 4515; x_wconf 79' lang='lat' dir='ltr'>propter</span> <span class='ocrx_word' id='word_1_508' title='bbox 1246 4453 1443 4502; x_wconf 70' lang='lat' dir='ltr'>samsonem</span> <span class='ocrx_word' id='word_1_509' title='bbox 1461 4453 1563 4512; x_wconf 78' lang='lat' dir='ltr'>quem</span> <span class='ocrx_word' id='word_1_510' title='bbox 1575 4442 1663 4498; x_wconf 83' lang='lat' dir='ltr'>locu·</span> 
     </span>
     <span class='ocr_line' id='line_1_43' title="bbox 25 4527 1661 4615; baseline 0.002 -26"><span class='ocrx_word' id='word_1_511' title='bbox 25 4527 400 4611; x_wconf 74' lang='lat' dir='ltr'>1102uonqutooeperrr,</span> <span class='ocrx_word' id='word_1_512' title='bbox 417 4540 477 4599; x_wconf 85' lang='lat' dir='ltr'>sed</span> <span class='ocrx_word' id='word_1_513' title='bbox 490 4541 808 4612; x_wconf 77' lang='lat' dir='ltr'>quiperscocraoe-</span> <span class='ocrx_word' id='word_1_514' title='bbox 858 4539 917 4606; x_wconf 69' lang='lat' dir='ltr'>,tus</span> <span class='ocrx_word' id='word_1_515' title='bbox 943 4553 1022 4600; x_wconf 86' lang='lat' dir='ltr'>sum</span> <span class='ocrx_word' id='word_1_516' title='bbox 1050 4541 1144 4602; x_wconf 80' lang='lat' dir='ltr'>oootr</span> <span class='ocrx_word' id='word_1_517' title='bbox 1166 4535 1275 4615; x_wconf 85' lang='lat' dir='ltr'>(Joan.</span> <span class='ocrx_word' id='word_1_518' title='bbox 1302 4552 1358 4608; x_wconf 80' lang='lat' dir='ltr'>xv,</span> <span class='ocrx_word' id='word_1_519' title='bbox 1378 4533 1424 4613; x_wconf 88' lang='lat'>3).</span> <span class='ocrx_word' id='word_1_520' title='bbox 1447 4537 1553 4612; x_wconf 87' lang='lat' dir='ltr'>Super</span> <span class='ocrx_word' id='word_1_521' title='bbox 1572 4533 1661 4594; x_wconf 89' lang='lat' dir='ltr'>hunc</span> 
     </span>
     <span class='ocr_line' id='line_1_44' title="bbox 25 4629 1661 4713; baseline 0.004 -29"><span class='ocrx_word' id='word_1_522' title='bbox 25 4629 175 4705; x_wconf 83' lang='lat' dir='ltr'>ritusque</span> <span class='ocrx_word' id='word_1_523' title='bbox 194 4637 234 4694; x_wconf 84' lang='lat' dir='ltr'>tu</span> <span class='ocrx_word' id='word_1_524' title='bbox 251 4635 368 4706; x_wconf 73' lang='lat' dir='ltr'>fluam,</span> <span class='ocrx_word' id='word_1_525' title='bbox 386 4637 440 4696; x_wconf 80' lang='lat' dir='ltr'>bic</span> <span class='ocrx_word' id='word_1_526' title='bbox 453 4640 569 4698; x_wconf 69' lang='lat' dir='ltr'>sueres</span> <span class='ocrx_word' id='word_1_527' title='bbox 586 4635 655 4696; x_wconf 73' lang='lat' dir='ltr'>erit</span> <span class='ocrx_word' id='word_1_528' title='bbox 673 4633 804 4713; x_wconf 87' lang='lat' dir='ltr'>(Matth.</span> <span class='ocrx_word' id='word_1_529' title='bbox 861 4634 970 4697; x_wconf 90' lang='lat' dir='ltr'>locum</span> <span class='ocrx_word' id='word_1_530' title='bbox 999 4635 1079 4697; x_wconf 91' lang='lat' dir='ltr'>dicit</span> <span class='ocrx_word' id='word_1_531' title='bbox 1101 4634 1318 4711; x_wconf 83' lang='lat' dir='ltr'>Augustinus,</span> <span class='ocrx_word' id='word_1_532' title='bbox 1340 4633 1427 4710; x_wconf 82' lang='lat' dir='ltr'>quod</span> <span class='ocrx_word' id='word_1_533' title='bbox 1448 4632 1598 4693; x_wconf 80' lang='lat' dir='ltr'>Christus</span> <span class='ocrx_word' id='word_1_534' title='bbox 1619 4630 1661 4691; x_wconf 92' lang='lat' dir='ltr'>de</span> 
     </span>
     <span class='ocr_line' id='line_1_45' title="bbox 25 4728 1662 4810; baseline 0.002 -24"><span class='ocrx_word' id='word_1_535' title='bbox 25 4728 119 4802; x_wconf 67' lang='lat' dir='ltr'>nit).</span> <span class='ocrx_word' id='word_1_536' title='bbox 141 4730 249 4806; x_wconf 89' lang='lat' dir='ltr'>Igitur</span> <span class='ocrx_word' id='word_1_537' title='bbox 262 4746 391 4791; x_wconf 92' lang='lat' dir='ltr'>omnem</span> <span class='ocrx_word' id='word_1_538' title='bbox 411 4732 579 4808; x_wconf 86' lang='lat' dir='ltr'>palmitem</span> <span class='ocrx_word' id='word_1_539' title='bbox 606 4748 672 4794; x_wconf 90' lang='lat' dir='ltr'>non</span> <span class='ocrx_word' id='word_1_540' title='bbox 696 4733 808 4794; x_wconf 85' lang='lat' dir='ltr'>teren—</span> <span class='ocrx_word' id='word_1_541' title='bbox 862 4731 1025 4810; x_wconf 86' lang='lat' dir='ltr'>baptismo</span> <span class='ocrx_word' id='word_1_542' title='bbox 1051 4733 1095 4794; x_wconf 89' lang='lat' dir='ltr'>sit</span> <span class='ocrx_word' id='word_1_543' title='bbox 1115 4733 1246 4793; x_wconf 90' lang='lat' dir='ltr'>locutus</span> <span class='ocrx_word' id='word_1_544' title='bbox 1267 4730 1468 4794; x_wconf 71' lang='lat' dir='ltr'>beureria.</span> <span class='ocrx_word' id='word_1_545' title='bbox 1487 4729 1549 4790; x_wconf 84' lang='lat' dir='ltr'>Sed</span> <span class='ocrx_word' id='word_1_546' title='bbox 1568 4743 1662 4807; x_wconf 83' lang='lat' dir='ltr'>quae·</span> 
     </span>
     <span class='ocr_line' id='line_1_46' title="bbox 27 4821 1662 4905; baseline 0.004 -26"><span class='ocrx_word' id='word_1_547' title='bbox 27 4821 77 4884; x_wconf 88' lang='lat' dir='ltr'>tem</span> <span class='ocrx_word' id='word_1_548' title='bbox 96 4825 250 4899; x_wconf 83' lang='lat' dir='ltr'>fructum,</span> <span class='ocrx_word' id='word_1_549' title='bbox 267 4827 320 4888; x_wconf 91' lang='lat' dir='ltr'>vel</span> <span class='ocrx_word' id='word_1_550' title='bbox 337 4827 497 4892; x_wconf 85' lang='lat' dir='ltr'>terentem</span> <span class='ocrx_word' id='word_1_551' title='bbox 512 4828 645 4905; x_wconf 86' lang='lat' dir='ltr'>quidem</span> <span class='ocrx_word' id='word_1_552' title='bbox 661 4829 718 4890; x_wconf 92' lang='lat' dir='ltr'>sed</span> <span class='ocrx_word' id='word_1_553' title='bbox 741 4845 807 4890; x_wconf 89' lang='lat' dir='ltr'>non</span> <span class='ocrx_word' id='word_1_554' title='bbox 863 4829 1001 4894; x_wconf 89' lang='lat' dir='ltr'>rendum</span> <span class='ocrx_word' id='word_1_555' title='bbox 1016 4829 1112 4890; x_wconf 85' lang='lat' dir='ltr'>nobis</span> <span class='ocrx_word' id='word_1_556' title='bbox 1126 4831 1187 4901; x_wconf 87' lang='lat' dir='ltr'>est,</span> <span class='ocrx_word' id='word_1_557' title='bbox 1205 4843 1385 4905; x_wconf 86' lang='lat' dir='ltr'>quarenon</span> <span class='ocrx_word' id='word_1_558' title='bbox 1400 4827 1515 4888; x_wconf 79' lang='lat' dir='ltr'>dixit«</span> <span class='ocrx_word' id='word_1_559' title='bbox 1528 4827 1662 4903; x_wconf 87' lang='lat' dir='ltr'>propter</span> 
     </span>
     <span class='ocr_line' id='line_1_47' title="bbox 25 4915 1662 5005; baseline 0.005 -28"><span class='ocrx_word' id='word_1_560' title='bbox 25 4915 139 4995; x_wconf 89' lang='lat' dir='ltr'>bonum,</span> <span class='ocrx_word' id='word_1_561' title='bbox 164 4925 222 4987; x_wconf 89' lang='lat' dir='ltr'>vel</span> <span class='ocrx_word' id='word_1_562' title='bbox 247 4923 406 4989; x_wconf 82' lang='lat' dir='ltr'>terentem</span> <span class='ocrx_word' id='word_1_563' title='bbox 430 4925 553 4992; x_wconf 89' lang='lat' dir='ltr'>bonum</span> <span class='ocrx_word' id='word_1_564' title='bbox 573 4926 630 4987; x_wconf 89' lang='lat' dir='ltr'>sed</span> <span class='ocrx_word' id='word_1_565' title='bbox 645 4927 711 4988; x_wconf 89' lang='lat' dir='ltr'>cito</span> <span class='ocrx_word' id='word_1_566' title='bbox 726 4927 809 4989; x_wconf 88' lang='lat' dir='ltr'>detl-</span> <span class='ocrx_word' id='word_1_567' title='bbox 838 4927 1061 5005; x_wconf 88' lang='lat' dir='ltr'>baptismum</span> <span class='ocrx_word' id='word_1_568' title='bbox 1096 4925 1181 5003; x_wconf 86' lang='lat' dir='ltr'>quod</span> <span class='ocrx_word' id='word_1_569' title='bbox 1217 4925 1293 4987; x_wconf 94' lang='lat' dir='ltr'>dedi</span> <span class='ocrx_word' id='word_1_570' title='bbox 1326 4924 1431 4996; x_wconf 89' lang='lat' dir='ltr'>vobis,</span> <span class='ocrx_word' id='word_1_571' title='bbox 1466 4939 1542 4985; x_wconf 92' lang='lat' dir='ltr'>cum</span> <span class='ocrx_word' id='word_1_572' title='bbox 1577 4923 1662 4986; x_wconf 76' lang='lat' dir='ltr'>dixit</span> 
     </span>
     <span class='ocr_line' id='line_1_48' title="bbox 25 5015 1662 5102; baseline 0.005 -29"><span class='ocrx_word' id='word_1_573' title='bbox 25 5015 159 5091; x_wconf 88' lang='lat' dir='ltr'>cientem,</span> <span class='ocrx_word' id='word_1_574' title='bbox 176 5020 274 5084; x_wconf 88' lang='lat' dir='ltr'>tollet</span> <span class='ocrx_word' id='word_1_575' title='bbox 287 5023 430 5086; x_wconf 87' lang='lat' dir='ltr'>coelestis</span> <span class='ocrx_word' id='word_1_576' title='bbox 448 5024 608 5100; x_wconf 78' lang='lat' dir='ltr'>agricola.</span> <span class='ocrx_word' id='word_1_577' title='bbox 623 5025 664 5086; x_wconf 81' lang='lat' dir='ltr'>at</span> <span class='ocrx_word' id='word_1_578' title='bbox 678 5039 808 5088; x_wconf 88' lang='lat' dir='ltr'>omnem</span> <span class='ocrx_word' id='word_1_579' title='bbox 862 5026 1192 5102; x_wconf 89' lang='lat' dir='ltr'>proptersermonem</span> <span class='ocrx_word' id='word_1_580' title='bbox 1205 5037 1302 5100; x_wconf 88' lang='lat' dir='ltr'>quem</span> <span class='ocrx_word' id='word_1_581' title='bbox 1312 5020 1662 5084; x_wconf 82' lang='lat' dir='ltr'>locutussumvohis.»</span> 
     </span>
     <span class='ocr_line' id='line_1_49' title="bbox 26 5115 1660 5197; baseline 0.002 -23"><span class='ocrx_word' id='word_1_582' title='bbox 26 5115 71 5188; x_wconf 82' lang='lat' dir='ltr'>qui</span> <span class='ocrx_word' id='word_1_583' title='bbox 90 5117 150 5180; x_wconf 89' lang='lat' dir='ltr'>tert</span> <span class='ocrx_word' id='word_1_584' title='bbox 164 5119 320 5192; x_wconf 82' lang='lat' dir='ltr'>trucium,</span> <span class='ocrx_word' id='word_1_585' title='bbox 340 5120 494 5197; x_wconf 86' lang='lat' dir='ltr'>purgabit</span> <span class='ocrx_word' id='word_1_586' title='bbox 508 5137 595 5194; x_wconf 90' lang='lat' dir='ltr'>eum,</span> <span class='ocrx_word' id='word_1_587' title='bbox 616 5123 653 5183; x_wconf 90' lang='lat' dir='ltr'>ut</span> <span class='ocrx_word' id='word_1_588' title='bbox 665 5121 807 5186; x_wconf 78' lang='lat' dir='ltr'>fructum</span> <span class='ocrx_word' id='word_1_589' title='bbox 864 5122 910 5183; x_wconf 80' lang='lat' dir='ltr'>nd</span> <span class='ocrx_word' id='word_1_590' title='bbox 928 5121 991 5183; x_wconf 92' lang='lat' dir='ltr'>boc</span> <span class='ocrx_word' id='word_1_591' title='bbox 1014 5120 1184 5182; x_wconf 87' lang='lat' dir='ltr'>sciendum</span> <span class='ocrx_word' id='word_1_592' title='bbox 1204 5121 1291 5197; x_wconf 87' lang='lat' dir='ltr'>quod</span> <span class='ocrx_word' id='word_1_593' title='bbox 1314 5135 1402 5197; x_wconf 88' lang='lat' dir='ltr'>aqua</span> <span class='ocrx_word' id='word_1_594' title='bbox 1415 5117 1571 5196; x_wconf 86' lang='lat' dir='ltr'>baptismi</span> <span class='ocrx_word' id='word_1_595' title='bbox 1587 5118 1660 5179; x_wconf 90' lang='lat' dir='ltr'>sine</span> 
     </span>
     <span class='ocr_line' id='line_1_50' title="bbox 26 5209 1661 5296; baseline 0.002 -23"><span class='ocrx_word' id='word_1_596' title='bbox 26 5209 221 5286; x_wconf 82' lang='lat' dir='ltr'>plusafferat</span> <span class='ocrx_word' id='word_1_597' title='bbox 230 5217 809 5296; x_wconf 81' lang='lat' dir='ltr'>Palmitestaciunttructumquando</span> <span class='ocrx_word' id='word_1_598' title='bbox 864 5219 965 5282; x_wconf 88' lang='lat' dir='ltr'>verbo</span> <span class='ocrx_word' id='word_1_599' title='bbox 979 5233 1046 5279; x_wconf 89' lang='lat' dir='ltr'>non</span> <span class='ocrx_word' id='word_1_600' title='bbox 1065 5219 1166 5280; x_wconf 83' lang='lat' dir='ltr'>lavat</span> <span class='ocrx_word' id='word_1_601' title='bbox 1201 5217 1264 5280; x_wconf 88' lang='lat' dir='ltr'>Sed</span> <span class='ocrx_word' id='word_1_602' title='bbox 1288 5218 1374 5280; x_wconf 89' lang='lat' dir='ltr'>siout</span> <span class='ocrx_word' id='word_1_603' title='bbox 1398 5233 1487 5295; x_wconf 80' lang='lat' dir='ltr'>aqua</span> <span class='ocrx_word' id='word_1_604' title='bbox 1513 5217 1661 5277; x_wconf 82' lang='lat' dir='ltr'>exterius</span> 
     </span>
     <span class='ocr_line' id='line_1_51' title="bbox 26 5307 1663 5394; baseline 0.005 -30"><span class='ocrx_word' id='word_1_605' title='bbox 26 5307 125 5374; x_wconf 85' lang='lat' dir='ltr'>itales</span> <span class='ocrx_word' id='word_1_606' title='bbox 145 5313 274 5377; x_wconf 86' lang='lat' dir='ltr'>iaciunt</span> <span class='ocrx_word' id='word_1_607' title='bbox 294 5330 377 5392; x_wconf 87' lang='lat' dir='ltr'>opus</span> <span class='ocrx_word' id='word_1_608' title='bbox 400 5314 534 5388; x_wconf 86' lang='lat' dir='ltr'>bonum,</span> <span class='ocrx_word' id='word_1_609' title='bbox 558 5317 616 5378; x_wconf 93' lang='lat' dir='ltr'>sed</span> <span class='ocrx_word' id='word_1_610' title='bbox 631 5317 742 5378; x_wconf 63' lang='lat' dir='ltr'>amen</span> <span class='ocrx_word' id='word_1_611' title='bbox 755 5318 810 5380; x_wconf 88' lang='lat' dir='ltr'>in-</span> <span class='ocrx_word' id='word_1_612' title='bbox 863 5317 955 5379; x_wconf 88' lang='lat' dir='ltr'>lavat</span> <span class='ocrx_word' id='word_1_613' title='bbox 977 5332 1113 5394; x_wconf 90' lang='lat' dir='ltr'>corpus,</span> <span class='ocrx_word' id='word_1_614' title='bbox 1141 5316 1187 5378; x_wconf 84' lang='grc'>113</span> <span class='ocrx_word' id='word_1_615' title='bbox 1209 5315 1317 5392; x_wconf 88' lang='lat' dir='ltr'>gratia</span> <span class='ocrx_word' id='word_1_616' title='bbox 1338 5315 1435 5392; x_wconf 81' lang='lat' dir='ltr'>aquis</span> <span class='ocrx_word' id='word_1_617' title='bbox 1463 5313 1576 5374; x_wconf 85' lang='lat' dir='ltr'>inlusa</span> <span class='ocrx_word' id='word_1_618' title='bbox 1604 5329 1663 5390; x_wconf 91' lang='lat' dir='ltr'>per</span> 
     </span>
     <span class='ocr_line' id='line_1_52' title="bbox 26 5401 1660 5487; baseline 0.002 -20"><span class='ocrx_word' id='word_1_619' title='bbox 26 5401 124 5481; x_wconf 86' lang='lat' dir='ltr'>digent</span> <span class='ocrx_word' id='word_1_620' title='bbox 136 5411 346 5486; x_wconf 85' lang='lat' dir='ltr'>purgatione.</span> <span class='ocrx_word' id='word_1_621' title='bbox 863 5414 1001 5478; x_wconf 89' lang='lat' dir='ltr'>verbum</span> <span class='ocrx_word' id='word_1_622' title='bbox 1025 5415 1115 5476; x_wconf 88' lang='lat' dir='ltr'>lavat</span> <span class='ocrx_word' id='word_1_623' title='bbox 1135 5414 1286 5476; x_wconf 89' lang='lat' dir='ltr'>interius.</span> <span class='ocrx_word' id='word_1_624' title='bbox 1313 5412 1407 5475; x_wconf 91' lang='lat' dir='ltr'>Unde</span> <span class='ocrx_word' id='word_1_625' title='bbox 1432 5412 1660 5487; x_wconf 85' lang='lat' dir='ltr'>Augustinus:</span> 
     </span>
     <span class='ocr_line' id='line_1_53' title="bbox 59 5505 1663 5588; baseline 0.002 -24"><span class='ocrx_word' id='word_1_626' title='bbox 59 5505 146 5568; x_wconf 82' lang='lat' dir='ltr'>Unde</span> <span class='ocrx_word' id='word_1_627' title='bbox 159 5509 332 5572; x_wconf 88' lang='lat' dir='ltr'>sciendum</span> <span class='ocrx_word' id='word_1_628' title='bbox 346 5511 492 5588; x_wconf 87' lang='lat' dir='ltr'>estquod</span> <span class='ocrx_word' id='word_1_629' title='bbox 502 5509 608 5574; x_wconf 87' lang='lat' dir='ltr'>tribus</span> <span class='ocrx_word' id='word_1_630' title='bbox 623 5511 730 5574; x_wconf 89' lang='lat' dir='ltr'>modis</span> <span class='ocrx_word' id='word_1_631' title='bbox 742 5527 811 5574; x_wconf 86' lang='lat' dir='ltr'>coe-</span> <span class='ocrx_word' id='word_1_632' title='bbox 864 5530 882 5575; x_wconf 65' lang='grc'><strong>(</strong></span> <span class='ocrx_word' id='word_1_633' title='bbox 897 5512 1033 5574; x_wconf 85' lang='lat' dir='ltr'>Accedit</span> <span class='ocrx_word' id='word_1_634' title='bbox 1045 5511 1183 5575; x_wconf 89' lang='lat' dir='ltr'>verbum</span> <span class='ocrx_word' id='word_1_635' title='bbox 1202 5510 1243 5574; x_wconf 87' lang='lat' dir='ltr'>ad</span> <span class='ocrx_word' id='word_1_636' title='bbox 1269 5510 1482 5581; x_wconf 85' lang='lat' dir='ltr'>elementum,</span> <span class='ocrx_word' id='word_1_637' title='bbox 1497 5510 1530 5570; x_wconf 90' lang='lat' dir='ltr'>et</span> <span class='ocrx_word' id='word_1_638' title='bbox 1548 5508 1585 5569; x_wconf 88' lang='lat' dir='ltr'>tit</span> <span class='ocrx_word' id='word_1_639' title='bbox 1604 5523 1663 5568; x_wconf 89' lang='lat' dir='ltr'>sa-</span> 
     </span>
     <span class='ocr_line' id='line_1_54' title="bbox 27 5594 1665 5684; baseline 0.005 -26"><span class='ocrx_word' id='word_1_640' title='bbox 27 5594 105 5662; x_wconf 88' lang='lat' dir='ltr'>lestis</span> <span class='ocrx_word' id='word_1_641' title='bbox 118 5605 270 5680; x_wconf 89' lang='lat' dir='ltr'>agricola</span> <span class='ocrx_word' id='word_1_642' title='bbox 283 5608 403 5684; x_wconf 89' lang='lat' dir='ltr'>purgat</span> <span class='ocrx_word' id='word_1_643' title='bbox 417 5607 569 5684; x_wconf 84' lang='lat' dir='ltr'>palmites</span> <span class='ocrx_word' id='word_1_644' title='bbox 583 5624 672 5680; x_wconf 89' lang='lat' dir='ltr'>suos,</span> <span class='ocrx_word' id='word_1_645' title='bbox 688 5609 811 5671; x_wconf 90' lang='lat' dir='ltr'>videli-</span> <span class='ocrx_word' id='word_1_646' title='bbox 865 5610 1122 5684; x_wconf 79' lang='lat' dir='ltr'>oramentum3»</span> <span class='ocrx_word' id='word_1_647' title='bbox 1144 5610 1230 5671; x_wconf 89' lang='lat' dir='ltr'>unde</span> <span class='ocrx_word' id='word_1_648' title='bbox 1257 5609 1349 5672; x_wconf 85' lang='lat' dir='ltr'>tanta</span> <span class='ocrx_word' id='word_1_649' title='bbox 1374 5607 1481 5670; x_wconf 88' lang='lat' dir='ltr'>virtus</span> <span class='ocrx_word' id='word_1_650' title='bbox 1504 5621 1599 5683; x_wconf 84' lang='lat' dir='ltr'>aquae</span> <span class='ocrx_word' id='word_1_651' title='bbox 1628 5607 1665 5666; x_wconf 93' lang='lat' dir='ltr'>ut</span> 
     </span>
     <span class='ocr_line' id='line_1_55' title="bbox 28 5699 1663 5786; baseline -0.003 -17"><span class='ocrx_word' id='word_1_652' title='bbox 28 5699 78 5769; x_wconf 72' lang='lat' dir='ltr'>ctt.</span> <span class='ocrx_word' id='word_1_653' title='bbox 96 5703 272 5782; x_wconf 91' lang='lat' dir='ltr'>temporali</span> <span class='ocrx_word' id='word_1_654' title='bbox 296 5705 508 5778; x_wconf 84' lang='lat' dir='ltr'>adversitate,</span> <span class='ocrx_word' id='word_1_655' title='bbox 530 5707 696 5785; x_wconf 88' lang='lat' dir='ltr'>corporali</span> <span class='ocrx_word' id='word_1_656' title='bbox 712 5707 810 5772; x_wconf 88' lang='lat' dir='ltr'>intir-</span> <span class='ocrx_word' id='word_1_657' title='bbox 864 5725 985 5786; x_wconf 87' lang='lat' dir='ltr'>corpus</span> <span class='ocrx_word' id='word_1_658' title='bbox 1005 5708 1121 5784; x_wconf 88' lang='lat' dir='ltr'>tangat</span> <span class='ocrx_word' id='word_1_659' title='bbox 1143 5707 1177 5769; x_wconf 90' lang='lat' dir='ltr'>et</span> <span class='ocrx_word' id='word_1_660' title='bbox 1199 5722 1258 5770; x_wconf 88' lang='lat' dir='ltr'>cor</span> <span class='ocrx_word' id='word_1_661' title='bbox 1279 5704 1404 5778; x_wconf 83' lang='lat' dir='ltr'>abluat,</span> <span class='ocrx_word' id='word_1_662' title='bbox 1428 5703 1494 5766; x_wconf 88' lang='lat' dir='ltr'>nisi</span> <span class='ocrx_word' id='word_1_663' title='bbox 1519 5703 1663 5767; x_wconf 83' lang='lat' dir='ltr'>iaciente</span> 
     </span>
    </p>
   </div>
   <div class='ocr_carea' id='block_1_3' title="bbox 0 0 2014 6306">
    <p class='ocr_par' dir='ltr' id='par_1_3' title="bbox 0 0 2014 6306">
     <span class='ocr_line' id='line_1_56' title="bbox 0 0 2014 6306; baseline 0 0"><span class='ocrx_word' id='word_1_664' title='bbox 0 0 2014 6306; x_wconf 95' lang='lat' dir='ltr'> </span> 
     </span>
    </p>
   </div>
  </div>
 </body>
</html>
