3994 6326
273 338 330 396 oli
385 367 387 372 ·
891 336 1065 398 HONORll
1089 337 1132 398 lll
1155 337 1304 398 OPERA.
1842 344 1888 402 1112

309 499 357 561 Ad
374 497 445 558 llaec
459 496 553 560 vobis
568 495 764 558 auctoritato
777 497 991 573 praesentium
1010 497 1066 558 iu·
1161 498 1439 575 Eilicetdignum,
1452 491 1723 562 acnacossarium
1734 501 1888 578 videretur,

270 597 459 674 dulgemuS,
488 597 524 658 ut
555 611 630 657 cum
659 595 896 673 Graeciaeque
924 595 965 658 ad
994 595 1067 656 haec
1122 596 1158 657 ut
1170 598 1305 675 propter
1322 597 1385 660 hoc
1400 597 1441 658 ad
1462 613 1523 660 vos
1537 597 1704 660 destinare
1718 598 1849 676 legatum
1861 604 1890 666 de

268 698 417 772 tempora
442 693 587 756 decimas
611 693 740 756 solvere
766 693 903 755 minime
925 709 1068 755 cousue-
1122 697 1236 756 nostro
1255 695 1360 757 latere
1383 695 1593 771 deberemus;
1614 698 1692 774 quia
1716 699 1820 760 minen
1840 699 1890 760 du-

268 795 336 856 rint
351 793 500 854 laborum
513 793 711 866 vestrorum,
729 807 810 869 quos
829 792 974 869 propriis
989 807 1066 852 ma·
1120 789 1219 854 bium¹
1235 791 1332 855 nobis
1355 795 1437 866 erat,
1466 793 1575 856 utrum
1600 795 1635 855 in
1660 797 1816 858 movenda
1839 799 1892 860 illis

269 891 379 964 nibus,
405 893 463 953 aut
486 890 671 967 sumptibus
691 889 800 952 colitis
819 889 859 951 de
881 889 1068 968 possessio-
1121 907 1243 966 guerra
1262 891 1381 967 ¹regum
1408 891 1548 953 consilia
1573 894 1825 966 concordarent,
1846 913 1891 957 nos

269 990 367 1051 nibus
388 989 511 1050 habitis
529 989 804 1051 anteconcilium
825 989 992 1065 generale,
1013 987 1065 1049 vel
1119 990 1232 1050 tamen
1257 991 1435 1066 pensantes
1472 989 1681 1066 prudentiam
1717 993 1892 1054 venerabilis

268 1088 309 1149 de
318 1089 504 1149 vestrorum
516 1087 711 1148 animalium
722 1087 944 1159 nutrimentis,
956 1085 1066 1147 nullus
1121 1087 1235 1150 fratris
1259 1087 1365 1151 nostri
1385 1087 1628 1168 archiepiscopi
1651 1089 1808 1162 Toletani,
1830 1093 1893 1152 odo-

267 1185 407 1247 avobis
432 1185 578 1246 decimas
604 1185 756 1261 exigere,
783 1183 836 1246 vel
867 1186 1066 1262 extorquere
1121 1203 1191 1248 rem
1215 1187 1371 1260 nominis,
1410 1189 1505 1264 cujus
1529 1186 1592 1249 etsi
1621 1186 1709 1250 fama
1735 1187 1845 1249 dudum
1861 1190 1892 1250 ad

267 1285 457 1362 praesumat.
492 1283 607 1344 Liceat
632 1298 761 1360 quoque
791 1281 885 1344 vobis
912 1282 1064 1354 clericos,
1121 1301 1182 1346 nos
1208 1283 1376 1362 praeconio
1398 1287 1491 1346 tanto
1517 1283 1703 1362 pertulerit,
1729 1287 1765 1348 ut
1783 1287 1893 1363 profusa

266 1381 321 1444 vel
340 1381 461 1454 laicos
487 1383 563 1454 etc,
587 1397 695 1456 aspare
710 1398 721 1442 .·
735 1379 890 1443 retinere.
915 1380 1067 1443 Chrisma
1120 1383 1156 1444 in
1167 1387 1240 1461 ejus
1251 1382 1405 1444 laudibus
1416 1383 1596 1455 videretur,
1609 1384 1811 1445 cunctamen
1822 1385 1892 1445 illan

266 1495 359 1552 vero,
371 1479 481 1541 oleum
494 1477 656 1552 sanctum,
668 1479 743 1552 etc,
759 1495 867 1554 aisque
881 1495 893 1540 :
908 1479 980 1539 sine
995 1493 1067 1556 pra·
1121 1497 1257 1542 avaram
1282 1481 1318 1542 in
1347 1481 1472 1542 eisdem
1506 1481 1728 1558 comperimus
1756 1483 1892 1552 extitisse,

266 1579 369 1640 vitate
381 1577 493 1654 aliqua
506 1576 676 1638 exhibere.
691 1579 771 1638 Cum
785 1577 895 1638 autem
910 1577 1066 1653 generale
1122 1595 1220 1656 quum
1232 1577 1391 1652 scientiae,
1404 1579 1722 1656 circumspectionis
1737 1579 1894 1648 modestia,

266 1674 494 1746 interdictum,
525 1675 599 1743 etc„
634 1689 742 1749 usque
770 1692 781 1734 .·
814 1674 927 1735 divina
958 1673 1066 1736 otllcia
1121 1677 1315 1750 honestatis,
1340 1691 1379 1738 ac
1398 1677 1506 1738 omnis
1524 1675 1699 1738 industria
1724 1675 1818 1752 longe
1837 1679 1894 1753 plus

267 1771 448 1834 celebrare.
459 1772 538 1834 Paci
549 1771 721 1850 quoquaet
729 1770 975 1849 tranquillitati,
988 1773 1064 1844 etc,
1121 1791 1219 1853 quam
1234 1775 1296 1836 illa
1311 1775 1473 1848 retulerit,
1490 1775 1716 1836 invenerimus
1736 1775 1772 1834 in
1786 1775 1894 1849 eodem

265 1885 373 1944 usquc
401 1889 412 1931 :
445 1869 566 1932 audeat
598 1885 767 1932 exercere.
803 1868 950 1932 obeunte
986 1885 1066 1931 vero
1121 1873 1152 1934 ei
1177 1889 1260 1934 onus
1287 1868 1478 1952 hujusmodi
1503 1872 1660 1934 duximus
1683 1871 1894 1949 imponendum

265 1969 310 2040 te,
332 1971 407 2039 etc„
435 1981 542 2042 usque
561 1985 572 2029 .·
592 1969 774 2029 secundum
795 1969 899 2030 Deum
920 1966 954 2029 et
978 1967 1065 2029 beati
1121 1971 1298 2048 legationis
1313 1971 1469 2044 odicium,
1487 1970 1593 2031 eidem
1608 1967 1650 2030 ad
1666 1968 1700 2031 id
1711 1984 1773 2047 per
1791 1969 1896 2032 vestras

266 2066 384 2126 Basilii
419 2065 569 2142 regulam
602 2065 824 2144 providerint,
864 2065 1062 2142 eligendum.
1121 2069 1310 2147 provincias
1321 2068 1543 2142 concedendo,
1556 2071 1592 2130 ut
1603 2067 1756 2147 quumad
1767 2082 1896 2145 guerram

266 2164 397 2225 Electus
412 2166 522 2225 autem
544 2180 604 2241 pro
619 2163 850 2226 benedictione
866 2163 907 2224 ad
932 2163 1064 2240 episco-
1121 2167 1188 2230 illis
1222 2168 1418 2246 movendam
1451 2168 1599 2244 ipsorum
1627 2183 1747 2242 regum
1779 2165 1897 2228 consilia

266 2277 344 2338 pum
357 2261 582 2323 dioeccsanum
598 2261 755 2324 accedat:
773 2261 829 2339 qui
844 2260 873 2322 si
888 2261 919 2322 el
934 2261 1066 2322 duxerit
1121 2265 1411 2340 concordaverint;
1432 2265 1504 2343 ipse
1524 2265 1617 2342 quasi
1639 2264 1725 2327 alter
1739 2267 1836 2327 losue
1852 2279 1898 2324 vos

266 2359 515 2435 denegandum,
550 2357 657 2420 eidem
689 2359 794 2420 electo
823 2374 882 2436 pro
910 2357 1067 2421 benedic
1120 2364 1296 2442 praecedat,
1317 2363 1797 2426 etaderuendamdeillorum
1812 2360 1899 2422 mani-

264 2457 367 2518 ticnis
404 2472 542 2518 munere
585 2456 784 2529 obtinendo,
826 2471 1065 2534 quemcumque
1119 2461 1182 2524 bus
1204 2462 1342 2533 torvam,
1371 2477 1469 2540 quam
1497 2460 1715 2539 prophanatis
1739 2461 1799 2522 Dei
1821 2474 1900 2519 sanc.

265 2554 436 2624 maluerit,
466 2553 667 2616 catliOiicum
692 2553 785 2616 adire
812 2555 994 2616 antistitem
1019 2553 1065 2614 li·
1119 2560 1239 2624 tuariis
1254 2561 1403 2623 detinent
1416 2557 1620 2636 occupatam,
1645 2558 1777 2620 animoa
1791 2561 1900 2620 vestros

267 2653 410 2713 centiam
441 2651 476 2712 in
507 2655 713 2730 perpetuum·
751 2655 919 2714 Praeierea
951 2667 1065 2713 omnes
1120 2660 1270 2728 aeternis,
1289 2661 1322 2721 ot
1343 2657 1581 2735 temporalibus
1598 2656 1747 2735 praemiis
1767 2654 1900 2716 incitatos

266 2749 435 2811 libeiiaies
451 2751 483 2810 ei
501 2750 737 2822 immunitates,
755 2751 831 2821 etc,
851 2750 1066 2826 1181116311ΐί-
1120 2757 1300 2818 secundum
1327 2755 1436 2818 datam
1463 2754 1527 2816 sibi
1556 2769 1577 2815 a
1609 2757 1676 2815 Deo
1709 2750 1899 2830 prudentiam

265 2845 1063 2922 vilegiocommuuimusDecernimuscrgo,etc.,
1119 2854 1262 2928 moneat,
1294 2853 1499 2926 exhortetur,
1534 2853 1566 2914 at
1593 2853 1710 2928 erigat,
1736 2865 1855 2927 vosque
1874 2849 1900 2906 iu

267 2957 376 3017 1131119
399 2959 411 3004 ·‘
434 2943 631 3005 OmnimOdiS
650 2941 834 3022 1101111113,
855 2943 948 3003 salva
970 2941 1064 3004 Sedis
1120 2969 1204 3026 eam,
1221 2952 1336 3030 ejectis
1351 2951 1482 3013 ancillae
1496 2950 1585 3024 tiliis,
1607 2951 1663 3028 qui
1676 2949 1826 3011 haeredes
1841 2961 1900 3007 esse

265 3041 465 3117 Apostolicao
481 3041 678 3104 auctoritate
692 3039 769 3102 etin
782 3037 951 3118 praedictis
963 3041 1066 3103 eccle·
1120 3067 1194 3112 cum
1232 3050 1311 3112 filiis
1337 3049 1451 3111 liherae
1487 3065 1553 3111 non
1586 3048 1770 3120 merentur,
1807 3045 1900 3106 divino

266 3137 325 3198 siis
353 3137 618 3200 dioecesanorum
642 3139 873 3215 episcoporum
904 3138 1064 3200 canonica
1120 3147 1295 3211 comitatus
1326 3147 1453 3210 auxilio
1476 3145 1676 3218 introducat,
1704 3145 1770 3208 ato,
1800 3144 1900 3206 Datum

261 3235 405 3311 jusiiiifl·
443 3237 478 3297 Si
511 3251 576 3312 (111³
604 3236 706 3311 igitur
730 3237 766 3296 iu
801 3235 959 3306 millium,
988 3237 1062 3308 etc,
1119 3247 1296 3319 Laterani,
1336 3249 1382 3308 lll
1417 3244 1550 3330 kalend.
1583 3243 1678 3317 febr„
1706 3240 1901 3322 pontificatus

264 3347 371 3406 aspare
382 3350 393 3393 .·
407 3332 555 3410 subjacet
566 3331 841 3394 ultionidunctis
851 3334 973 3406 autem,
986 3334 1062 3406 etc,
1119 3345 1224 3408 nostri
1243 3359 1332 3407 anno
1355 3343 1511 3406 secundo,

263 3445 372 3504 usquc
387 3429 592 3492 :inveniant
606 3433 722 3492 Amen.

304 3529 423 3590 Datum
463 3527 620 3590 Laterani
654 3541 714 3605 per
752 3541 886 3590 manum
926 3527 1064 3590 Ranerii

265 3628 389 3688 sanctae
420 3629 579 3688 Romanae
607 3625 764 3688 Ecclesiae
796 3625 1064 3687 vicecancellarii

263 3725 306 3786 IV
331 3723 492 3786 kalendas
519 3723 691 3796 februarii,
716 3723 832 3786 indict.
856 3725 927 3796 Vll,
949 3725 1065 3785 Incar—
1160 3763 1164 3768 -

264 3823 409 3884 nationis
429 3823 609 3884 Dominicae
624 3837 712 3884 anno
729 3823 930 3895 MCCXVIII,
955 3820 1065 3898 ponti-

262 3919 380 3981 ficatus
402 3935 482 3981 vero
503 3919 630 3983 domini
644 3919 784 3982 Honorii
800 3923 899 3998 Papae
915 3921 961 3982 lll
976 3933 1063 3981 anno

263 4017 420 4079 secundo.

605 4168 726 4254 cxlx

281 4321 333 4380 Ad
351 4321 555 4380 abulensem
571 4319 603 4380 et
617 4321 834 4396 Btlrpensem
854 4323 1040 4396 episcopor.

551 4459 594 4542 ao
605 4459 666 4534 jas.
684 4459 763 4518 1111.

262 4585 400 4651 [1111111111
414 4583 527 4636 Annales
539 4584 712 4648 ecclesiastici,
725 4584 758 4636 ad
770 4598 830 4636 11111.
844 4585 912 4643 lita,
926 4584 1062 4650 1511111]

261 4703 416 4777 Propositia
430 4701 592 4777 insignibus
605 4701 745 4776 Alphonsi
757 4701 884 4760 victoriis
893 4701 928 4760 ad
939 4710 1063 4760 conster-

324 4800 423 4850 natum
435 4800 512 4850 metu
523 4791 635 4849 hostem
651 4791 870 4866 opprimendum
883 4791 998 4853 excitat.

302 4929 386 4987 Ecce
408 4927 536 5004 tempus
559 4928 792 5005 opportunum,
818 4928 855 4989 ut
883 4927 1060 5000 credimus,

263 5023 304 5085 ad
324 5023 564 5099 insurgendum
589 5025 703 5086 contra
733 5041 806 5097 eoa,
837 5023 956 5103 utribus
983 5026 1062 5086 estis

263 5120 470 5193 circumdati,
491 5125 673 5196 agarenos
693 5139 767 5183 cum
789 5123 950 5184 miraculo
972 5122 1062 5184 illius

261 5220 422 5292 victoriae,
447 5233 546 5297 quam
569 5220 728 5279 Dominus
745 5221 951 5282 exercituum
974 5236 1063 5283 anno

261 5334 349 5379 nunc
360 5316 476 5396 quinto
492 5315 622 5377 coelitus
636 5315 847 5390 ministravit,
866 5318 973 5381 adbuc
989 5333 1063 5380 esse

262 5415 441 5477 credantur
455 5413 599 5487 attoniti,
625 5416 657 5474 et
679 5415 983 5491 crucesignatorum
1005 5416 1062 5476 in-

262 5529 373 5586 cursu,
391 5513 447 5590 qui
462 5515 607 5589 stragem
618 5512 814 5574 asseruntur
829 5511 946 5576 secisse
959 5514 1062 5576 maxi·

261 5625 349 5672 mam
376 5610 546 5671 infinibus
567 5609 770 5684 eorumdem,
786 5611 940 5687 dicantur
952 5613 1063 5690 pluri-

262 5725 350 5770 mum
367 5708 487 5770 animis
501 5709 716 5770 consternati.

1470 3470 1569 3610 111

1119 3677 1171 3736 Ad
1182 3677 1387 3738 Rodertcum
1397 3675 1692 3748 archiepiscopum
1707 3671 1900 3734 Toletaluoo.

1427 3804 1440 3861 1
1457 3801 1513 3860 leb.
1531 3803 1610 3860 1118.
1803 3853 1815 3863 .

1213 3914 1317 3984 [Labba
1328 3917 1450 3971 collectio
1460 3919 1546 3977 conc,
1559 3923 1578 3967 t.
1590 3916 1634 3976 111,
1649 3931 1674 3981 p.
1685 3915 1741 3976 111,
1755 3925 1784 3966 u·
1795 3915 1830 3979 a]

1119 4026 1261 4086 Primatus
1276 4027 1305 4083 in
1325 4021 1525 4098 Hispalensem
1541 4023 1722 4097 metropolim
1741 4019 1900 4080 conceditur.

1158 4144 1327 4207 Honorius
1363 4143 1555 4221 episcopus,
1592 4157 1709 4202 servus
1745 4151 1901 4201 servorun

1119 4243 1189 4316 Dei,
1199 4239 1489 4318 venerabililratri
1500 4237 1901 4316 arcltiepiscopoToletano

1119 4341 1260 4402 salutem
1275 4340 1308 4401 et
1320 4337 1533 4416 apostolicam
1547 4335 1821 4398 benedictionem.

1157 4435 1463 4516 apostolicaesedis
1480 4434 1668 4510 benignitas
1683 4431 1818 4510 provide
1832 4442 1902 4506 pen-

1119 4551 1198 4596 sans
1216 4535 1332 4597 merita
1356 4533 1576 4610 singulorum,
1591 4531 1644 4605 iis,
1660 4546 1743 4609 quos
1758 4529 1828 4607 plus
1841 4525 1901 4585 ler-

1118 4649 1196 4694 vere
1217 4633 1253 4694 in
1279 4648 1340 4694 sua
1366 4631 1541 4694 devotione
1556 4629 1737 4706 cognoscit,
1759 4628 1901 4704 majorem

1118 4730 1291 4792 consuevit
1312 4729 1455 4805 gratiam
1476 4725 1634 4790 exhibere
1658 4725 1695 4787 ut
1718 4742 1785 4786 non
1807 4721 1900 4783 solun

1118 4827 1193 4888 illos
1222 4843 1241 4888 e
1265 4826 1394 4888 devotis
1420 4825 1607 4886 devotiores
1641 4821 1777 4891 eiticiat,
1800 4829 1900 4881 verum

1118 4925 1219 4987 etiam
1235 4925 1368 4986 illorum
1382 4923 1533 5000 exemplo
1548 4920 1723 4983 indevotos
1734 4920 1776 4981 ad
1790 4916 1837 4978 sui
1851 4913 1900 4973 de-

1117 5025 1285 5086 votionem
1300 5022 1448 5084 inducat.
1464 5021 1550 5082 Hinc
1570 5021 1631 5092 est,
1647 5017 1734 5096 quod
1750 5013 1899 5079 attenden-

1117 5123 1167 5184 tes
1187 5120 1391 5182 nobilitatem
1413 5119 1564 5181 ecclesiac
1592 5117 1773 5188 Toletanae,
1797 5107 1900 5173 intuitu

1119 5219 1302 5296 spiritualis
1315 5217 1512 5289 devotionis
1530 5231 1628 5294 quam
1642 5213 1683 5275 ad
1694 5209 1899 5290 Apostolicam

1120 5318 1237 5379 Sedem
1258 5316 1381 5378 habere
1396 5313 1622 5390 dignoscitur;
1639 5313 1786 5374 volentes
1804 5307 1900 5367 lacere

1118 5415 1261 5491 gratiam
1276 5414 1454 5492 specialem
1470 5414 1506 5473 in
1525 5410 1717 5488 Hispalenai
1732 5399 1897 5480 metropoli.

1119 5531 1158 5576 ac
1171 5516 1243 5592 ejus
1256 5512 1428 5590 provincia
1441 5533 1448 5572 :
1463 5511 1568 5572 eidem
1580 5509 1730 5570 ecclesiae
1743 5497 1898 5584 praesentis

1120 5612 1236 5690 scripti
1249 5610 1425 5688 privilegio
1436 5612 1493 5686 jus
1504 5605 1716 5669 concedimus
1732 5598 1896 5681 primatiae:

1120 5711 1313 5782 statuentes,
1331 5711 1366 5770 ut
1379 5708 1515 5784 praelata
1532 5703 1723 5781 metropolis
1744 5694 1897 5762 1111111111-
