4082 6342
134 321 192 383 aba

132 481 321 560 episcopum
343 479 376 543 et
397 479 574 556 pastorem,
594 476 647 538 bis
666 477 699 540 et
718 477 795 540 allis
822 477 928 540 modis

130 580 245 644 contra
274 579 458 642 Romanam
487 576 668 640 Ecclesiam
700 576 929 655 multipliciter

130 677 293 742 excedere
309 676 553 738 conserentes.

170 777 279 846 Quare
291 773 371 835 dicti
385 789 456 845 rex,
469 772 712 850 archiepiscopi
724 773 757 834 et
767 772 925 849 episcopi,

130 872 225 934 nobis
241 887 420 948 suggerere
436 871 643 943 studuerunt,
664 871 700 933 ut
719 871 852 932 eosdem
869 885 928 932 ca-

129 970 280 1041 nonicos,
309 969 366 1046 qui
387 969 464 1031 sunt
485 968 556 1030 solo
580 969 713 1030 nomine
741 968 924 1044 regulares,

129 1068 170 1130 ab
186 1068 258 1146 ipsa
273 1067 414 1130 ecclesia
425 1067 609 1130 laceremus
623 1065 755 1143 penitus
765 1067 924 1139 amoueri,

129 1167 245 1244 eisque
263 1179 323 1244 per
340 1165 425 1228 alias
446 1166 619 1242 regulares
640 1165 800 1228 ecclesias
823 1165 927 1227 collo-

130 1265 229 1339 catis;
259 1279 300 1325 ac
326 1264 489 1327 electione
516 1263 676 1327 attentata
703 1264 744 1326 de
768 1263 925 1342 praedicto

127 1362 415 1424 excommunicato
439 1363 536 1424 irrita
555 1362 724 1438 nuntiata;
750 1363 925 1424 ecclesiam

125 1461 234 1538 ipsam
249 1461 448 1538 depersonis
459 1460 531 1537 regi
541 1460 705 1533 fidelibus,
723 1461 756 1522 et
771 1461 926 1523 Ecclesiae

129 1563 288 1622 Romana
299 1559 426 1622 devotis
439 1559 588 1622 ordinari
601 1559 796 1649 laceremus,
810 1560 926 1622 tamin

127 1657 237 1735 capite
249 1673 348 1735 quam
364 1659 400 1718 in
415 1657 587 1733 membris;
607 1657 872 1735 possessionibus
886 1673 926 1718 ac

128 1755 313 1818 redditibus
338 1755 486 1832 ejusdem
512 1755 663 1818 ecclesiae
682 1757 770 1817 inter
793 1755 925 1833 episco-

127 1869 218 1929 pum,
235 1855 267 1915 et
284 1854 463 1915 canonicos
481 1853 683 1916 ordinandos
705 1852 827 1916 ibidem
848 1869 927 1930 por-

124 1950 218 2012 tione
251 1962 397 2027 congrua
429 1949 615 2012 distributis
645 1971 653 2010 ε
681 1951 870 2012 asserentes
890 1950 923 2012 id

123 2047 349 2124 tranquilitati
363 2047 452 2123 regis
465 2048 498 2110 et
511 2047 607 2124 regni
622 2048 768 2110 maxime
779 2047 927 2125 prolutu-

125 2161 214 2216 rum,
237 2161 336 2222 quum
361 2145 504 2208 ecclesia
525 2145 718 2223 saepedicta,
740 2147 775 2207 in
796 2146 924 2222 Angliae

123 2259 164 2304 ac
181 2243 300 2305 scotiae
315 2243 378 2306 sita
395 2243 568 2316 limitibus,
585 2243 711 2305 eisdem
729 2244 850 2320 regist
870 2260 926 2305 re-

124 2357 191 2416 gno
205 2341 345 2402 multum
359 2341 516 2419 prodesse
526 2341 649 2414 valeat,
663 2343 692 2401 si
705 2342 823 2406 devota
838 2342 925 2404 exti-

122 2439 213 2508 terit,
230 2441 263 2500 et
274 2439 401 2511 obesse,
418 2439 446 2501 si
461 2439 563 2502 luerit
577 2439 742 2502 indevota.

163 2539 271 2608 Quum
282 2537 384 2615 igitur
393 2537 454 2600 tibi
467 2539 573 2615 possit
584 2541 738 2600 constare
753 2539 873 2600 melius
884 2539 924 2600 de

123 2635 304 2711 predictis,
319 2636 352 2698 id
365 2636 584 2714 providentiae
594 2636 659 2697 tuae
673 2636 828 2698 duximus
839 2652 924 2698 com·

126 2732 333 2805 mittendum,
345 2733 604 2811 perApostolica
616 2733 677 2796 tibi
692 2735 815 2812 scripta
828 2749 924 2796 man-

127 2830 256 2900 dantes,
273 2831 442 2907 quatinus,
469 2832 635 2895 universis
654 2833 843 2909 hujusmodi
863 2849 924 2894 ne-

125 2929 254 3003 gotium
282 2930 550 3005 confingentibus
575 2930 717 2992 sollicite
742 2930 921 3007 indagatis,

126 3041 229 3102 super
246 3026 310 3098 his,
336 3027 465 3090 sublato
487 3027 664 3105 cujuslibet
687 3029 925 3090 contradictio-

126 3123 180 3184 nis
193 3125 227 3184 et
242 3124 476 3202 appellationis
494 3126 740 3204 impedimento,
764 3127 922 3204 disponas

124 3221 192 3282 tam
205 3221 246 3284 de
262 3223 380 3302 capite,
395 3239 493 3301 quam
508 3225 548 3286 de
564 3225 731 3296 membris,
753 3225 851 3302 quod,
869 3242 923 3287 se-

123 3318 269 3380 cundum
284 3320 394 3384 datam
408 3321 502 3384 tibia
517 3325 585 3384 bec
600 3323 820 3400 prudentiam,
835 3324 924 3386 vide

123 3417 170 3477 ris
186 3418 355 3494 expedire.

161 3516 282 3577 Datum
304 3517 528 3594 anagniam
549 3517 596 3580 ld.
611 3519 691 3582 iulii
711 3520 921 3598 pontificatus

121 3613 229 3675 nostri
241 3629 330 3678 anno
345 3615 464 3692 primo.

413 3795 634 3883 ccccviii

158 3947 213 4006 Ad
228 3947 387 4020 priorem
400 3947 605 4010 omousiani
624 3951 665 4010 de
679 3949 834 4010 Duriust
849 3948 883 4010 et

404 4045 536 4119 fratres
555 4050 641 4119 ejus.

427 4167 460 4224 rs
471 4165 523 4240 ju.
544 4168 623 4225 sarr.

182 4279 311 4346 [Doublet
322 4279 387 4332 llist.
405 4281 437 4332 de
451 4282 604 4352 l'abbayede
617 4283 740 4344 S.·l)enis,
757 4299 783 4349 p.
798 4284 865 4346 abc]

121 4387 179 4446 Sub
189 4389 365 4462 protectione
379 4390 490 4448 Sancte
498 4389 579 4448 Sedis
588 4392 794 4450 monasterium
803 4391 922 4466 ejusque

283 4479 480 4550 possessiones
493 4480 611 4553 suscipit
624 4480 759 4553 pontifex.

159 4595 328 4657 Honorius
340 4596 517 4674 episcopus
536 4613 653 4659 servus
669 4613 839 4660 servorum
848 4599 919 4672 Dei,

120 4691 251 4754 dilectis
266 4693 345 4754 tiliis
361 4695 465 4771 priori
481 4695 522 4756 de
537 4695 695 4769 Durhust,
709 4698 846 4774 eJusque
859 4695 923 4758 ira·

119 4789 227 4850 tribus
242 4790 310 4852 tam
326 4783 544 4868 presentibus
562 4810 660 4871 quam
676 4791 808 4866 futuris,
821 4809 922 4872 regu-

121 4886 225 4948 larem
241 4887 342 4951 vitam
359 4889 518 4968 professis
530 4891 566 4951 in
582 4893 788 4970 perpetuum.

769 319 998 380 EPIS'I'OLAE.
1023 319 1100 380 LIB.
1124 317 1149 376 l.

1723 325 1782 385 454

960 523 961 538 .
982 474 1071 539 beati
1080 476 1172 538 Petri
1182 477 1216 540 et
1230 480 1344 540 nostra
1355 481 1560 556 protectione
1568 480 1783 559 suscipimus,

982 577 1015 639 et
1029 575 1202 654 presentis
1215 575 1330 654 scripti
1341 578 1515 654 privilegio
1526 581 1781 642 communimus.

960 709 961 712 =
983 674 1147 752 imprimis
1168 674 1330 751 siquidem
1345 677 1539 749 statuentes,
1558 678 1594 740 ut
1608 679 1688 740 ordo
1707 691 1782 741 mo-¹

981 773 1142 844 nasticus,
1159 773 1215 850 qui
1231 773 1411 835 secundum
1434 778 1536 836 Deum
1558 781 1592 837 ei
1609 777 1698 839 beati
1710 781 1778 840 Be·
1900 783 1904 788 '

961 907 962 915 .
982 870 1104 932 nedioti
1123 870 1274 947 regulam
1289 872 1324 932 in
1339 873 1454 934 eodem
1471 874 1671 937 monasterio
1683 876 1782 938 insti-

980 969 1070 1032 tutus
1107 985 1182 1032 esse
1217 969 1436 1046 dignoscitur,
1462 973 1630 1050 perpetuis
1658 973 1781 1036 ibidem

981 1067 1183 1145 temporibus
1201 1067 1442 1131 inviolabiliter
1463 1069 1667 1134 observetur.
1688 1075 1782 1134 Prae-

981 1166 1072 1228 terea
1099 1181 1325 1244 quascumque
1345 1169 1584 1244 possessiones,
1607 1185 1779 1247 quaecum-

981 1279 1044 1341 que
1058 1263 1146 1326 bona
1161 1265 1248 1327 idem
1263 1267 1501 1328 monasterium
1523 1269 1558 1328 in
1585 1271 1783 1345 praesentia-

962 1375 1054 1422 rum
1081 1362 1171 1437 juste
1199 1361 1238 1433 ,et
1268 1363 1427 1424 canonice
1456 1364 1627 1439 possidet,
1657 1367 1716 1428 aut
1746 1369 1781 1427 in

962 1539 963 1546 ἵ
982 1456 1127 1520 futurum
1143 1461 1359 1522 concessione
1375 1461 1583 1534 Pontificum,
1603 1463 1786 1538 largitione

981 1558 1783 1636 regumvelprincipum,0blationefidelium,seu

981 1655 1057 1716 aliis
1072 1655 1191 1728 modis,
1205 1659 1385 1734 praestante
1402 1659 1553 1731 Domino,
1571 1660 1693 1736 poterit
1705 1661 1783 1721 adi-

981 1752 1075 1828 pisci,
1089 1753 1183 1815 lirma
1204 1754 1309 1826 vobis,
1322 1757 1508 1834 vestrisque
1520 1759 1786 1832 successoribus,

980 1853 1012 1911 et
1025 1850 1162 1914 illabata
1178 1855 1405 1930 permaneant,
1427 1855 1462 1915 in
1480 1854 1599 1932 quibus
1615 1857 1686 1918 bac
1701 1873 1782 1935 pro-

981 1949 1063 2025 priis
1078 1948 1234 2012 duximus
1247 1951 1464 2030 exprimenda
1478 1953 1660 2015 vocabulis.

1018 2049 1142 2110 Locum
1157 2048 1266 2125 ipsum
1281 2050 1315 2110 in
1333 2065 1397 2126 quo
1418 2050 1595 2128 praelatum
1609 2054 1782 2114 monaste·

980 2145 1067 2206 rium
1083 2145 1183 2208 situm
1211 2148 1262 2208 est
1287 2163 1361 2210 cum
1387 2147 1539 2210 omuibus
1572 2151 1782 2227 pertinentiis

980 2243 1060 2314 suis,
1090 2243 1265 2306 ecclesiam
1295 2245 1401 2308 beatae
1427 2246 1543 2308 Mariae
1564 2247 1604 2308 de
1633 2248 1781 2312 Durlrust

979 2353 1054 2402 cum
1069 2341 1196 2404 vicaria
1211 2343 1359 2419 ejusdem
1376 2344 1409 2404 et
1420 2345 1631 2420 pertinentiis
1644 2347 1725 2418 suis,
1740 2347 1780 2408 de

979 2438 1201 2511 lielneiordia,
1217 2439 1257 2500 de
1271 2442 1443 2512 Prestona,
1459 2442 1499 2502 de
1516 2444 1777 2517 Parvatuntona,

978 2535 1019 2598 de
1033 2535 1138 2598 Culna
1153 2537 1259 2598 sancti
1275 2538 1436 2616 Dionysii,
1459 2539 1499 2600 de
1514 2541 1674 2601 Teutonis
1691 2543 1725 2603 et
1739 2543 1778 2602 de
1845 2537 1847 2542 ’

979 2637 1071 2694 Mora
1083 2634 1242 2696 ecclesias
1260 2651 1334 2696 cum
1348 2637 1558 2712 pertinentiis
1571 2638 1777 2714 earumdem

978 2730 1155 2794 ecclesiam
1178 2733 1291 2795 Sancti
1307 2733 1418 2796 aldati
1432 2735 1474 2795 de
1490 2735 1693 2798 Glaucestrae
1707 2753 1780 2798 cum

978 2845 1089 2892 annua
1117 2831 1279 2906 pensione
1299 2832 1423 2908 septem
1447 2833 1629 2894 solidorum
1651 2835 1683 2896 et
1705 2839 1779 2898 octo

978 2927 1191 2992 denariorum
1209 2951 1215 2989 :
1233 2929 1403 3007 Capellam
1424 2931 1467 2992 de
1490 2931 1684 2994 Vuldstonis
1705 2949 1779 2994 oum

978 3041 1089 3087 annua
1113 3027 1274 3103 pensione
1294 3028 1418 3104 septem
1443 3028 1625 3092 solidorum
1647 3030 1680 3092 et
1706 3033 1779 3093 octo

978 3123 1201 3192 denariorum,
1231 3126 1264 3187 et
1291 3124 1603 3188 decimis·dominis
1628 3129 1777 3206 ejusdem

977 3221 1775 3303 villae,desanctoniaetdeBotinloniacapellas,

978 3336 1052 3382 cum
1065 3335 1130 3382 una
1142 3321 1302 3398 pensione
1313 3323 1389 3384 octo
1398 3322 1593 3393 solidorum,
1602 3324 1777 3387 etdecimis

978 3419 1110 3491 earum,
1145 3421 1284 3497 excepta
1313 3436 1379 3481 una
1409 3421 1512 3498 hyda,
1547 3423 1709 3500 capellam
1737 3423 1779 3485 de

977 3517 1132 3593 Truileya
1145 3533 1219 3579 cmn
1235 3531 1346 3579 annua
1360 3519 1519 3596 pensione
1535 3521 1635 3581 unius
1654 3536 1776 3583 marcae

977 3613 1009 3673 et
1021 3612 1158 3674 decimis
1171 3612 1319 3688 ejusdem
1330 3612 1419 3674 villae
1432 3635 1439 3674 ι
1454 3613 1621 3689 Capellam
1635 3615 1674 3676 de
1687 3618 1776 3692 Lcya

977 3708 1777 3789 cumomnibusdecimisstoblationibusquatuor

978 3807 1212 3884 principalium
1222 3805 1447 3879 festivitatum,
1465 3808 1626 3885 capellam
1642 3811 1683 3872 de
1694 3811 1775 3888 Ayl-

977 3905 1183 3976 mondestau,
1200 3920 1274 3965 cum
1285 3904 1422 3966 decimis
1431 3905 1596 3979 omnibus,
1612 3909 1775 3985 capellam

978 4003 1090 4066 Sancti
1104 4002 1245 4064 Andreae
1259 4000 1300 4064 de
1320 4003 1436 4066 Dicliio
1452 4019 1527 4066 cum
1547 4020 1660 4067 annua
1688 4023 1776 4084 pen-

977 4102 1070 4163 sione
1085 4118 1145 4164 sex
1160 4099 1341 4163 solidorum
1358 4124 1365 4162 :
1380 4102 1421 4164 de
1435 4103 1555 4180 majori
1571 4104 1775 4167 Derdntonia

977 4201 1009 4262 et
1021 4200 1061 4262 de
1071 4199 1264 4262 Bikemerse
1274 4201 1432 4278 capellas,
1445 4203 1478 4263 et
1493 4202 1533 4262 de
1544 4203 1775 4264 Drumestonia

976 4298 1094 4374 viginti
1113 4298 1237 4362 solidos
1259 4313 1405 4361 annuum
1429 4299 1605 4362 redditum.
1619 4303 1775 4362 Annuum

975 4395 1140 4460 redditum
1154 4397 1295 4458 duorum
1310 4396 1492 4460 solidorum
1516 4397 1552 4458 in
1571 4397 1712 4460 ecclesia
1734 4398 1775 4460 de

978 4495 1127 4568 Sintona,
1153 4495 1194 4556 de
1216 4495 1383 4568 Bertonia,
1414 4495 1579 4556 Mortonia
1607 4496 1640 4557 et
1659 4496 1774 4557 Chiri-

976 4593 1096 4664 chette,
1111 4607 1258 4654 annuum
1269 4592 1433 4656 redditum
1444 4590 1583 4662 duorum
1600 4592 1718 4655 siffuli
1755 4625 1775 4640 -

976 4692 1089 4764 menti,
1104 4693 1137 4754 et
1150 4691 1185 4753 in
1198 4689 1456 4753 Kenemertonia
1466 4705 1540 4750 cum
1553 4690 1660 4752 libera
1667 4691 1774 4769 sepul·

976 4787 1772 4862 tura.omnesdeoimasdeberhust,debeltonia,

976 4889 1017 4950 de
1040 4886 1237 4966 Apperleyo,
1265 4888 1299 4947 et
1327 4885 1366 4946 de
1388 4884 1619 4960 Dunelrieldia,
1634 4891 1772 4967 excepta

160 4985 476 5062 Religiosamvitam
490 4987 687 5065 eligentibus
697 4989 921 5067 apostolicum
975 4985 1151 5048 medietate
1174 4986 1337 5061 majorum
1357 4982 1558 5045 decimarum
1572 4984 1718 5049 domenii
1732 4987 1774 5050 de

122 5085 277 5147 convenit
291 5101 365 5146 esse
379 5086 581 5163 praesidium,
595 5104 637 5149 ne
652 5088 736 5150 torte
745 5088 922 5166 cujuslibet
975 5083 1136 5147 Richardi
1150 5081 1265 5144 Childe
1276 5082 1433 5159 junioris.
1451 5082 1662 5146 Medietatem
1678 5085 1772 5149 deci·

120 5180 318 5244 temeritatis
345 5181 500 5245 incursus
526 5184 584 5246 aut
611 5201 669 5247 eos
703 5201 724 5246 a
752 5187 920 5263 proposito
975 5181 1264 5245 marumdomanii
1279 5180 1320 5242 da
1335 5181 1532 5254 Praestonia,
1549 5183 1772 5246 omnesdeci-

120 5280 265 5353 revocet,
289 5280 346 5342 aut
366 5281 478 5350 robur,
496 5282 581 5360 quod
597 5281 694 5356 absit,
717 5298 822 5345 sacrae
840 5283 922 5345 reli·
975 5297 1047 5343 mas
1059 5281 1100 5343 de
1112 5282 1193 5342 cors
1208 5295 1282 5340 oum
1300 5278 1408 5342 libera
1432 5279 1613 5357 sepultura,
1629 5283 1774 5358 madores

122 5377 921 5459 gionisiniring'at.ilapropterdilectiinliomino
975 5380 1120 5443 decimas
1146 5378 1187 5440 de
1212 5377 1395 5448 Hasieldia,
1419 5379 1638 5456 preterquam
1655 5377 1696 5441 de
1709 5379 1773 5440 do·

122 5472 194 5547 tilii,
205 5476 326 5538 vestris
335 5477 436 5554 justis
449 5479 728 5555 postulationibus
744 5481 920 5541 annuimus
975 5479 1087 5540 manio
1100 5494 1175 5539 cum
1185 5475 1474 5554 liberasepultura
1486 5497 1493 5536 :
1506 5491 1620 5538 omnes
1628 5476 1773 5540 decimas

122 5571 303 5638 clementer
327 5575 360 5636 et
383 5577 621 5638 monasterium
641 5577 681 5639 de
705 5577 862 5650 burhust,
885 5577 921 5639 in
975 5577 1016 5639 de
1031 5579 1118 5655 Leya
1130 5575 1228 5654 juxta
1248 5575 1438 5652 Trulleyam
1455 5591 1462 5635 :
1480 5573 1626 5636 decimas
1647 5575 1688 5638 de
1709 5576 1773 5640 do-

123 5685 184 5745 quo
208 5671 323 5738 divino
348 5673 427 5736 estis
456 5673 614 5752 obsequio
644 5676 833 5754 mancipati,
860 5676 920 5737 s'ub
976 5672 1772 5749 maniodeDelnesordia,cumquadraglntaocto
