3936 6318
85 421 135 482 231
497 413 584 476 XXI.
599 441 641 460 -··
655 411 700 474 ΙΝ
721 411 851 474 FESTO
875 411 1023 474 sambri
1043 409 1286 476 LAURENTII.

86 576 203 641 nodum
214 571 348 637 rohtus
360 570 496 652 rapiunt
508 573 654 636 animam
669 572 704 634 in
721 572 863 636 interno.
1275 605 1366 694 XXI

88 674 166 739 Unda
176 671 237 734 Job
251 693 260 732 ε
275 671 413 734 aueum
424 675 462 733 tu
475 673 572 734 bonis
585 674 659 734 dice
672 685 763 742 meos,
781 671 815 733 ct
829 674 866 733 ta

83 766 788 848 putatomtnsernaaeeeenrmdtrob.m,
800 767 863 848 13).
940 793 1262 856 11.-1urasro
1284 794 1433 856 srucm
1455 793 1695 857 unuanuru.

87 875 139 932 Per
148 869 269 930 bestias
282 867 382 930 terrae
395 867 612 942 designantur
621 867 672 928 illi
686 866 863 940 daemones,

86 965 866 1047 quiaffliguntanimamintormentissiuealiqua
960 966 1201 1040 nurprmmm
1211 964 1381 1038 Frumenti
1394 967 1565 1028 carmem
1585 965 1720 1026 terram

85 1064 297 1142 compassione
308 1063 452 1140 pietatis.
466 1064 560 1126 Unde
570 1063 734 1126 ieremias
743 1063 785 1124 do
797 1062 867 1124 dae-
920 1063 1100 1124 mortum
1120 1063 1239 1136 fetent,
1259 1064 1374 1136 ipsamet
1395 1067 1506 1124 sotum
1528 1063 1656 1124 manet.
1682 1065 1720 1126 st

88 1178 167 1224 mone
195 1183 203 1222 :
228 1164 385 1226 orauere
407 1163 459 1224 cst
486 1162 519 1223 ct
547 1175 617 1224 uon
643 1161 867 1224 miserebitur
918 1161 1038 1222 autem
1063 1159 1241 1222 abortuum
1259 1159 1378 1234 decrit,
1404 1160 1552 1222 muttum
1565 1162 1720 1236 bactron

88 1259 264 1338 (totamm,
279 1257 347 1337 23).
811 1313 815 1324 ,
921 1258 1026 1333 affert
1040 1255 1150 1336 (ioan
1164 1273 1225 1330 111,
1238 1254 1305 1335 24).
1460 1243 1467 1256 '

119 1358 168 1420 isti
196 1356 427 1434 persecutores
448 1356 569 1420 animae
589 1356 667 1419 sunt
685 1355 863 1428 demones,
961 1358 1040 1418 Haec
1054 1355 1155 1418 verba
1173 1355 1461 1432 mucd'erangelii
1473 1354 1649 1433 tripliciter
1667 1355 1722 1418 in·

89 1456 135 1532 qui
153 1453 394 1532 persequuntur
421 1454 568 1516 animam
585 1454 620 1516 in
641 1453 785 1522 interno,
808 1469 868 1516 re·
920 1453 1028 1530 talligi
1051 1453 1200 1531 possunt,
1226 1453 1392 1525 videticet,
1421 1453 1605 1516 secundum
1625 1453 1720 1516 litte·

88 1551 182 1614 nando
196 1567 271 1614 eam
289 1550 432 1614 dirersis
452 1551 487 1612 et
500 1550 605 1614 variis
619 1549 805 1616 tormentis.
827 1551 867 1614 ut
921 1567 1005 1625 ram,
1030 1552 1212 1614 secundum
1240 1551 1448 1628 allegoriam,
1475 1551 1511 1613 et
1537 1551 1720 1614 secundum

88 1649 142 1725 ipsi
160 1648 449 1727 apprehenderem
473 1664 547 1712 eam
571 1649 659 1711 inter
681 1649 864 1724 angustias,
920 1649 1154 1712 moralitatem.
1167 1649 1513 1714 Secundumlitterum
1524 1649 1719 1712 manifestus

88 1747 169 1818 idest,
184 1747 272 1810 iuter
295 1745 492 1810 afflictiones
512 1745 647 1816 interni,
668 1747 747 1824 quia
763 1745 868 1808 dedu·
921 1747 972 1810 est
994 1747 1194 1820 intellectus,
1224 1748 1303 1825 qruia
1330 1747 1360 1810 si
1393 1761 1537 1825 manum
1562 1746 1721 1808 frumenti

87 1846 154 1906 cunt
166 1860 237 1908 eam
249 1844 291 1906 de
303 1844 560 1930 mecadlocum,
576 1845 618 1906 de
630 1845 727 1923 aquis
739 1843 866 1906 nivium
921 1845 1112 1910 reservatur
1134 1845 1169 1906 in
1190 1861 1271 1908 area
1292 1846 1324 1908 et
1347 1845 1546 1910 seminatum
1571 1845 1608 1906 in
1630 1845 1721 1908 terra

85 1943 122 2004 ad
142 1943 281 2004 calorem
309 1942 460 2006 nimium.
488 1942 568 2006 Post
590 1943 730 2006 mortem
754 1942 867 2004 visitat
922 1957 989 2008 non
1010 1942 1121 2016 metit,
1144 1943 1254 2020 ipsum
1272 1943 1380 2006 solum
1401 1944 1526 2006 manet.
1548 1943 1586 2007 Si
1608 1944 1720 2005 autem

88 2041 229 2101 Dominus
247 2041 366 2114 malos,
382 2040 514 2119 quando
529 2040 564 2102 in
579 2040 703 2104 interni
719 2040 866 2102 claustra
919 2043 1020 2106 terrm
1034 2041 1252 2106 ammixtione
1266 2041 1432 2106 manuum
1445 2041 1559 2114 tuerit,
1580 2041 1721 2104 multum

86 2137 302 2212 detruduntur,
317 2139 354 2201 ut
367 2140 474 2218 pesnis
484 2138 652 2216 perpetuis
664 2138 864 2201 crucientur.
921 2139 1065 2204 fructum
1090 2139 1199 2212 affut,
1231 2139 1310 2218 guia
1333 2155 1451 2217 perum
1479 2140 1664 2206 seminatur
1689 2139 1723 2201 et

88 2237 166 2300 Unde
184 2237 287 2298 Isaiae
303 2259 311 2299 ι
327 2238 373 2300 nt
391 2241 460 2300 crit
480 2241 519 2300 ie
533 2241 588 2300 die
609 2241 678 2310 tua,
703 2237 868 2300 emeram
922 2238 1026 2302 muita
1040 2239 1219 2302 metuntur.

86 2335 453 2410 oaampermuutam
465 2339 589 2398 cantito
602 2340 746 2408 manco,
762 2337 894 2418 etser-¹
961 2335 1148 2413 Allegorice
1185 2349 1327 2413 granum
1365 2335 1521 2398 frumenti
1554 2333 1723 2411 significat

82 2432 443 2509 peroportunam
458 2433 540 2494 aurat
556 2433 813 2508 superterram
834 2432 867 2494 ct
923 2435 1100 2498 Christum.
1118 2435 1202 2506 Quia
1216 2434 1452 2510 sicutgranum
1464 2432 1623 2494 frumenti
1633 2431 1721 2509 quod

84 2529 868 2608 communiunturtaccuprcgattcncmutasses·
922 2533 1012 2596 cadit
1039 2532 1076 2594 in
1104 2533 1246 2605 terram,
1276 2546 1337 2609 per
1364 2531 1594 2594 humiditatem
1621 2531 1722 2592 terrae

85 2628 167 2686 cirin
174 2629 299 2698 mcum,
310 2627 345 2688 et
356 2627 560 2690 emerentur
572 2629 619 2690 tbi
628 2630 666 2690 to
677 2641 866 2699 carcerem,
923 2629 1137 2704 deformatur,
1153 2630 1330 2692 marcescit
1343 2632 1378 2692 et
1395 2628 1491 2707 quasi
1504 2628 1663 2704 moritum
1675 2627 1723 2689 ita

85 2723 195 2798 etpost
209 2727 285 2787 dics
303 2725 430 2788 multos
451 2725 687 2788 vastabuntur
703 2722 760 2804 (ie.
771 2739 866 2797 xxrv,
923 2731 957 2794 et
971 2728 1121 2791 Christus
1135 2729 1256 2791 cecidit
1268 2729 1305 2790 in
1318 2728 1454 2799 terram,
1474 2726 1606 2805 quando
1619 2725 1721 2788 incli-

85 2821 139 2896 22).
151 2824 227 2886 Hac
239 2822 390 2886 visitatio
402 2822 592 2895 infernalis,
606 2823 816 2886 mnostnisi
834 2822 868 2883 in
924 2826 1016 2888 navit
1043 2825 1147 2890 coelos
1172 2828 1207 2888 et
1237 2825 1425 2899 descendit,
1459 2825 1560 2898 idest,
1589 2823 1722 2903 quando

87 2935 168 2994 ioena
180 2921 317 2993 aetema,
333 2921 466 2999 <litando
479 2920 614 2999 reprobi
626 2922 659 2985 et
673 2921 779 2999 iniqui
792 2920 870 2984 visi·
923 2924 1068 2988 verbum
1100 2939 1179 2988 caro
1209 2922 1332 2986 iactrun
1363 2924 1414 2987 est
1439 2923 1473 2986 et
1499 2922 1662 2986 habitavit
1687 2922 1723 2984 in

89 3015 240 3092 iniuntur,
256 3019 354 3093 idest,
370 3019 626 3093 damnabuntur,
645 3019 734 3082 sicut
747 3019 869 3095 iegitur
923 3022 1030 3085 nohis.
1055 3023 1141 3086 Nam
1163 3023 1341 3099 antequem
1355 3021 1501 3084 Verbum
1516 3036 1595 3083 caro
1614 3019 1720 3093 tieret,

87 3113 319 3195 hapocalypsi
332 3139 342 3178 ε
357 3118 543 3182 mutarem·
551 3121 590 3181 ic
600 3117 764 3194 scapnam
777 3120 869 3195 mute
924 3120 1041 3198 procui
1055 3119 1228 3184 habitabat
1247 3136 1268 3182 a
1289 3119 1395 3182 uohm.
1419 3120 1484 3182 Sed
1500 3117 1557 3180 ubi
1577 3117 1722 3180 Verbum

84 3213 112 3273 et
134 3218 306 3290 suprema
329 3213 443 3293 (Apcc.
468 3229 526 3288 xx,
552 3215 596 3290 9).
617 3217 658 3279 nt
680 3215 767 3280 sicut
789 3215 870 3277 dicit
924 3233 1002 3281 caro
1031 3217 1153 3281 tactum
1178 3219 1243 3291 est,
1274 3217 1438 3280 habitavit
1468 3217 1506 3278 in
1531 3216 1628 3280 nobis
1656 3233 1724 3278 non

84 3310 176 3374 Isaiae
198 3317 358 3376 :Femur
378 3315 633 3377 immentorum
651 3317 790 3378 tuorum
811 3329 870 3376 as·
923 3315 1030 3380 solum
1043 3316 1269 3395 pergratiam,
1285 3315 1343 3378 sed
1364 3315 1466 3378 etiam
1482 3329 1543 3392 per
1556 3314 1722 3376 naturam.

82 3403 790 3491 muumsoeamaaecumrumtepoeixm,
803 3410 867 3492 11).
924 3415 1010 3476 Nam
1032 3415 1121 3478 sicut
1143 3413 1224 3477 dicit
1247 3412 1410 3476 Jeremias
1434 3434 1442 3473 ε
1464 3415 1532 3474 Hic
1554 3413 1607 3476 cst
1629 3415 1723 3476 Deru

116 3509 158 3569 m
171 3509 323 3571 emitastt
337 3511 445 3572 nocte.
462 3509 581 3572 Anime
592 3509 692 3572 habet
708 3510 822 3574 noctes
836 3511 870 3571 et
924 3513 1043 3576 moster
1059 3512 1094 3574 ct
1117 3527 1187 3576 uon
1209 3512 1261 3574 cst
1283 3514 1373 3574 attus
1387 3511 1520 3586 preater
1535 3514 1641 3583 mame,
1666 3511 1726 3583 pat

82 3603 158 3681 dies;
170 3607 303 3668 noctem
317 3605 528 3672 aduersitatis
543 3608 576 3669 et
590 3607 677 3670 diem
696 3607 869 3685 prosperi·
925 3613 963 3672 ta
977 3611 1086 3674 term
1099 3613 1196 3672 emus
1209 3610 1272 3678 cet,
1294 3609 1420 3670 etcum
1436 3610 1740 3672 neminemnam.

82 3702 159 3776 tatis,
175 3705 307 3766 noctem
321 3703 466 3766 tristim
482 3705 516 3766 et
534 3705 623 3766 diem
636 3705 773 3778 laetitiae,
789 3721 871 3767 noc-
924 3704 1086 3768 remmus
1104 3702 1156 3770 est
1177 3701 1324 3781 (Baruch
1344 3715 1394 3774 111,
1417 3699 1483 3779 38).
1512 3703 1555 3762 Os
1574 3716 1619 3762 ex
1639 3698 1727 3762 ossi-

81 3799 137 3860 tem
151 3799 393 3862 mucronum
406 3799 765 3880 diemjustificationis,
785 3816 870 3864 noc·
924 3801 986 3864 bus
1005 3799 1128 3862 nosris
1151 3801 1185 3862 et
1208 3814 1285 3860 caro
1300 3799 1341 3860 de
1366 3813 1468 3860 carne
1489 3797 1614 3870 nostra
1638 3797 1724 3858 sicut

81 3895 135 3958 tem
148 3898 227 3960 ritae
242 3897 417 3974 praesentis
432 3901 466 3960 et
478 3898 567 3961 diem
580 3899 658 3962 vitta
672 3898 802 3961 futurae.
833 3900 870 3960 ln
925 3899 997 3976 ipse
1018 3897 1162 3960 tesmtur
1180 3896 1215 3958 in
1234 3895 1415 3972 Evangelio
1432 3895 1551 3958 :Exivi
1571 3910 1592 3955 a
1613 3894 1723 3966 Patra,

80 3991 287 4058 hisuoctibue
303 3996 597 4072 animarisitatur3
611 3997 646 4058 in
660 3997 776 4060 diebus
790 4012 870 4058 vero
923 3997 959 4058 et
977 3995 1056 4059 seni
1077 3994 1113 4056 iu
1136 3995 1267 4058 uterum
1292 3992 1451 4070 Virginis,
1476 3991 1554 4069 quia
1579 3995 1726 4054 Verbum

80 4095 259 4156 coronatur.
286 4093 407 4158 Beatus
426 4094 539 4171 itaque
561 4095 760 4158 Laurentius
788 4110 869 4172 pro·
925 4094 1021 4158 ruisti
1034 4096 1204 4158 Dominus
1216 4095 1252 4154 tre
1266 4095 1368 4156 Jacob
1380 4091 1414 4153 ct
1428 4092 1549 4154 cecidit
1562 4093 1601 4152 tn
1614 4093 1726 4153 Irract

79 4185 165 4252 batus
174 4192 227 4253 est
240 4190 277 4252 in
292 4191 357 4264 die,
373 4191 596 4254 sedrisitatus
608 4192 644 4253 in
659 4193 771 4267 nocto;
787 4208 870 4270 prc-
927 4193 984 4272 (is.
1013 4207 1060 4264 ιι,
1082 4189 1127 4272 8).
1152 4191 1277 4253 Cecidit
1302 4206 1381 4267 ergo
1409 4189 1573 4262 Christus,
1593 4187 1726 4266 ,quando

78 4283 166 4350 batus
180 4290 232 4350 est
256 4289 437 4366 prosperis,
459 4289 612 4352 visitatus
636 4291 687 4352 est
707 4291 869 4352 adversis.
925 4291 1114 4355 emuanirit
1139 4305 1176 4352 se
1204 4289 1344 4355 formam
1377 4288 1466 4352 servi
1494 4287 1662 4365 accipiens
1690 4286 1727 4348 in

80 4385 112 4446 iu
131 4387 352 4464 prosperitate
372 4387 438 4448 tuit
457 4386 594 4450 humilis
613 4389 646 4451 et
660 4389 869 4465 misericors;
903 4455 904 4458 ,
926 4389 1177 4452 similitudinem
1195 4387 1306 4450 carnis
1320 4387 1460 4464 peccati.
1488 4387 1572 4448 Caro
1599 4384 1727 4462 peccati

80 4481 111 4544 in
124 4485 327 4546 adversitate
342 4483 481 4548 tortiset
494 4487 636 4563 patiens.
651 4486 794 4548 Humilis
809 4486 872 4549 tuit
925 4487 1058 4559 dicitur,
1087 4485 1165 4564 quia
1184 4483 1265 4548 tacit
1284 4501 1345 4546 nos
1365 4499 1514 4562 peccare,
1538 4483 1625 4546 sicut
1648 4482 1729 4546 dicit

81 4578 111 4641 in
129 4582 362 4659 prosperitate,
380 4583 458 4661 quia
472 4599 547 4648 cum
566 4584 655 4646 esset
673 4584 871 4660 apostolica
927 4584 1030 4648 Darid
1052 4605 1062 4646 ι
1083 4599 1102 4644 e
1124 4586 1208 4646 Ecce
1233 4583 1269 4644 in
1292 4582 1523 4659 iniquitatibus
1547 4581 1727 4656 conceptus

82 4678 168 4740 Sedis
192 4679 461 4753 archidiaconus,
479 4680 648 4758 quaerebat
660 4697 823 4760 pauperes
840 4683 873 4744 et
927 4700 1014 4756 sum,
1040 4683 1128 4746 etin
1151 4681 1271 4744 delicto
1295 4681 1424 4757 peperit
1443 4695 1496 4741 me
1525 4680 1631 4740 mater
1654 4693 1727 4740 moa

82 4781 206 4840 sanctos
220 4793 281 4856 per
294 4777 449 4855 regiones
467 4780 500 4842 ct
517 4779 620 4853 vicos,
637 4795 697 4857 per
710 4779 825 4842 domos
840 4781 873 4842 et
928 4779 997 4860 (Ps.
1012 4781 1063 4853 50,
1080 4779 1125 4860 6).
1149 4796 1168 4840 »
1188 4779 1251 4840 Sed
1268 4777 1418 4839 Christus
1432 4792 1499 4838 non
1514 4774 1631 4837 habuit
1648 4791 1728 4838 car-

81 4877 218 4952 crpptas,
241 4892 383 4953 quorum
398 4876 500 4954 pedes
521 4876 664 4951 lavabat,
690 4877 724 4940 et
748 4877 872 4940 osculis
926 4895 1002 4941 nem
1020 4878 1158 4956 peccati,
1174 4877 1254 4954 quia
1271 4876 1450 4952 conceptus
1464 4875 1514 4937 est
1536 4873 1578 4937 do
1601 4874 1729 4951 Spiritu

82 4973 285 5047 confovebat,
314 4975 467 5051 Magistri
500 4977 632 5038 secutos
667 4977 870 5054 exemplum,
929 4979 1066 5049 Sancto,
1083 4976 1181 5041 natus
1195 4974 1237 5038 de
1252 4973 1361 5036 Maria
1374 4974 1523 5050 Virgine.

83 5072 133 5146 qui
144 5087 218 5133 cum
232 5072 371 5135 lavisset
382 5072 483 5152 pedes
505 5073 754 5150 discipulorum,
780 5077 874 5152 adje-
968 5073 1134 5148 Quaeritur
1166 5089 1227 5136 cur
1260 5073 1297 5134 in
1329 5072 1581 5134 similitudinem
1615 5071 1728 5133 carnis

83 5167 144 5228 cit:
165 5173 377 5244 exemptam
395 5173 474 5232 dedi
494 5173 600 5243 eodm,
623 5171 663 5232 ut
684 5173 718 5234 et
740 5187 801 5234 boe
823 5173 874 5234 tta
927 5173 1105 5252 poccaiide
1119 5171 1259 5234 muliere
1272 5186 1392 5248 corpus
1407 5170 1596 5248 assumpsit,
1613 5171 1646 5232 et
1661 5185 1729 5232 non

83 5266 508 5348 smmtistsoau.1111,15).
535 5270 573 5330 In
597 5268 797 5332 adversitate
812 5269 874 5331 tuit
928 5273 1037 5351 potius
1061 5270 1194 5334 exalia
1215 5270 1279 5332 sibi
1298 5269 1439 5332 materia
1460 5283 1582 5331 novum
1609 5283 1730 5344 corpus

10 5433 11 5442 ἵ
84 5361 169 5426 tortis
183 5366 217 5428 et
237 5365 380 5443 patiens,
405 5367 484 5443 quia
506 5383 580 5428 cum
603 5367 777 5430 tormentis
801 5369 875 5430 atii-
928 5369 1098 5442 formavit,
1129 5369 1181 5442 ut,
1211 5369 1298 5432 sicut
1327 5367 1434 5430 tactus
1465 5366 1576 5428 iuerat
1603 5365 1730 5442 primus

10 5479 11 5538 3
84 5465 217 5536 caretur,
249 5462 455 5526 confortatus
485 5464 522 5525 in
550 5466 689 5528 Domino
715 5465 872 5530 dicebat:
929 5470 1046 5542 Adam,
1066 5453 1118 5530 'ite
1142 5467 1236 5530 tieret
1265 5468 1299 5530 et
1319 5464 1484 5528 secundus
1507 5487 1515 5525 ι
1538 5468 1563 5528 0
1586 5465 1730 5528 attitado

10 5625 11 5634 χ
83 5561 212 5622 «baum
233 5577 346 5624 meum
373 5560 457 5634 colo,
483 5562 585 5624 atilli
607 5563 670 5625 soli
691 5565 813 5638 servio,
842 5564 876 5626 et
929 5568 1134 5630 divitiarum
1166 5566 1348 5640 eapientem
1384 5565 1419 5626 et
1452 5563 1607 5625 retractior
1639 5566 1731 5624 Det!

85 5655 151 5718 ideo
169 5674 235 5722 non
256 5659 358 5724 timeo
371 5657 537 5724 tormenta
552 5661 656 5724 tua.»
930 5663 1631 5740 quamtacomprcdcnstbtttaezcrtijtuticic
1643 5664 1729 5734 circs,

931 5765 965 5826 ct
986 5763 1241 5841 ttioeaepaoues
1262 5763 1329 5824 vta
1352 5763 1444 5834 ejus!
1468 5762 1550 5826 dreis
1575 5759 1732 5834 copaoer
