3994 6326
216 289 277 348 655
834 291 1009 352 HONORll
1032 294 1076 352 lll
1099 293 1246 356 ornat.
1808 297 1859 356 ub

215 449 456 526 ipsorumviam
464 448 526 510 1311
534 449 698 511 universae
706 449 817 511 carnis
825 449 1008 526 ingressus,
1070 451 1288 526 berstadensi,
1312 452 1424 516 abbati
1439 452 1479 516 de
1499 452 1590 514 Cella
1609 454 1642 518 31
1661 451 1783 516 dilecto
1800 453 1859 515 filio

216 547 354 609 elalius
375 547 474 609 estin
495 546 786 625 archiepiscopum
806 546 1014 611 Ebredunen.
1072 549 1230 624 magistro
1250 549 1400 612 Conrado
1421 550 1462 611 de
1483 549 1638 612 Marburc
1658 549 1860 627 praedicatori

217 645 416 722 assumptus,
434 644 490 722 qui
511 645 616 707 distat
628 661 687 722 per
705 645 878 708 duodecim
900 645 1016 708 diaetas
1072 649 1254 723 maguntin.
1280 649 1315 710 et
1344 649 1501 710 Misnens.
1524 647 1635 720 dimo,
1666 647 1811 709 salutem
1834 651 1861 710 ct

217 743 406 819 313331133
421 742 462 804 ab
478 743 614 804 eisdem.
636 744 728 804 Unde
743 761 844 826 quum
859 743 1016 821 praedicto
1070 744 1287 820 apostolicam
1301 744 1578 806 benedictionem.

218 843 256 902 R.
275 841 345 902 solo
361 841 497 902 minime
517 840 682 902 arbitrare
704 841 846 914 valente,
865 840 1017 902 videatur
1111 843 1160 902 Ex
1171 845 1266 920 parte
1280 841 1409 904 abbatis
1422 845 1456 905 et
1475 844 1656 904 conventus
1674 843 1861 904 monasterii

218 936 392 1000 arbitrium
417 939 601 1016 expirasse,
623 938 719 1000 nobis
743 939 913 1000 humiliter
937 955 1017 1016 sup-
1071 939 1367 1016 Nihemburgensis
1383 939 1445 1002 1311
1459 941 1663 1018 propositum
1678 955 1793 1001 coram
1810 957 1863 1000 no-

218 1035 354 1114 plicavit
379 1037 415 1098 31
448 1037 531 1098 viris
560 1037 731 1108 discretis,
755 1037 811 1114 qui
835 1035 1016 1098 secundum
1070 1036 1122 1097 bis
1137 1037 1223 1114 quod
1239 1055 1339 1116 quum
1352 1037 1459 1100 1311313
1473 1037 1642 1099 memoriae
1655 1037 1863 1098 Innocentius

215 1134 346 1196 arbitrii
367 1135 439 1196 acta
458 1135 615 1212 praedicta
631 1135 670 1195 ad
687 1135 889 1196 decisionem
905 1149 1015 1196 causae
1071 1150 1156 1212 papa
1186 1135 1411 1212 praedecessor
1436 1137 1550 1197 noster
1573 1150 1632 1212 pro
1654 1151 1770 1206 causa,
1798 1151 1863 1212 qua

217 1233 398 1309 procedere
423 1233 581 1305 debeant,
612 1231 758 1293 scribere
789 1232 1014 1309 dignaremur.
1071 1231 1280 1310 interipsum
1302 1232 1541 1295 monasterium
1563 1248 1606 1294 ex
1628 1233 1724 1310 parte
1747 1247 1815 1292 una
1836 1235 1864 1293 31

217 1331 361 1408 Ideoque
385 1330 580 1392 discretioni
604 1333 723 1392 vestroe
743 1346 804 1407 per
826 1330 1016 1408 Apostolica
1071 1328 1198 1392 nobiles
1220 1331 1310 1393 viros
1325 1329 1442 1392 ducem
1465 1330 1619 1392 Saxoniae
1634 1345 1674 1391 33
1689 1329 1864 1390 Henricum

217 1429 341 1506 3331313
370 1429 585 1501 33313333,
616 1429 796 1506 quatenus,
825 1429 853 1488 31
878 1431 928 1490 331
955 1428 1014 1501 113,
1071 1426 1865 1506 3331133133331313313333133(111333311-

216 1541 351 1586 333333
362 1525 468 1602 13333
479 1529 575 1602 juxta
587 1525 777 1604 hujusmodi
788 1527 872 1598 acta,
886 1525 1015 1588 sublato
1070 1523 1213 1587 berstad.
1244 1539 1287 1586 ex
1312 1524 1429 1597 altera,
1460 1540 1560 1602 super
1587 1523 1726 1596 mansis,
1755 1523 1865 1600 sylvis,

217 1623 451 1700 appellationis
475 1623 658 1696 obstaculo,
682 1623 747 1685 line
769 1623 878 1686 debito
897 1623 1015 1685 termi-
1071 1621 1216 1698 pascuis,
1233 1622 1327 1700 equis
1345 1623 1379 1684 31
1398 1621 1474 1684 aliis
1497 1621 1697 1684 animalibus
1714 1636 1756 1682 ac
1777 1620 1866 1681 daur-

216 1721 313 1792 netis,
327 1721 460 1798 optione
481 1721 593 1783 tamen
608 1721 715 1782 eidem
730 1721 875 1798 capitulo
890 1737 1014 1784 secun·
1071 1719 1123 1779 nis
1139 1718 1173 1780 31
1195 1719 1329 1796 injtrriis
1344 1718 1386 1780 ab
1401 1719 1527 1781 eisdem
1547 1735 1589 1780 ex
1608 1721 1703 1796 parte
1722 1718 1866 1796 ipsorum

217 1819 295 1880 dum
311 1820 499 1880 sanctiones
523 1819 690 1895 legitimas
711 1821 893 1890 reservata,
909 1819 947 1882 ut
962 1819 1015 1882 vel
1070 1815 1158 1878 dicto
1180 1817 1383 1880 monasterio
1397 1816 1555 1893 irrogatis
1571 1816 1722 1879 noscitur
1736 1815 1866 1892 agitari,

215 1917 380 1994 recipient
392 1916 615 1992 depositiones
636 1930 751 1977 eorum
766 1916 823 1992 qui
836 1916 1017 1992 supersunt
1071 1929 1171 1990 quum
1193 1913 1462 1990 Merseburgensi
1490 1915 1645 1992 33133333
1664 1914 1697 1975 31
1718 1913 1868 1990 conjudi-

217 2013 451 2091 productorum
461 2015 594 2076 testium
606 2014 721 2075 contra
736 2030 804 2085 eos,
819 2013 871 2076 vel
883 2013 1015 2075 eosdem
1070 2009 1163 2070 cibus
1183 2011 1253 2074 3313
1268 2011 1445 2074 direxisset
1467 2011 1592 2088 pluries
1614 2011 1740 2088 scripta
1759 2025 1819 2070 333
1838 2010 1869 2072 31

217 2113 378 2188 33333331
397 2113 433 2174 31
452 2113 553 2174 133133
573 2112 740 2189 deponant
754 2113 872 2174 113333
891 2127 1016 2190 appro-
1071 2108 1186 2169 eadem
1202 2108 1407 2186 nequivisset
1421 2109 1594 2171 terminari
1609 2123 1669 2185 per
1691 2108 1798 2184 ipsos,
1810 2123 1868 2167 nec

216 2207 346 2281 1133133,
363 2210 455 2272 salvo
477 2211 589 2271 tamen
608 2213 696 2287 jure,
714 2210 797 2286 quod
815 2209 849 2270 in
877 2211 1016 2286 utroque
1071 2207 1262 2282 speraretur
1287 2205 1321 2268 in
1349 2209 1517 2283 posterum
1540 2205 1764 2276 terminanda,
1787 2205 1868 2266 sicut

216 2323 296 2368 casu
311 2307 417 2370 eidem
431 2307 576 2385 capitulo
587 2307 743 2386 competit
753 2309 819 2370 tam
831 2307 866 2368 in
880 2307 1015 2369 testium
1070 2303 1156 2365 idem
1181 2303 1356 2380 episcopus
1382 2305 1452 2364 suis
1480 2304 1513 2364 31
1538 2303 1658 2364 11113313
1692 2301 1870 2372 intimavit,

218 2405 607 2483 personasquamdicta.
617 2405 708 2477 Quod
724 2405 753 2466 si
767 2421 834 2466 non
849 2419 1013 2476 omnes...,
1071 2402 1143 2478 1333
1165 2400 1283 2464 nolens
1306 2401 1497 2478 hujusmodi
1516 2401 1607 2462 litem
1634 2401 1782 2462 existere
1807 2399 1870 2460 im·
1977 2427 1978 2440 .

217 2502 281 2564 duo
297 2503 454 2575 vestrum,
471 2505 533 2565 etc.
563 2505 682 2565 Datum
699 2503 854 2566 Laterani
876 2505 1015 2564 dnonas
1071 2497 1254 2570 mortalem,
1282 2497 1465 2560 venerabili
1487 2497 1584 2560 133131
1610 2498 1724 2559 nostro
1752 2496 1872 2559 111133-
1978 2523 1979 2546 l

216 2599 327 2664 martii
338 2617 425 2663 anno
440 2601 597 2664 secundo.

570 2756 668 2842 CLV

331 2889 386 2947 Ad
397 2889 593 2961 episcopum
607 2888 902 2948 Aurelianorum.

512 3011 624 3068 1331.
642 3009 721 3067 1118.

1070 2692 1160 2756 dedit
1183 2693 1359 2755 1111331313
1379 2693 1554 2765 mandalia,
1579 2693 1614 2754 ut
1637 2693 1770 2770 utrique
1785 2692 1868 2770 33311

1070 2888 1203 2950 Octavia
1227 2887 1421 2966 Epiphaniae
1446 2888 1606 2964 proxima
1638 2888 1715 2948 tunc
1737 2887 1868 2958 tuturis,

1070 2985 1216 3063 quassis
1238 2985 1497 3062 333333133133
1518 2984 1713 3060 assignavit,
1739 2984 1869 3062 propter

1071 2596 1198 2657 staden.
1227 2597 1382 2674 33133333
1419 2595 1452 2658 31
1488 2595 1625 2672 collegis
1658 2593 1765 2672 ipsius
1800 2595 1867 2654 suis
1979 2637 1980 2648 ,

1071 2791 1212 2853 tirmiter
1226 2795 1298 2868 ejus
1313 2791 1512 2852 auctoritate
1526 2791 1750 2868 injungerent,
1777 2791 1813 2852 ut
1835 2789 1868 2850 in
1981 2804 1982 2832 1

249 3125 419 3188 [1133331111.
432 3126 462 3184 11,
475 3124 549 3189 epist.
561 3125 616 3174 1187.
630 3127 689 3176 tiss.
705 3126 741 3175 La
755 3125 829 3175 Porta
841 3121 984 3188 1131113111

284 3232 419 3304 Ejusdem
434 3233 562 3305 33133331
577 3231 726 3289 confirmat
740 3231 948 3304 possessiones.

257 3341 437 3412 Honorius,
452 3340 527 3412 313,
544 3338 727 3402 venerabili
748 3339 844 3400 133131
862 3337 1016 3399 Aurelia-

218 3455 295 3500 333.
311 3451 478 3514 33133333.

256 3534 362 3597 iustis
389 3532 569 3610 petentium
597 3547 736 3606 usquc:
762 3530 939 3608 complere.
969 3533 1014 3591 lia

217 3633 362 3710 propter,
383 3629 587 3692 venerabilis
603 3629 636 3688 in
662 3629 793 3691 Cirris-to
815 3628 929 3700 irater,
949 3629 1015 3689 tuis

213 3731 314 3806 justis
336 3728 491 3806 precibus
515 3727 677 3799 inclinati,
702 3727 815 3788 Sancti
842 3727 932 3788 Petri
956 3726 1016 3787 vi-

215 3844 344 3899 rorum,
371 3827 484 3888 Sancti
510 3825 602 3888 Petri
629 3824 821 3887 Puellarum
849 3825 882 3886 et
901 3824 1013 3886 Sancti

216 3925 306 3987 Aviti
328 3923 491 3996 abbatias,
519 3923 605 3984 sicut
625 3938 684 3983 eas
702 3925 793 4000 juste
813 3921 963 4000 possides
984 3923 1016 3983 31

218 4023 340 4100 quiete,
358 4021 420 4084 tibi
441 4025 475 4084 et
496 4023 607 4098 33313
628 4021 841 4081 aurelianen.
865 4019 1015 4081 ecclesiae

218 4119 616 4195 auctoritateApostolica
630 4118 875 4188 confirmamus,
893 4119 925 4180 31
935 4133 1016 4194 prae·

219 4217 322 4280 sentis
335 4217 452 4293 scripti
465 4215 650 4292 patrocinio
661 4215 912 4275 communimus.
924 4214 1015 4276 Nulli

216 4332 295 4391 ergo
325 4316 412 4376 hanc
441 4314 595 4390 paginam
630 4311 752 4373 nostrae
786 4312 1014 4373 3331333113-

217 4413 280 4484 nis,
294 4415 357 4474 etc.
377 4412 413 4473 Si
426 4411 500 4488 quis
516 4411 637 4481 33133,
651 4411 713 4470 313.
728 4409 846 4472 Datum
862 4409 1015 4470 Laterani

216 4512 313 4573 nonis
329 4509 439 4572 martii
455 4523 545 4570 anno
560 4507 716 4569 secundo.

558 4678 675 4765 CLVI

215 4819 267 4877 Ad
289 4817 485 4876 contradam
500 4815 697 4886 episcopum
711 4813 882 4884 quondum
897 4812 1016 4872 31133-

255 4913 463 4981 stodensem,
482 4909 636 4971 abbatom
657 4911 698 4970 da
718 4911 807 4970 03113
828 4907 863 4968 ct
885 4910 1016 4983 mopte-

257 5011 351 5070 13131
366 5011 407 5068 dc
421 5009 596 5068 Morburc.

510 5119 528 5176 1
543 5125 626 5176 3331.
644 5118 721 5175 tals.

319 5227 498 5294 [Wurdtveim
513 5227 585 5278 Nova
597 5223 719 5281 subsidia,
731 5231 750 5274 t.
762 5225 806 5286 111,
817 5240 842 5289 p.
857 5223 909 5288 ta]

217 5335 307 5392 Breve
322 5345 373 5403 pro
384 5324 564 5386 terminanda
579 5323 775 5381 controversia
787 5322 861 5379 inter
875 5327 1017 5379 monaste·

288 5421 360 5477 rium
376 5415 626 5490 Nihemburgensc
639 5418 668 5470 31
681 5411 784 5468 ducem
802 5411 942 5469 saxonie.

258 5534 426 5600 Honorius
441 5533 616 5611 episcopus
630 5545 746 5592 servus
758 5542 929 5590 servorum
943 5526 1014 5596 Dei,

220 5633 403 5701 venerabili
425 5631 519 5694 133131
541 5633 575 5690 C.
592 5629 749 5707 episcopo
769 5623 1014 5706 3333133111-

1071 3083 1133 3144 boo
1155 3083 1388 3160 procuratores
1407 3081 1544 3144 idoneos
1558 3082 1601 3142 ad
1620 3085 1693 3160 ejus
1717 3097 1867 3158 3333333-

1070 3181 1151 3243 tiam
1166 3180 1373 3242 destinarent
1385 3179 1421 3240 in
1437 3181 1569 3256 negotio
1583 3181 1672 3256 ipso,
1689 3179 1869 3240 secundum

1071 3279 1156 3356 qnod
1183 3279 1271 3356 jnris
1302 3277 1382 3339 ordo
1415 3277 1602 3355 requireret
1636 3292 1866 3354 processuros;

1069 3376 1218 3452 alioquin
1247 3377 1391 3438 extunc
1416 3374 1488 3453 ipse
1516 3374 1748 3446 nibilominus,
1775 3374 1869 3452 33331

1070 3473 1219 3549 exigeret
1237 3472 1335 3545 ratio,
1357 3472 1551 3550 procederet
1571 3473 1606 3533 in
1625 3471 1752 3534 eodem.
1781 3471 1868 3532 Licet

1070 3573 1180 3633 autem
1200 3570 1357 3648 praeiatus
1380 3570 1554 3647 episcopus
1579 3569 1613 3632 31
1635 3572 1707 3646 ejus
1734 3569 1866 3644 collega

1071 3670 1157 3732 dicto
1177 3668 1290 3730 comiti
1312 3667 1490 3730 terminum
1511 3668 1709 3729 auctoritate
1729 3669 1867 3744 Aposto-

1071 3767 1135 3828 lica
1150 3766 1355 3844 praefixerint
1370 3765 1652 3842 suprascriptum,
1672 3765 1744 3840 1333
1759 3766 1866 3827 13333

1070 3863 1395 3942 procuratorem,qui
1405 3861 1583 3940 procedere
1591 3861 1746 3941 possetin
1755 3877 1863 3932 causa,

1070 3964 1201 4024 mittere
1217 3977 1283 4023 non
1294 3961 1434 4032 curavit,
1447 3963 1664 4036 procuratore
1678 3960 1784 4040 133133
1799 3976 1866 4022 33-

1071 4059 1209 4122 33313311
1221 4075 1287 4122 333
1299 4058 1423 4135 absque
1436 4058 1550 4120 labore
1561 4073 1600 4119 ac
1610 4059 1769 4134 expensis
1784 4057 1866 4134 apud

1070 4157 1292 4232 Apostolicam
1304 4154 1866 4233 Sedemdiutiusexpectante3quin

1069 4255 1136 4316 133
1151 4255 1325 4332 postquam
1336 4252 1443 4314 dictus
1453 4253 1615 4314 terminus
1631 4252 1695 4314 sibi
1706 4253 1769 4315 1311
1784 4269 1866 4330 3333·

1070 4353 1156 4412 linus
1180 4351 1221 4412 ab
1243 4349 1322 4422 illis,
1350 4351 1420 4412 tam
1441 4349 1511 4426 ipse
1531 4365 1652 4420 comes,
1682 4365 1781 4428 quam
1801 4349 1865 4410 dux

1072 4448 1259 4526 praedictus,
1273 4463 1393 4524 graves
1408 4447 1515 4508 eidem
1536 4447 1740 4509 monasterio
1757 4447 1866 4509 intulit

1070 4548 1211 4624 iujurias
1223 4546 1427 4622 etjacturas.
1451 4545 1545 4606 Unde
1565 4541 1660 4605 nobis
1676 4543 1739 4605 luit
1754 4544 1862 4604 bumi-

1071 4646 1147 4706 liter
1162 4643 1393 4721 supplicatum,
1417 4643 1453 4704 31
1468 4657 1542 4702 333
1557 4641 1680 4702 dictum
1696 4645 1863 4702 monaste-

1071 4743 1157 4803 rium
1177 4745 1247 4819 jam
1276 4739 1346 4802 1333
1375 4756 1436 4801 sex
1470 4739 1568 4800 annis
1594 4754 1653 4816 333
1679 4738 1865 4814 hujusmodi

1071 4840 1204 4916 negotio
1219 4837 1394 4910 laboravit,
1418 4838 1451 4898 et
1465 4837 1600 4913 propter
1612 4837 1793 4913 potentiam
1809 4851 1866 4900 no-

1070 4937 1185 4999 bilium
1208 4934 1443 5014 praediciorum
1459 4933 1695 4995 nihilomnino
1719 4933 1865 5010 proiece-

1070 5035 1116 5097 rit
1137 5035 1312 5110 fatigatum
1334 5031 1507 5093 laboribus
1525 5031 1558 5092 et
1577 5029 1745 5106 expensis,
1770 5045 1865 5106 super

1071 5133 1133 5194 hoc
1156 5131 1220 5208 ipsi
1246 5130 1409 5209 praeterea
1439 5128 1613 5205 providere
1644 5126 1864 5189 sollicitudine

1070 5231 1295 5307 dignaremur.
1311 5231 1416 5299 Quum
1429 5225 1533 5301 igitur
1545 5225 1652 5286 eidem
1667 5225 1864 5287 monasterio

1071 5329 1104 5389 in
1121 5345 1180 5389 333
1195 5318 1312 5388 dee'sse
1323 5323 1454 5402 justitia
1477 5339 1543 5384 non
1563 5322 1717 5394 uelimus,
1743 5323 1865 5384 discre-

1070 5425 1152 5487 tioni
1169 5425 1288 5486 vestrae
1303 5438 1362 5499 per
1382 5419 1570 5498 1333131133
1586 5419 1709 5495 scripta
1724 5420 1861 5480 manda-

1071 5541 1154 5590 mus,
1181 5522 1342 5599 quatenus
1359 5519 1464 5580 dictos
1483 5517 1622 5586 nobiles,
1649 5516 1785 5580 3113133
1801 5519 1862 5578 1333

1071 5637 1200 5686 menses
1215 5621 1288 5698 post
1302 5617 1417 5696 primae
1431 5615 1599 5679 citationis
1614 5615 1757 5678 edictum
1772 5615 1859 5694 post-
