3936 6318
72 325 119 386 157
523 319 609 382 XIV.
625 347 666 366 -
681 317 726 380 IN
747 317 877 380 FESTO
899 317 1048 380 SANCTI
1068 319 1236 382 Anauni.
1644 327 1702 390 158
1750 333 1756 346 '

66 485 129 546 dun
143 495 239 544 suum
258 495 325 544 non
339 479 487 552 verbum,
505 480 562 542 sed
586 477 744 543 laborem.
762 481 848 557 ope-
900 478 956 542 tur
979 477 1080 554 ionas,
1103 479 1200 553 idest,
1217 477 1259 542 ab
1274 478 1423 544 Ecclesia
1442 481 1607 562 eliciatur.
1622 487 1703 550 Mit-

65 597 137 652 rare,
153 581 231 659 quia
255 594 370 642 omnes
399 579 581 642 astabimus
605 579 682 641 ante
700 577 847 640 tribunal
901 575 983 638 titur
997 576 1087 639 ionas
1103 577 1235 656 quando
1251 579 1371 642 mactat
1395 581 1466 643 sola
1489 582 1699 661 temporalia,

66 679 183 751 Christi,
208 678 246 740 ut
265 677 407 756 recipiat
429 677 655 756 unusquisque
679 677 847 755 propriam
902 675 935 737 et
950 675 1087 738 dimittit
1106 676 1307 754 spiritualia.
1321 677 1465 741 Mittitur
1485 679 1588 755 foras,
1606 682 1643 744 ut
1659 680 1701 745 ab

66 777 233 840 mercedem
249 775 430 838 secundum
445 790 495 848 ea,
510 790 578 837 non
593 791 666 854 quae
682 775 776 848 dixit,
789 775 846 837 sed
902 771 1011 835 oidcio
1037 773 1223 851 deponatur
1236 775 1269 838 et
1292 776 1506 839 conculcetur
1528 777 1568 840 ab
1593 779 1698 842 homi·

67 891 125 954 qus
138 875 214 951 egit.
232 877 390 953 operare,
409 874 487 952 quia
502 871 618 936 beatus
634 875 684 936 est
698 873 756 934 ille
771 889 846 935 ser·
901 870 1017 945 nibus·
1027 871 1123 947 idest,
1136 873 1338 951 despiciatur
1347 873 1388 936 ab
1403 875 1604 937 hominibus.
1618 877 1699 940 Item

65 989 121 1045 rus,
137 987 234 1050 quem
250 988 326 1034 cum
349 971 480 1034 venerit
502 972 663 1034 Dominus
688 974 771 1050 ejus,
788 972 845 1033 in·
901 971 1000 1032 aliter
1020 971 1079 1031 :ut
1093 972 1397 1034 excommunicetur
1415 974 1447 1035 et
1457 973 1609 1050 evitetur,
1621 975 1700 1052 quia

65 1071 175 1134 uenerit
189 1070 239 1132 sic
254 1069 441 1133 facientem.
901 1069 1052 1146 peccavit
1065 1069 1100 1130 in
1114 1069 1313 1146 proximum.

93 1172 166 1231 ltem
189 1185 265 1230 cum
291 1168 431 1246 quilibet
454 1167 657 1230 christianus
677 1168 764 1230 scire
783 1167 845 1230 de-

64 1267 124 1329 beat
138 1266 315 1329 Dominum
330 1267 364 1330 et
378 1267 567 1330 Creatorem
582 1281 690 1339 suum,
701 1267 846 1329 maxime
1255 1299 1349 1388 XIV

65 1366 114 1426 hoc
135 1366 325 1426 sacerdotes
358 1363 495 1438 debent,
531 1363 650 1442 quibus
686 1363 848 1426 incumbit

63 1462 197 1525 doctrina
212 1463 322 1525 suaet
345 1461 506 1540 exemplis
528 1463 632 1525 totam
656 1461 846 1524 illuminare
1023 1485 1069 1548 IN
1091 1487 1220 1550 FESTO
1245 1489 1394 1550 SANCTI
1413 1489 1582 1552 ANGELL

64 1560 241 1622 Ecclesiam.
260 1560 330 1622 Scit
344 1561 454 1622 autem
468 1559 525 1622 ille
539 1560 701 1621 Dominus
717 1560 775 1638 qui
788 1575 848 1622 ca·
981 1561 986 1570 “

63 1658 180 1720 thelicae
200 1657 279 1720 ildei
296 1657 471 1720 veritatem
492 1659 660 1736 praecepit,
690 1658 724 1720 et
745 1658 846 1720 tantae
940 1656 1087 1718 nactum
1105 1656 1157 1719 est
1175 1659 1338 1732 praelium
1357 1673 1525 1736 acapnum
1545 1663 1582 1720 in
1603 1665 1698 1723 coelo.

63 1756 128 1817 idei
149 1771 330 1832 congruam
353 1757 457 1820 vitam
481 1756 582 1819 ducit.
604 1757 667 1818 Sed
683 1756 845 1834 quomodo
900 1755 1047 1817 Micbocl
1083 1755 1116 1816 ct
1146 1759 1260 1832 angela·
1287 1757 1363 1830 ejus
1385 1759 1593 1830 mactabant
1619 1773 1700 1821 cum

62 1852 155 1915 scient
169 1852 245 1914 lidei
260 1851 447 1927 veritatem,
460 1851 518 1932 qui
532 1868 598 1914 non
613 1853 764 1916 doctores
780 1871 844 1916 au·
900 1855 1070 1925 dracone:
1085 1852 1119 1914 ct
1134 1853 1238 1915 draco
1248 1855 1423 1930 pugnabat
1438 1855 1473 1916 et
1484 1859 1598 1931 capell
1613 1858 1698 1930 ajars

62 1950 155 2023 diunt,
171 1967 232 2012 nec
248 1950 439 2030 Scripturas
455 1951 656 2025 scrutantur,
670 1951 710 2014 de
725 1952 844 2031 quibus
899 1950 934 2012 ct
956 1964 1026 2011 non
1045 1951 1321 2026 producerent,
1339 1965 1448 2026 aeque
1467 1957 1559 2014 locres
1578 1961 1701 2015 corum

62 2048 127 2109 idei
141 2049 326 2121 reniterent
340 2049 441 2127 piscis
455 2048 496 2111 de
512 2064 597 2128 aqua
612 2049 717 2113 multo
732 2049 846 2113 labore
899 2048 1063 2110 inventus
1081 2048 1292 2123 estamplius
1310 2051 1348 2110 ia
1360 2055 1442 2111 coelo
1452 2047 1568 2129 (Apoc.
1579 2064 1641 2124 xrr,
1652 2047 1699 2130 7).

61 2149 88 2208 et
100 2147 205 2208 studio
219 2147 367 2209 eruiturt
385 2148 539 2224 ignorata
563 2148 703 2211 ueritate
718 2148 847 2225 ingerat
938 2144 1097 2222 angelica
1114 2145 1298 2208 ministeria
1318 2145 1548 2223 multipliciter
1559 2147 1699 2226 dispen-

61 2260 91 2305 se
103 2245 228 2306 salsitas
249 2261 348 2324 quam
368 2245 545 2308 comitatur
567 2246 731 2326 injustitia
748 2248 780 2309 et
793 2246 847 2309 vi-
900 2242 995 2304 satur
1007 2243 1044 2303 in
1058 2241 1169 2315 terris,
1186 2242 1220 2304 et
1231 2243 1317 2306 miro
1332 2243 1449 2306 ordina
1464 2261 1609 2322 superna
1625 2245 1699 2306 dis-

60 2345 95 2402 ta
121 2343 338 2406 immunditia.
364 2345 447 2405 Sunt
474 2343 545 2416 alii,
569 2345 626 2422 qul
650 2343 712 2406 etsi
736 2345 846 2409 sciunt
899 2339 994 2418 ponit
1007 2339 1184 2402 clementia
1197 2341 1319 2402 milites
1332 2357 1411 2403 suos
1423 2346 1558 2420 propter
1569 2358 1626 2404 eos
1642 2341 1699 2420 qui

60 2441 233 2514 Dominum,
250 2442 403 2503 nesciunt
430 2440 576 2504 officium
603 2459 701 2505 suum
719 2442 761 2504 ad
785 2459 847 2520 po-
900 2437 1037 2516 capiunt
1054 2438 1283 2500 haereditatcm
1299 2439 1429 2500 salutis.
1448 2439 1541 2501 Unde
1556 2442 1590 2502 et
1610 2440 1696 2502 bea·

60 2539 172 2614 pulum,
189 2539 274 2616 quod
296 2541 347 2601 est
369 2539 505 2601 verbum
528 2539 588 2601 Dei
611 2541 644 2602 et
662 2539 758 2603 bonae
773 2557 847 2603 mo-
899 2535 1008 2599 torum
1031 2535 1207 2616 spirituum
1227 2536 1377 2598 custodia
1401 2553 1468 2600 non
1484 2537 1579 2600 deest
1596 2538 1698 2600 etiam

60 2635 190 2698 raliiatis
214 2637 378 2700 instanter
400 2637 603 2714 praedicare‚
630 2639 714 2700 alios
743 2638 843 2702 obse·
899 2634 1059 2713 parvulis,
1075 2633 1131 2696 sed
1146 2633 1247 2697 babet
1261 2635 1487 2714 unusquisque
1501 2636 1537 2697 in
1550 2635 1603 2697 sui
1616 2653 1698 2698 cus-

61 2749 155 2804 crare,
172 2733 255 2797 alios
270 2735 457 2813 increpare,
474 2735 558 2798 alios
580 2736 621 2797 de
643 2736 699 2798 ria
720 2737 845 2799 erroris
898 2733 1023 2796 todiam
1047 2733 1203 2809 angelum
1231 2733 1419 2809 delegatum
1441 2750 1461 2796 a
1482 2735 1590 2811 prima
1614 2733 1698 2796 bora

61 2831 96 2892 ad
106 2831 340 2911 riamjustitiae
351 2833 521 2895 reducere.
533 2834 676 2897 Justitiae
691 2835 844 2912 exempla
899 2831 1083 2893 nativitatis
1107 2853 1115 2892 c
1145 2831 1222 2909 quia
1248 2831 1281 2893 et
1303 2832 1462 2893 Dominus
1486 2831 1696 2904 testificatur,

60 2928 89 2988 in
102 2929 222 2992 sanctis
237 2931 271 2992 et
293 2929 398 2992 doctis
422 2931 575 2993 omnibus
595 2931 845 3010 proponerent
899 2930 985 3008 quod
1005 2927 1116 3005 angeli
1136 2929 1352 3008 parvulorum
1368 2943 1500 3006 semper
1518 2928 1633 2990 rident
1646 2929 1700 2990 ia-

59 3027 228 3104 sequantur
242 3028 418 3090 Dominum
432 3029 489 3106 qui
504 3029 604 3107 coepit
618 3029 728 3093 iacere
738 3032 771 3094 et
785 3031 845 3092 de-
899 3025 983 3088 ciem
998 3027 1120 3088 Patris.
1138 3025 1200 3087 Sed
1212 3025 1368 3103 quoniam
1381 3025 1481 3087 hodie
1492 3025 1699 3088 celebramus

59 3141 137 3186 num
160 3126 290 3189 docere.
314 3127 496 3207 Utrumque
519 3127 609 3189 enim
631 3129 775 3207 pertinet
802 3129 843 3192 ad
899 3124 1094 3202 angelorum
1128 3122 1359 3196 festivitatem,
1390 3123 1516 3185 nemini
1547 3123 1700 3186 videatur

59 3224 261 3298 sacerdotem,
280 3223 390 3288 iacere
409 3225 536 3289 scilicet
558 3227 591 3289 et
614 3225 748 3303 dooere;
766 3227 843 3306 quia
900 3221 1091 3296 absurdum,
1121 3221 1151 3283 si
1176 3237 1283 3300 pauca
1309 3221 1350 3282 de
1372 3221 1454 3299 ipsis
1474 3221 1626 3295 dicimus,
1654 3235 1697 3284 na

59 3321 83 3379 si
95 3321 192 3385 iaciat
215 3323 249 3386 et
270 3338 336 3385 non
351 3321 479 3396 doceat,
495 3322 642 3386 cilicium
666 3341 762 3386 suum
776 3341 844 3387 non
899 3336 1008 3383 sermo
1023 3319 1174 3399 prolixus
1189 3319 1327 3398 generet
1341 3318 1525 3381 fastidium.

58 3418 226 3497 impletUt
239 3421 388 3483 enimait
400 3422 623 3501 Hieronymus
636 3426 844 3486 :cinnocens
941 3419 1096 3496 Legimus
1112 3417 1199 3498 quod
1215 3416 1424 3498 quadruplex
1445 3419 1497 3480 est
1512 3417 1700 3494 angelicum

59 3517 845 3599 absquesermoneconrersatio,quantumexem·
898 3516 1121 3579 ministerium
1136 3517 1171 3578 in
1186 3515 1352 3594 parvulis,
1373 3515 1469 3589 idest,
1491 3515 1700 3577 custodiendi

57 3615 103 3691 plo
117 3617 261 3694 prodest,
277 3617 406 3680 tantum
420 3617 555 3680 silentio
570 3619 712 3681 nocet.»
899 3631 919 3677 a
940 3615 1099 3693 periculis
1128 3614 1229 3692 hujus
1254 3615 1342 3687 vitae,
1372 3613 1559 3691 inspirandi
1587 3613 1699 3675 lumen

89 3715 257 3778 Abstrabit
275 3716 378 3792 igitur
398 3717 556 3795 populum
570 3731 590 3779 a
605 3717 770 3779 sacrificio
785 3715 845 3779 Dei
899 3712 1050 3775 veritatis
1079 3727 1244 3790 supernae,
1270 3709 1467 3774 defendendi
1496 3711 1537 3773 ab
1566 3711 1699 3772 insidiis

56 3813 185 3876 tamilla
199 3813 258 3893 qui
272 3813 380 3876 nescit
396 3813 542 3876 officium
560 3832 656 3877 suum
676 3815 717 3878 ad
739 3831 846 3894 popu·
899 3808 1084 3888 spiritualis
1106 3807 1273 3886 nequitia,
1291 3807 1484 3886 deportandi
1505 3807 1545 3870 ad
1560 3824 1699 3885 regnum

56 3907 126 3983 lurn,
142 3928 243 3990 quam
255 3912 313 3974 ille
328 3912 384 3990 qui
395 3913 458 3974 scit
470 3911 531 3975 sed
542 3928 608 3975 non
622 3914 738 3992 implet
749 3913 842 3975 illud.
899 3908 1044 3970 coelestis
1057 3904 1183 3984 gloriae.
1212 3906 1250 3966 ln
1263 3905 1370 3983 primo
1383 3907 1535 3969 custodes
1556 3909 1575 3970 J
1578 3923 1699 3968 erusa-

57 4010 282 4073 Sacriiicamus
307 4011 417 4073 autem
443 4010 528 4074 bene
556 4011 741 4089 placentem
765 4012 846 4073 hos-
899 4005 975 4079 lem,
1000 4001 1169 4066 00118ῒίῒῦῒί
1195 4001 1273 4064 sunt
1293 4018 1394 4080 super
1414 4019 1565 4079 murum
1591 4006 1628 4066 ln
1645 4020 1701 4065 ⁸⁶·

56 4107 126 4168 tiam
148 4111 235 4183 Deo,
261 4107 291 4170 si
314 4109 497 4171 mactamus
522 4109 559 4171 in
588 4109 683 4172 nobis
711 4111 844 4172 taurum
899 4103 1007 4166 cundo
1031 4101 1102 4163 dies
1132 4101 1211 4174 diei,
1235 4099 1363 4162 scilicet
1391 4101 1530 4178 angelus
1551 4103 1698 4165 humano

55 4207 209 4284 superbiae
225 4223 286 4285 per
300 4207 532 4281 bumilitatem,
548 4207 682 4270 hoedum
697 4209 845 4270 lasciviae
901 4199 1034 4280 spiritui
1060 4199 1190 4262 eructat
1219 4199 1380 4275 verbum3
1403 4199 1441 4284 in
1463 4199 1562 4262 tertio
1587 4200 1699 4262 lumen

55 4306 432 4385 percastimoniamrel
452 4306 649 4379 castitatem,
666 4322 761 4368 ovem
776 4307 847 4368 sto-
900 4300 1004 4362 lsrael
1036 4299 1085 4360 est
1108 4297 1145 4359 in
1172 4297 1250 4374 igne
1277 4297 1362 4361 sicut
1385 4297 1466 4361 dicit
1490 4299 1624 4360 isaias:
1653 4299 1699 4361 Et

53 4399 183 4466 lidiiatis
207 4418 269 4483 per
293 4419 409 4464 sanam
433 4403 700 4482 intelligentiam.
727 4404 845 4467 Omnia
899 4399 1040 4460 sanctus
1076 4397 1152 4469 ejus
1179 4399 1217 4458 iu
1249 4395 1392 4469 tiammo
1417 4399 1461 4458 acl
1486 4398 1701 4472 pcrdcrzdum

52 4497 107 4562 ista
123 4501 277 4581 spectant
291 4501 332 4564 ad
343 4501 544 4564 sacerdotes.
899 4498 1083 4570 Assyrium
1113 4491 1170 4572 (Is.
1200 4508 1235 4564 x,
1268 4492 1345 4573 17);
1371 4493 1407 4554 in
1429 4496 1548 4572 quarto
1578 4505 1697 4556 currus

86 4603 177 4666 dccccl
199 4605 233 4663 si
253 4605 307 4662 sal
328 4601 572 4674 ascisceretur
593 4615 658 4676 pcc
680 4602 846 4663 saltetur?
900 4593 1019 4672 igneus
1034 4592 1067 4654 et
1079 4591 1158 4670 equi
1174 4591 1265 4668 ignei
1278 4591 1453 4653 animama
1467 4607 1606 4669 corpore
1618 4591 1701 4653 diri·

55 4696 82 4756 Si
95 4699 255 4775 praelatus
275 4699 451 4767 errarent,
468 4713 488 4760 a
512 4713 576 4776 quio
600 4697 771 4760 erudietur
793 4698 845 4759 vel
901 4691 1016 4753 dentes
1031 4689 1244 4753 introducunt
1258 4689 1299 4750 ad
1316 4689 1451 4751 coeleste
1465 4689 1635 4767 palatium.
1652 4691 1701 4751 De

54 4795 297 4859 emendabiturl
310 4798 339 4858 A
353 4795 461 4868 nullo,
485 4795 574 4874 quia,
591 4796 669 4857 dum
695 4797 789 4872 putat
811 4812 846 4858 se
901 4791 1007 4868 primo
1023 4789 1058 4850 in
1080 4787 1217 4866 psalmis
1232 4809 1239 4847 ε
1255 4790 1393 4862 Angelis
1406 4790 1480 4848 suis
1493 4791 1586 4849 Deus
1597 4803 1701 4849 acau-

56 4895 174 4955 caeteris
197 4894 395 4962 doctiorem,
416 4909 484 4954 non
507 4893 580 4955 vult
598 4894 747 4972 recipere
762 4894 848 4957 alte-
900 4889 996 4949 ducit
1012 4889 1053 4948 dc
1069 4887 1101 4947 te
1116 4883 1450 4946 accommodarem
1462 4887 1618 4947 cornibus
1631 4887 1699 4948 otis

55 4989 404 5054 riusadmonitionem.
428 4992 509 5054 Item
525 5005 591 5052 non
604 4993 712 5070 potest
727 4991 768 5053 ab
782 4993 848 5054 ali·
902 4986 971 5047 tacis
994 4982 1064 5064 (Ps.
1085 4984 1135 5055 90,
1165 4979 1229 5060 11).
1251 4983 1299 5043 De
1327 4981 1471 5044 secundo
1495 4983 1697 5045 Zachariasz

55 5103 108 5164 quo
132 5090 281 5168 corripi;
308 5090 398 5168 quia,
429 5087 486 5168 qui
515 5105 616 5168 super
644 5093 782 5153 caeteros
811 5107 846 5153 se
901 5083 1001 5146 Dicit
1017 5085 1126 5144 adone
1141 5085 1283 5156 angelus
1297 5082 1570 5156 custodiebatur
1584 5085 1620 5143 ia
1642 5095 1700 5145 mc

57 5189 173 5251 extollit
199 5187 365 5267 potestate
389 5185 555 5267 judiciali,
576 5189 686 5266 potest
709 5191 847 5252 caeteros
902 5179 1013 5261 (zach.
1039 5195 1063 5252 Ι,
1087 5175 1133 5257 9)·
1155 5179 1202 5240 De
1225 5177 1324 5240 ῒθῐῒῐῡ
1350 5178 1475 5240 David:
1491 5181 1595 5241 liam
1609 5180 1702 5242 tam-

53 5285 192 5360 judicare
208 5287 244 5350 et
259 5285 496 5364 nonjudicari.
515 5287 551 5347 Si
575 5287 732 5364 praelatus
747 5287 848 5351 luerit
900 5279 1125 5355 duamlmlvss
1139 5275 1220 5339 ante
1242 5279 1367 5351 satiem
1385 5278 1490 5349 vellii,
1507 5278 1540 5338 el
1558 5282 1701 5354 atldelus

56 5381 227 5448 dissolutus
249 5385 285 5446 in
308 5383 421 5462 aliquo
436 5383 517 5446 vitio
536 5385 569 5445 et
583 5385 730 5464 peccato,
747 5401 846 5464 aquo
901 5375 1231 5440 Dominicoarctoas
1245 5390 1303 5437 cos
1314 5373 1384 5455 (Ps.
1401 5375 1451 5446 34,
1468 5374 1514 5454 5.)
1526 5377 1572 5436 lle
1581 5377 1700 5452 quarto
1803 5441 1807 5448 ,

57 5483 184 5560 populus
209 5481 468 5545 instrueturld
497 5481 599 5544 nullo.
626 5483 676 5544 Ad
704 5483 846 5545 nihilum
901 5475 935 5537 in
957 5472 1163 5550 Evangelio:
1188 5473 1334 5536 Factum
1359 5473 1411 5534 est
1434 5472 1473 5534 ut
1501 5475 1703 5566 moreretur

56 5581 131 5644 salet
148 5581 257 5654 ultra,
284 5579 417 5658 curando
440 5577 521 5642 iacit
544 5580 581 5641 ut
604 5595 665 5642 suo
694 5581 846 5660 exemplo
900 5575 1087 5645 mendicus,
1104 5572 1138 5634 θί
1150 5572 1358 5645 portaretur
1372 5573 1414 5632 ab
1429 5573 1560 5648 attactis
1583 5573 1620 5633 iu
1648 5576 1702 5636 si·

60 5681 172 5744 crescat
185 5679 317 5744 malitia
333 5679 367 5742 et
387 5677 574 5753 aemulati03
598 5677 664 5739 nisi
679 5679 715 5741 ut
728 5680 846 5743 mitta·
901 5683 985 5734 nram
997 5673 1146 5735 Aurunca
1160 5667 1254 5748 (Luc.
1270 5685 1339 5742 xri,
1352 5665 1417 5748 22).
