4082 6342
254 287 315 346 463
876 283 1051 348 llon'oml
1075 289 1119 349 111
1141 287 1290 350 OPERA.
1842 295 1891 358 iol

255 445 337 508 suis.
354 445 537 508 Ecclesiam
565 445 695 508 Sanctae
722 445 849 514 Mariae.
872 445 1053 510 ilcclesiam
1108 447 1283 510 castellani
1306 448 1341 510 et
1360 445 1402 510 ab
1417 449 1490 526 ejus
1503 445 1697 512 hominibus
1720 451 1893 530 acquisistis

253 543 369 608 sancti
380 543 533 606 Nichoiai
542 560 616 606 cum
629 543 767 606 decimis
779 545 860 606 suis.
871 545 1052 608 Ecclesiam
1107 547 1193 609 siout
1218 547 1253 608 in
1281 547 1382 610 cartis
1403 547 1602 611 authenticis
1623 548 1786 612 coniectis
1808 567 1895 630 super

256 643 370 705 sancti
383 641 497 705 ,iacobi
522 643 562 704 de
581 644 676 704 Nova
691 642 811 720 palude
825 660 900 706 cum
915 644 1052 706 decimis
1107 645 1170 708 hoc
1185 645 1383 714 continetur,
1396 646 1592 709 auctoritate
1606 647 1707 709 vobis
1719 650 1895 726 Apostolica

255 742 335 802 suis.
360 743 492 802 Partem
517 743 619 818 sylvae
641 741 683 802 de
707 743 932 819 Vulverdinga
953 759 1051 818 quam
1107 743 1351 805 confirmamus.
1376 745 1656 821 compositionem
1677 749 1897 824 praetereain-

253 839 1051 917 1101111001101101101101111100111000100
1105 843 1157 904 ter
1182 857 1241 904 vos
1270 843 1303 904 et
1326 841 1527 904 abbatissam
1555 843 1596 905 de
1612 843 1790 922 Brobborg
1810 863 1897 924 super
2008 927 2009 930 Ἴ

253 953 363 999 comes
376 937 1052 1017 Phiiippusvobisineleemosynamdedit
1104 939 1256 1002 terminis
1280 941 1447 1018 parochiae
1469 943 1589 1004 vestrae
1612 941 1655 1003 de
1671 959 1814 1004 assensu
1831 961 1898 1022 par-

253 1037 285 1097 et
299 1036 421 1113 scripto
433 1053 495 1098 suo
507 1037 715 1099 confirmavit
730 1039 762 1100 01
772 1039 858 1116 quod
873 1038 1049 1100 asilberto
1105 1039 1186 1100 tium
1213 1037 1346 1107 iactam,
1372 1039 1458 1101 sicut
1479 1039 1551 1100 sine
1580 1041 1750 1118 pravitate
1774 1044 1898 1119 provide

178 1155 182 1164 ¹
251 1133 292 1194 de
305 1135 517 1197 lla'veskerca
532 1150 634 1212 prope
651 1137 799 1197 eamdem
812 1137 940 1214 sylvam
955 1137 1049 1198 elee-
1106 1137 1191 1198 lacta
1206 1139 1267 1210 est,
1284 1138 1317 1200 et
1340 1137 1419 1198 hinc
1441 1137 1518 1199 inde
1532 1140 1669 1216 recepta
1685 1140 1720 1200 01
1737 1140 1772 1200 111
1789 1140 1898 1218 scripto

251 1248 402 1310 mosyna,
415 1231 580 1310 emptione
590 1233 643 1296 vol
652 1234 844 1296 concambio
859 1235 1049 1313 acquisistis
1105 1235 1296 1297 authentico
1318 1235 1493 1308 Desiderii,
1516 1237 1685 1314 quondam
1709 1238 1899 1300 Morinensis

134 1386 141 1396 .
252 1331 285 1392 et
312 1330 480 1392 residuam
510 1335 639 1408 partem
668 1333 815 1410 ejusdem
846 1333 949 1411 sylvae
975 1349 1049 1412 quae
1104 1333 1263 1412 episcopi,
1275 1333 1472 1406 continetur,
1488 1335 1595 1396 ratam
1611 1334 1780 1396 habemus
1793 1336 1825 1397 et
1836 1351 1900 1396 eam

251 1429 442 1490 extenditur
464 1445 570 1507 usque
594 1430 635 1490 ad
660 1447 776 1492 nemus
792 1431 877 1507 quod
895 1431 1049 1495 Theodo·
1104 1431 1300 1493 auetcritate
1324 1430 1514 1508 apostolica
1541 1431 1794 1494 confirmamus.
1819 1433 1901 1504 Quod

250 1528 341 1588 ricus
356 1543 464 1588 comes
480 1528 630 1591 ecclesias
645 1529 834 1591 watinensi
852 1530 1047 1593 1101001110-
1103 1530 1212 1591 autem
1228 1527 1268 1590 de
1281 1529 1408 1607 capella
1422 1530 1454 1591 01
1476 1530 1667 1592 coemeterio
1684 1533 1898 1608 Leprosorum

250 1641 366 1702 synam
378 1625 477 1698 dedit,
491 1627 577 1689 sieut
589 1627 623 1688 in
635 1628 937 1705 scriptoBaldevini
953 1630 1049 1691 Flan-
1103 1625 1143 1687 de
1155 1626 1324 1704 Brobborg
1348 1643 1367 1688 a
1382 1627 1516 1701 Milone,
1533 1628 1786 1706 praedecessore
1802 1627 1899 1710 ipsius

250 1723 539 1786 driaeetllanoniae
549 1726 679 1787 comitis
686 1727 718 1788 et
727 1727 920 1804 Margaritae
932 1727 1048 1791 uxoris
1103 1724 1259 1802 episcopi,
1282 1725 1527 1788 rationabiliter
1547 1727 1712 1789 statutum
1727 1726 1779 1787 est
1795 1729 1828 1787 et
1846 1739 1899 1786 suo

245 1823 303 1899 J'os
319 1823 517 1884 continetur.
533 1825 592 1885 Jus
607 1824 707 1885 etiam
722 1826 755 1886 et
771 1824 940 1888 libertates
964 1843 1046 1904 quas
1102 1824 1225 1900 scripto
1252 1822 1430 1897 firmatum,
1461 1823 1710 1898 confirmamus,
1738 1825 1773 1886 et
1799 1824 1900 1885 ratum

249 1919 284 1980 in
312 1920 436 1981 terram
466 1920 731 1998 Broburgensem
761 1937 803 1984 ex
832 1925 1047 1986 concessione
1103 1937 1237 1982 manere
1252 1937 1437 1994 censemus,
1453 1923 1500 1984 ita
1518 1921 1674 1985 videlicet
1690 1923 1728 1984 ut
1743 1922 1778 1982 in
1794 1921 1899 1982 eadem

249 2016 503 2080 Flandrensium
516 2019 672 2080 comitum
684 2020 826 2094 habetis,
843 2021 971 2084 sioutin
986 2037 1047 2084 οο-
1102 2018 1229 2098 capella
1244 2021 1400 2098 Leprosis
1414 2021 1542 2082 tantum
1559 2022 1592 2083 01
1604 2020 1669 2081 sibi
1683 2019 1900 2082 servientibus

248 2131 322 2177 rum
344 2117 546 2178 authenticis
567 2119 766 2181 continetur.
783 2121 801 2183 J
805 2137 842 2180 us
864 2121 897 2183 et
910 2137 1047 2197 posses·
1101 2117 1250 2179 divinum
1263 2118 1617 2186 celebreturoiiicium,
1630 2121 1733 2198 atque
1745 2119 1780 2179 in
1794 2132 1900 2178 eorum

248 2214 360 2276 siones
383 2231 466 2292 quas
485 2214 618 2278 habetis
639 2217 675 2278 in
703 2217 785 2280 villa
813 2219 847 2280 et
874 2220 980 2281 altare
1006 2218 1047 2280 de
1101 2217 1289 2279 coemeterio
1305 2215 1388 2278 nulli
1403 2217 1469 2278 nisi
1491 2216 1555 2296 ipsi
1570 2217 1788 2298 aliquatenus
1800 2219 1899 2279 tumu-

247 2313 542 2389 Ligterneldacum
554 2315 692 2376 decimis
701 2315 949 2392 otpertinentiis
963 2317 1044 2378 suis.
1101 2316 1221 2378 lentur.

246 2413 383 2472 Terram
399 2427 498 2489 quam
521 2412 716 2474 Berwaldus
740 2415 875 2477 Monhel
887 2415 924 2476 in
941 2398 1045 2493 paro·
1141 2417 1178 2476 ln
1193 2411 1542 2492 monasterio'quoque
1556 2415 1670 2476 Sancti
1687 2412 1809 2476 Siluini
1820 2408 1899 2488 apud

247 2509 322 2571 ciria
338 2509 595 2584 deWolricben,
612 2512 734 2588 partim
746 2515 1046 2591 propterccnoam·
1100 2513 1306 2586 Alchiaeum,
1333 2511 1435 2574 abbas
1457 2515 1569 2574 vester
1591 2513 1649 2591 qui
1670 2529 1734 2591 pro
1757 2513 1898 2586 tempora
2009 2512 2017 2565 2

244 2606 347 2680 bium,
365 2609 485 2685 partim
500 2611 635 2686 propter
648 2611 824 2687 pecuniam
843 2612 1046 2674 monasterio
1101 2611 1211 2684 luerit,
1227 2611 1387 2689 tanquam
1402 2627 1462 2672 sua
1478 2610 1616 2688 speciali
1631 2611 1703 2672 illia
1722 2607 1898 2672 secundum

246 2707 358 2768 restro
377 2706 491 2781 dedit3
511 2709 545 2768 01
569 2707 694 2770 terram
720 2708 908 2786 stapelueld
924 2710 1046 2772 dictam
1100 2709 1160 2770 Dei
1186 2710 1339 2771 timorem
1368 2710 1401 2771 et
1434 2707 1524 2770 beati
1558 2708 1730 2771 Benedicti
1755 2705 1899 2782 regulam
1925 2791 1927 2796 ,

247 2821 346 2882 qnam
363 2819 384 2864 a
403 2804 545 2865 Widone
561 2803 602 2865 de
622 2805 784 2867 Guisseha
803 2822 863 2885 per
885 2823 1045 2869 concam·
1101 2806 1381 2884 corrigendique
1408 2806 1604 2883 corrigenda
1626 2809 1706 2869 sunt
1728 2823 1803 2869 cum
1820 2801 1898 2864 reli-

246 2901 338 2962 bium
354 2901 537 2979 acquisitis,
551 2901 627 2964 data
643 2901 674 2964 ei
687 2903 828 2980 quadam
844 2907 933 2967 terra
948 2923 1046 2984 quam
1100 2905 1270 2982 giesorum
1279 2905 1428 2966 virorum
1438 2905 1578 2967 consilio
1589 2905 1724 2982 plenam
1735 2901 1899 2965 sicutbac·

247 3016 352 3078 prope
370 2999 505 3061 domum
531 3001 680 3078 eJ'usdem
711 3001 894 3065 habebatis.
929 3006 1045 3067 Totum
1100 3005 1196 3064 tenus
1211 3001 1333 3064 babeat
1358 3001 1559 3065 facultatem.
1593 3003 1779 3064 statuimus
1803 2999 1897 3061 etiam

247 3099 333 3177 quod
349 3099 389 3159 de
404 3097 505 3161 ieudo.
517 3099 695 3161 castellani
707 3103 885 3178 Bergensis
898 3103 931 3165 et
945 3103 1045 3180 quid·
1101 3100 1137 3161 ut
1165 3097 1252 3160 inira
1278 3099 1439 3161 terminos
1462 3099 1697 3176 parochiarum
1714 3098 1898 3161 vestrarum

247 3197 325 3274 quid
347 3196 471 3258 alicubi
491 3196 531 3258 de
551 3198 817 3274 possessionibus
839 3199 1046 3262 feudatorum
1101 3197 1213 3258 nullus
1228 3197 1404 3258 ecclesiam
1416 3197 1470 3258 vel
1485 3196 1667 3258 oratorium
1683 3197 1812 3273 absque
1826 3207 1899 3253 vcs-

247 3295 317 3356 sive
333 3294 583 3355 censuariorum
596 3296 785 3358 vestrorum
795 3297 997 3374 acquisistis,
1014 3297 1047 3358 et
1100 3295 1152 3356 tro
1187 3311 1327 3357 assensu
1365 3293 1531 3356 aedificare
1566 3295 1763 3372 praesumat;
1802 3287 1898 3351 salvis
2015 3273 2017 3346 l

247 3392 351 3454 totum
364 3392 449 3468 quod
466 3391 659 3468 acquisistis
678 3393 713 3453 in
728 3394 810 3455 villa
830 3393 1045 3457 11οΒ0110011-
1100 3396 1210 3454 tamen
1226 3392 1413 3471 privilegiis
1437 3392 1633 3453 Pontificum
1656 3395 1896 3457 Romanorum
2001 3387 2017 3458 ,¹

248 3491 374 3552 nostem
396 3489 436 3551 de
462 3490 560 3552 feudo
582 3491 749 3553 Baidivini
771 3493 812 3554 de
833 3493 986 3555 Geminas
1015 3496 1047 3557 et
1101 3492 1261 3553 stationes
1273 3493 1385 3552 autem
1397 3490 1546 3568 publicas
1557 3489 1598 3552 ab
1609 3490 1768 3570 episcopo
1782 3489 1819 3549 in
1831 3499 1898 3545 mo-
2016 3493 2017 3576 ff

247 3589 361 3650 villam
377 3588 603 3650 decaumond
627 3606 703 3651 cnm
727 3591 937 3668 pertinentiis
964 3593 1044 3667 suis,
1101 3589 1247 3651 nestorio
1274 3591 1386 3651 vestro
1411 3588 1495 3662 ilari,
1522 3605 1581 3650 seu
1610 3589 1802 3666 episcopum
1824 3582 1898 3643 illuc
2016 3615 2017 3670 3

247 3691 340 3766 elljus
357 3687 566 3750 medietatem
582 3689 733 3750 ecclesiae
744 3691 851 3752 sancti
866 3691 1046 3754 hadomari
1101 3688 1259 3749 accedere
1281 3688 1346 3748 nisi
1367 3687 1408 3748 ab
1435 3686 1553 3748 abbate
1573 3688 1608 3748 et
1626 3685 1790 3748 iratribus
1803 3677 1897 3742 luerit

247 3786 307 3847 suh
329 3802 440 3848 annuo
460 3802 562 3849 censu
577 3787 753 3850 duodecim
770 3789 931 3852 librarum
945 3791 1047 3852 111111-
1101 3789 1257 3849 evocatus
1272 3785 1404 3864 penitus
1419 3785 1642 3863 probibemus.
1665 3781 1897 3846 possessiones

246 3885 377 3947 drensis
403 3886 544 3947 monetae
571 3887 731 3964 perpetuo
751 3887 846 3949 vobis
869 3889 1043 3961 concess-it,
1101 3888 1262 3963 praeterea
1295 3885 1329 3946 et
1362 3885 1508 3946 decimas
1545 3900 1626 3961 quas
1662 3877 1896 3943 monasterium
2017 3884 2018 3896 ¹

246 3983 333 4045 sicut
346 3984 382 4044 in
394 3970 542 4060 eiusdem
557 3985 706 4045 ecclesiae
721 3985 892 4062 praepositi
908 3985 940 4047 et
954 3987 1047 4063 capi·
1101 3985 1247 4045 vestrum
1275 3999 1293 4043 a
1328 3981 1547 4060 quadraginta
1575 3980 1673 4041 annis
1704 3980 1897 4042 inconcusse

246 4081 307 4142 tuli
339 4082 472 4158 scriptis
502 4081 707 4144 authenticis
736 4082 896 4144 coniectis
926 4075 1045 4145 exinde
1101 4081 1248 4158 possedit
1262 4081 1295 4142 et
1310 4080 1343 4158 111
1359 4079 1611 4156 presentiarum
1627 4078 1700 4140 sine
1712 4079 1899 4140 controuer-

246 4179 446 4251 continetur,
458 4180 551 4242 vobis
567 4176 784 4244 nihilominus
799 4181 1043 4242 confirmamus.
1101 4179 1151 4240 sia
1164 4177 1322 4256 possidet,
1339 4176 1433 4238 vobis
1448 4180 1481 4238 et
1495 4193 1555 4254 per
1569 4192 1627 4239 vos
1643 4176 1750 4238 eidem
1766 4184 1899 4236 monas-

286 4278 452 4340 Praeterea
479 4277 613 4340 feudum
646 4280 821 4357 sexaginta
864 4279 1045 4340 solidorum
1100 4278 1186 4338 torio
1209 4275 1408 4339 auctoritate
1434 4274 1624 4356 Apostolica
1651 4274 1893 4335 confirmamus·

247 4375 333 4453 quod
359 4377 415 4438 ida
444 4393 463 4439 a
488 4378 639 4440 Waltero
665 4378 706 4439 de
727 4377 838 4439 Stablo
858 4377 961 4440 fratre
985 4395 1045 4440 suo
1102 4377 1189 4436 Sane
1204 4375 1374 4436 novalium
1390 4373 1574 4435 vestrorum
1588 4388 1662 4449 quae
1675 4370 1820 4450 propriis
1835 4379 1898 4427 ma·

247 4476 336 4548 emit,
365 4475 407 4537 ab
431 4493 471 4539 ea
494 4477 528 4537 in
543 4476 789 4554 eleemosynam
801 4475 895 4537 vobis
909 4492 1047 4538 conces·
1101 4473 1197 4534 nibus
1219 4474 1277 4535 aut
1293 4471 1479 4549 sumptibus
1492 4470 1602 4532 colitis
1621 4469 1692 4531 sive
1716 4470 1758 4530 de
1771 4475 1898 4532 restro-

248 4591 332 4647 sum,
343 4577 375 4636 et
390 4577 581 4638 comitatum
592 4575 632 4638 de
646 4575 722 4637 Wal
737 4574 936 4637 etdeBusoo
948 4590 1045 4652 quem
1100 4589 1173 4634 rum
1190 4572 1386 4634 animalium
1410 4569 1622 4630 nutrimentis
1638 4568 1751 4633 nullus
1768 4583 1788 4629 a
1807 4558 1896 4626 robis

247 4673 437 4736 Wilielmus
451 4675 493 4736 de
516 4674 719 4751 Ariendigbe
741 4673 775 4734 in
802 4673 1045 4750 eleemosynam
1100 4671 1246 4732 decimas
1270 4670 1405 4745 exigere
1427 4667 1479 4728 vel
1496 4658 1894 4748 extorquerepraesumat.
2017 4678 2018 4681 ¹

247 4770 340 4832 uobis
356 4773 530 4845 concessit,
549 4774 635 4834 sicut
654 4774 745 4834 carta
761 4770 891 4833 comitis
906 4769 946 4832 de
958 4773 1045 4832 Wa-
1100 4767 1214 4830 Liceat
1250 4782 1381 4846 quoque
1418 4763 1513 4826 robis
1546 4764 1685 4826 clericos
1713 4764 1766 4826 vei
1797 4760 1897 4824 laicos

247 4867 365 4944 rinphe
380 4870 505 4930 donrini
519 4871 803 4933 suitestatur.Jus
816 4870 901 4947 quod
915 4869 950 4930 in
965 4869 1045 4931 villa
1100 4865 1223 4928 liberos
1245 4865 1277 4926 et
1303 4861 1473 4925 absolutos
1496 4879 1514 4923 e
1536 4862 1649 4923 seculo
1673 4862 1837 4938 fugientes
1857 4851 1894 4915 ad

246 4963 286 5024 de
313 4966 440 5041 lic-quin
470 4969 590 5043 symon
618 4967 660 5028 de
693 4967 790 5028 Waal
824 4983 883 5045 per
911 4985 1044 5028 manum
1100 4957 1894 5042 conversionemrecipereeteosabsquecontra-

246 5060 387 5123 Walteri
409 5063 521 5123 Boteri
532 5063 655 5124 domini
672 5065 735 5136 sui,
750 5065 873 5126 temam
889 5066 923 5126 in
945 5081 1046 5142 paro-
1100 5062 1244 5123 dictione
1257 5059 1369 5138 aliqua
1381 5057 1538 5122 retinere.

245 5160 321 5222 cbia
334 5161 462 5222 sanctae
472 5161 669 5236 Margaretae
682 5161 769 5224 inira
782 5163 923 5240 burgum
937 5163 1044 5225 sancti
1151 5158 1369 5222 Prohibemus
1407 5157 1544 5233 insuper
1570 5155 1608 5217 ut
1642 5155 1726 5216 nulii
1761 5153 1894 5217 iratrum

245 5259 424 5322 Audomari
434 5261 601 5337 jacentem
616 5275 715 5336 quam
730 5260 901 5323 ,lohannes
917 5261 957 5324 de
973 5262 1045 5327 Sin·
1101 5260 1285 5320 uestrorum
1295 5256 1370 5334 post
1382 5254 1503 5316 iactam
1519 5253 1554 5315 in
1569 5254 1771 5317 monastario
1787 5250 1892 5314 uestro

245 5359 391 5434 mighem,
412 5360 445 5421 et
463 5361 588 5421 terram
608 5374 707 5436 quam
723 5357 910 5420 Willelmus
930 5360 1046 5422 castel·
1100 5355 1339 5432 professionem
1355 5353 1459 5432 possit
1471 5352 1544 5414 sine
1559 5351 1687 5414 abbatis
1701 5344 1893 5413 suilicentia

244 5457 340 5517 lanus
357 5457 470 5520 Sancti
491 5457 671 5518 Andomari
687 5456 774 5517 inter
788 5459 882 5517 yetus
905 5474 1043 5519 monas·
1099 5455 1140 5515 de
1155 5453 1269 5514 eodem
1290 5452 1362 5514 loco
1385 5451 1451 5512 nisi
1472 5451 1627 5512 arctioris
1648 5449 1820 5527 religionis
1834 5441 1891 5507 ob-

244 5555 365 5617 terinm
390 5557 423 5617 01
441 5557 600 5618 watenes
620 5554 715 5617 vobis
739 5555 772 5614 in
800 5554 1044 5633 eleemosynam
1099 5553 1192 5613 tantu
1218 5549 1406 5625 discedere3
1434 5549 1656 5611 discedentem
1682 5546 1893 5621 veroabsque

243 5655 491 5728 concesserunt,
509 5655 541 5717 et
555 5654 713 5736 quidquid
730 5651 770 5715 de
783 5651 882 5714 teudo
895 5653 1043 5732 ejusdem
1100 5649 1324 5712 communium
1343 5649 1529 5714 litterarum
1544 5647 1731 5710 vestrarum
1744 5643 1892 5709 cautione
