3994 6326
92 391 131 454 m
467 387 554 448 vui.
574 387 679 450 -nv
702 387 832 449 unsre
856 387 1005 454 sanari
1029 391 1259 456 suvusrnr.
1630 398 1689 460 102

86 549 158 612 luerit
174 545 327 610 sucmdos.
356 545 486 624 Duplex
508 547 559 609 θεῖ
591 546 834 610 sacerdotium:
890 549 968 611 runt
979 547 1079 612 lrodle
1090 549 1125 612 ln
1136 549 1271 614 odorem
1281 553 1526 630 unguentorum
1540 569 1687 620 suorum.

88 663 159 710 unum
171 645 242 724 prod
258 643 437 707 visibiliter
450 644 549 708 datur
565 645 715 708 exterius
730 645 765 707 in
781 662 838 708 or·
932 646 1008 709 Fuit
1027 647 1137 710 antem
1163 647 1280 712 beatus
1303 651 1463 715 silvester
1483 669 1624 731 magnus
1649 655 1690 718 ab

86 747 222 816 tinctione,
241 743 383 805 alterum
403 743 490 822 quod
511 743 726 806 invisibiliter
741 745 838 806 datur
891 745 1043 822 exemplo
1063 747 1159 809 bonae
1174 751 1448 825 conversationis
1466 753 1498 814 et
1512 753 1553 814 ab
1571 770 1690 816 exem-

85 845 189 906 inlerius
205 842 235 903 in
243 842 497 920 justificatione.
512 844 620 904 Unum
634 843 684 905 est
698 843 839 921 potesta·
892 841 946 920 plo
973 844 1182 908 miraculosae
1211 849 1425 924 operationis.
1457 837 1523 912 Ab
1538 853 1690 932 exemplo

84 945 122 1014 tis,
132 941 248 1004 alterum
269 941 468 1003 sanctitatis.
482 943 529 1002 De
542 941 648 1018 primo
661 941 709 1004 ait
720 941 838 1003 Domi·
892 941 988 1004 bonae
1007 943 1281 1020 conversationis,
1291 947 1367 1024 quia
1380 948 1450 1010 vita
1463 948 1552 1010 beati
1566 951 1694 1012 Silves-

83 1057 128 1102 rus
142 1039 173 1101 ad
188 1041 321 1116 Moysen
338 1059 346 1099 :
366 1042 509 1113 apoteca
524 1041 569 1101 ad
584 1040 617 1102 tc
630 1043 749 1103 Aaron
762 1041 840 1115 sra—
892 1039 937 1102 tri
952 1037 1013 1102 luit
1026 1041 1333 1118 irreprehensibilis
1348 1045 1383 1105 in
1397 1049 1574 1124 conspectu
1589 1049 1648 1110 Dei
1660 1047 1692 1110 et

83 1141 148 1201 trau
170 1140 273 1211 tarum,
302 1139 335 1200 et
361 1140 449 1211 {ilios
477 1141 552 1212 ejece
577 1139 617 1200 ut
647 1139 839 1202 sacerdotio
894 1137 1076 1212 hominum,
1092 1139 1170 1218 quia
1190 1139 1307 1203 habuit
1324 1141 1551 1205 testimonium
1569 1143 1692 1208 bonum

80 1241 143 1299 avila
155 1238 338 1314 sarmentus
360 1235 478 1315 (Exod.
501 1250 622 1309 xxvru,
648 1234 692 1316 1).
716 1239 762 1299 Ι)θ
786 1251 834 1298 εθ-
894 1235 935 1297 ab
958 1235 1000 1298 iis
1023 1239 1080 1316 qui
1099 1235 1235 1302 luerunt
1253 1239 1343 1302 intus
1365 1243 1398 1304 et
1419 1238 1514 1304 loris.
1537 1244 1612 1307 Fuit
1631 1245 1694 1306 lio-

80 1335 160 1396 cundo
170 1337 279 1397 Petrus
292 1333 468 1412 Apostolus
478 1334 545 1396 ait:
563 1337 627 1398 Vos
637 1335 720 1397 eatis
732 1349 840 1412 penas
894 1336 989 1397 nesta
1014 1331 1046 1399 et
1069 1336 1243 1414 splendida
1267 1339 1450 1402 secundum
1474 1341 1556 1402 illud
1584 1345 1695 1404 Evan-

78 1435 198 1506 cleclnm,
213 1437 328 1510 recole
352 1433 584 1496 sacerdotium
606 1430 635 1512 (Ι
650 1433 720 1496 Ρθῖ.
737 1449 774 1507 11,
793 1431 838 1513 9).
895 1429 1396 1510 ge1i128tctcceatruooestrc
1412 1453 1531 1502 coram
1545 1445 1695 1502 licentra·-

79 1534 225 1609 tuumque
239 1531 381 1593 contulit
393 1533 479 1592 Deus
489 1531 587 1594 beato
601 1532 761 1594 Silvestro
774 1549 840 1594 non
889 1533 956 1602 ,dus
970 1531 1010 1594 ut
1023 1535 1163 1597 uideant
1180 1536 1299 1597 vestra
1315 1539 1402 1598 dorca
1416 1548 1523 1613 opera
1537 1539 1571 1600 et
1584 1543 1695 1615 ctort-

76 1629 158 1690 solum
171 1645 323 1706 magnum
339 1630 397 1691 sed
409 1629 604 1704 maximum,
622 1645 720 1708 quern
739 1631 772 1693 et
789 1631 843 1691 in·
895 1631 1000 1704 liccat
1021 1632 1170 1694 Patrem
1194 1635 1352 1696 vestrum
1379 1639 1438 1711 cut
1467 1639 1506 1697 tn
1528 1639 1621 1699 coelts
1644 1638 1697 1700 cst

76 1727 210 1790 dumentis
235 1728 396 1790 virtutum
422 1729 565 1802 ornavit,
588 1728 621 1791 et
647 1729 687 1790 ad
714 1729 842 1807 apicem
897 1726 1028 1808 (Mattli.
1045 1747 1077 1802 v,
1092 1724 1253 1811 lo).ralis
1270 1727 1333 1795 luit
1346 1731 1416 1796 vlta
1428 1731 1517 1797 beati
1531 1735 1694 1808 Silvestrl,

75 1825 349 1904 sedisapostolicae
363 1826 565 1890 sublimavit.
575 1825 762 1890 Sacerdotis
776 1827 844 1889 odl·
897 1827 930 1889 et
944 1827 1026 1889 talia
1044 1822 1181 1892 luerunt
1201 1829 1321 1893 merita
1340 1833 1412 1910 ejus
1433 1831 1551 1911 quibus
1573 1833 1698 1912 placuit

75 1923 141 1984 cium
153 1927 200 1986 θεῖ
211 1923 356 1986 hostiam
371 1925 503 1987 offerre.
521 1926 576 1988 Sic
590 1925 707 2006 etipse
719 1941 842 1988 secun·
898 1925 965 1984 Deo
980 1923 1016 1984 in
1033 1921 1150 1985 diebus
1168 1925 1255 1998 suis,
1277 1925 1310 1989 et
1329 1927 1486 1989 inventus
1508 1928 1557 1990 est
1573 1927 1695 2006 justus,

72 2019 266 2084 dumverbum
281 2023 432 2100 Apostoli
449 2023 613 2086 dicentis:
630 2025 844 2088 Obsecrooos
898 2019 977 2097 quia
994 2019 1232 2100 quantomajor
1246 2025 1328 2097 erat,
1340 2025 1433 2086 tanto
1449 2023 1648 2087 humiliabat
1663 2037 1698 2087 se

71 2135 119 2192 pcr
129 2125 399 2184 inisericordiam
414 2125 479 2184 Det
497 2123 537 2184 ut
556 2107 748 2186 emhibcatis
760 2137 843 2186 cor-
898 2118 934 2178 111
950 2117 1113 2180 omnibus.
1136 2121 1221 2192 Quia
1245 2121 1331 2184 sicut
1350 2121 1401 2184 sol
1428 2119 1596 2186 illuminat
1611 2123 1699 2186 diem

69 2231 135 2290 pora
154 2220 270 2282 vestra
292 2221 443 2282 bostiam
467 2221 842 2296 prememoratam,
899 2216 933 2278 et
950 2215 1030 2278 luna
1049 2217 1218 2281 illuminat
1239 2219 1379 2293 noctem,
1400 2221 1449 2282 ita
1470 2210 1589 2283 m'crita
1608 2220 1699 2283 beati

70 2317 123 2376 Deo
130 2319 318 2392 dmentem
331 2317 441 2398 (Rom.
458 2334 521 2392 xii,
539 2316 583 2399 1).
901 2314 1052 2376 Silvestri
1062 2315 1337 2380 illuminaverunt
1348 2318 1531 2380 Ecclesiam
1544 2319 1619 2394 Dei;
1632 2333 1700 2382 non

98 2415 271 2478 sacerdotis
285 2415 433 2478 odicium
445 2417 498 2479 est
509 2417 613 2479 Deum
624 2413 772 2496 quotidie
784 2431 845 2494 pro
899 2412 1028 2476 tantum
1047 2412 1231 2476 Ecclesiam
1247 2415 1306 2476 sed
1322 2415 1423 2478 etiam
1440 2417 1567 2490 urbem,
1584 2418 1616 2479 et
1634 2433 1701 2481 non

70 2513 167 2588 populo
185 2513 247 2576 sibi
268 2516 448 2576 commisso
468 2531 621 2578 exorare.
647 2515 687 2578 Et
704 2513 754 2578 sic
768 2517 842 2589 iste,
899 2511 1028 2573 tantum
1060 2510 1176 2573 urbem
1204 2512 1263 2574 sed
1289 2512 1395 2575 totum
1422 2514 1547 2576 orbem.
1575 2513 1702 2578 Debent

67 2611 91 2670 et
110 2613 253 2676 exoravit
277 2613 487 2676 altissimum
511 2615 545 2676 et
567 2613 722 2677 inventus
742 2613 846 2676 estin
900 2609 989 2672 enim
1006 2611 1196 2673 sacerdotes
1220 2611 1305 2673 alios
1320 2613 1513 2690 praecellere
1530 2613 1565 2674 in
1582 2613 1652 2676 vita
1669 2613 1702 2676 et

68 2722 183 2772 numero
200 2711 617 2774 Sanctorumsncerdotis
637 2709 782 2774 officium
797 2713 847 2776 est
901 2705 1045 2770 officium
1060 2708 1231 2786 dignitatis
1245 2725 1403 2773 exercere
1416 2711 1540 2790 absque
1554 2713 1697 2788 macula,

62 2805 190 2880 judicare
200 2810 293 2872 inter
308 2810 437 2888 lepram
451 2811 485 2873 et
499 2810 637 2888 lepram,
651 2811 684 2872 et
697 2811 785 2873 inter
796 2827 848 2873 sa·
901 2805 989 2868 unde
1014 2806 1055 2868 de
1076 2806 1126 2868 eis
1152 2807 1275 2884 legitur
1301 2807 1337 2870 in
1364 2810 1597 2872 Ecclesiastico
1622 2833 1630 2872 ι
1658 2815 1703 2873 Iu

65 2917 137 2965 cnun
158 2909 190 2969 et
210 2909 438 2988 prophanum.
463 2910 518 2971 Sic
540 2909 572 2972 et
593 2911 675 2986 iste;
700 2910 787 2972 nude
807 2909 851 2972 de
901 2901 1190 2978 montecereado
1205 2909 1408 2982 praecellens
1422 2908 1507 2980 ecte,
1529 2908 1563 2969 et
1583 2923 1627 2970 ac
1644 2909 1703 2970 des

61 2999 109 3064 uo
122 3005 265 3069 creatur:
294 3009 435 3070 vertras
452 3021 533 3070 mea
551 3009 586 3072 et
604 3011 848 3072 macenorum
901 3005 1073 3064 maccam
1092 3004 1131 3064 tn
1150 3007 1263 3080 crore
1277 3003 1337 3065 roa
1357 3002 1472 3084 (naeu.
1493 3019 1616 3080 xxxm,
1633 3002 1701 3086 24).

63 3113 122 3161 ntea
135 3119 210 3167 cum
224 3109 305 3182 ipso
320 3103 392 3184 (Ps.
408 3105 459 3179 88,
474 3103 542 3186 25).
565 3106 757 3169 Sacerdotis
774 3105 849 3169 offl-
902 3097 998 3169 idest,
1011 3099 1130 3162 vitium
1145 3098 1180 3161 ill
1195 3100 1358 3178 dignitate
1370 3103 1439 3176 tua,
1454 3103 1560 3165 autin
1574 3101 1702 3181 praedi·

61 3197 128 3261 cium
147 3205 196 3266 cst
206 3203 387 3267 discordes
405 3203 447 3266 ad
467 3203 678 3266 concordiam
691 3205 847 3268 reconci-
902 3197 1034 3260 catione
1043 3197 1111 3260 tua.
1129 3197 1223 3261 Unde
1240 3197 1397 3262 sacerdos
1408 3201 1530 3263 veteris
1545 3201 1629 3278 legis
1640 3217 1704 3263 an-

62 3293 135 3360 liare.
163 3303 217 3364 Sic
241 3303 277 3365 et
302 3303 381 3372 ista,
409 3301 568 3381 caroniam
592 3301 633 3364 de
659 3317 699 3366 θο
726 3303 849 3366 dicitnr
903 3296 1115 3360 nuntiaturus
1131 3295 1265 3375 popule,
1286 3300 1344 3360 aut
1358 3299 1498 3360 Domino
1513 3300 1704 3362 immolatu-

59 3401 127 3466 nod
142 3403 178 3460 tn
196 3401 364 3475 ternpore
379 3403 573 3463 iracundiae
591 3397 705 3476 factave
719 3401 772 3464 cst
789 3416 850 3463 re·
902 3395 1064 3490 rusprius
1078 3395 1114 3458 in
1133 3395 1268 3474 speculo
1284 3395 1478 3470 scridebat,
1496 3399 1704 3476 etrepertam

60 3499 224 3562 torcanuo
250 3499 376 3579 (Eccli.
400 3515 491 3572 xurv,
516 3499 581 3579 17).
608 3498 648 3562 nt
668 3498 744 3562 ideo
759 3498 850 3563 dedit
904 3491 1079 3565 maculam,
1096 3492 1132 3554 in
1147 3493 1237 3557 labio
1254 3509 1359 3568 aeneo,
1381 3495 1558 3573 antequam
1579 3494 1703 3574 aliquid

58 3590 232 3658 eibominns
241 3597 518 3660 benedictionem
527 3595 676 3660 omnium
685 3599 845 3674 gentium,
904 3591 1028 3668 ageret,
1045 3587 1211 3654 abluebat.
1760 3657 1761 3660 ,

60 3688 292 3758 albcctjficavit
312 3696 413 3756 illum
441 3697 477 3757 in
492 3695 612 3774 gioria.
626 3697 700 3759 Jam
713 3695 848 3758 heatifi-
943 3689 1048 3752 Multo
1063 3689 1182 3752 fortius
1209 3689 1398 3752 sacerdotes
1419 3691 1525 3752 nostri
1545 3692 1704 3769 temporis

58 3791 126 3850 cavit
143 3791 238 3855 illum
272 3795 314 3854 in
349 3794 479 3862 anima,
505 3793 564 3856 sed
589 3793 623 3856 et
647 3793 850 3858 beatificabit
904 3788 940 3849 tn
955 3785 1089 3865 speculo
1104 3787 1213 3850 cordis
1232 3787 1542 3863 debentsevidere,
1562 3806 1604 3851 ne
1619 3805 1702 3868 pec-

57 3880 131 3948 illum
149 3889 182 3953 in
198 3907 365 3970 corpore.
389 3893 503 3954 Sancti
524 3907 667 3972 namque
685 3892 850 3972 duplicem
904 3887 971 3948 cati
989 3883 1120 3948 macula
1140 3886 1175 3947 iu
1202 3887 1251 3948 eis
1268 3887 1379 3949 valeat
1398 3887 1513 3961 latere,
1535 3904 1634 3965 quam
1648 3904 1707 3950 re-

57 3981 294 4062 clorfficationis
319 3991 444 4052 stolam
461 3991 641 4065 habebunt,
659 4007 758 4054 cnam
776 3991 850 4070 spi.
904 3983 1032 4062 pectam
1057 3983 1209 4062 protinus
1236 3984 1357 4047 debent
1387 4001 1446 4063 per
1477 3985 1705 4064 poenitentiam

57 4079 121 4146 u'lus
132 4087 162 4150 et
173 4089 328 4152 alteram
342 4089 467 4151 carnis.
904 4085 1046 4160 tergere,
1064 4083 1221 4162 qnoniam
1240 4084 1334 4161 prius
1354 4083 1475 4145 debent
1490 4085 1641 4148 ordinate
1653 4086 1707 4147 vi-

86 4183 164 4246 Stola
183 4189 336 4264 spiritns
356 4185 510 4250 consistit
530 4185 566 4249 ln
584 4187 714 4251 tribus:
731 4188 851 4267 cogni·-
905 4197 995 4255 vere,
1016 4183 1045 4243 si
1064 4183 1179 4260 postea
1194 4180 1299 4244 velint
1320 4183 1490 4244 meritorie
1510 4183 1703 4260 praedicare.

20 4327 21 4330 ,
56 4273 134 4356 ione,
160 4284 410 4358 delectatione,
441 4283 629 4349 dilectione.
662 4287 710 4348 De
735 4287 852 4364 cogni·
905 4279 997 4342 Alias
1025 4279 1214 4342 immundus
1241 4281 1291 4342 est
1314 4279 1489 4342 Sacerdos·
1505 4281 1562 4359 qui
1582 4281 1706 4358 praedi-

19 4429 20 4432 ,
55 4372 124 4438 ione
144 4382 273 4444 veritas
299 4381 375 4443 ait:
396 4383 482 4443 Haec
500 4381 553 4442 est
571 4382 647 4445 otto
661 4381 796 4445 caterno
812 4383 851 4446 ut
906 4380 970 4441 cat.
991 4379 1056 4441 Oh!
1078 4393 1177 4457 quam
1192 4377 1288 4441 multi
1310 4393 1424 4440 sumus
1445 4378 1555 4452 hodie,
1572 4378 1703 4452 iratres,

56 4480 238 4548 comeant
254 4481 292 4543 te
306 4483 426 4542 solvam
439 4493 564 4541 aarum
578 4484 691 4543 Deum
704 4482 739 4543 ct
750 4497 851 4557 quem
906 4477 1142 4555 predicatores
1159 4475 1253 4539 verbi
1267 4477 1338 4538 Del.
1356 4477 1420 4538 ont
1441 4493 1539 4559 quam
1554 4479 1653 4556 pauci
1672 4480 1706 4540 et

57 4573 301 4641 lubucensem
318 4577 502 4640 Christano
518 4575 726 4656 (Joan.xv11,
742 4577 789 4659 3).
804 4581 852 4642 Ι)θ
906 4576 975 4637 rari
997 4575 1142 4638 ministri
1153 4573 1237 4638 veri.
1261 4575 1326 4637 Oh!
1349 4591 1448 4654 quam
1463 4576 1559 4637 multi
1573 4589 1704 4652 praeco-

56 4663 209 4739 diacone
221 4676 364 4754 legitur
378 4675 414 4736 in
429 4675 851 4755 evangeliomatcesno-
907 4689 966 4736 nes
990 4689 1195 4746 sermonum,
1222 4673 1280 4734 obt
1305 4685 1404 4751 quam
1431 4673 1529 4749 pauci
1560 4673 1705 4735 ministri

58 4772 166 4834 tunam
187 4779 309 4838 Deum
328 4775 495 4836 tuamen
512 4774 701 4837 totocorde
720 4776 789 4849 tuo,
806 4791 853 4839 cc
908 4772 1145 4849 exemplorum.
1163 4771 1227 4833 Oh!
1249 4787 1348 4848 quam
1366 4771 1432 4832 alte
1452 4774 1523 4848 ejns
1539 4773 1706 4850 praeconia

57 4864 251 4937 tetamento
286 4874 376 4944 tua,
406 4872 440 4934 ct
469 4886 517 4934 ecc
549 4867 621 4934 roca
648 4875 768 4936 animo
793 4875 854 4937 tara
907 4871 1109 4943 intonamus,
1126 4867 1184 4930 obl
1200 4884 1299 4952 quam
1313 4869 1452 4931 remisse
1468 4872 1540 4948 ejus
1551 4869 1707 4934 mandata

59 4959 202 5046 (beuti-1,
216 4973 267 5052 5).
286 4973 343 5034 De
356 4969 579 5032 delectatione
590 4969 732 5047 legitur:
748 4975 854 5035 Exut-
909 4969 1134 5031 observamus.
1158 4963 1223 5028 Ob!
1241 4963 1339 5044 qnam
1358 4967 1443 5029 altas
1458 4983 1557 5030 voces
1577 4969 1706 5031 attolli-

58 5063 153 5131 tabum
165 5074 291 5136 Sancti
306 5075 352 5132 in
365 5067 752 5146 cwrta,taetabuaturta
766 5073 855 5132 cabt-
908 5081 992 5138 mus,
1017 5065 1076 5127 obl
1100 5081 1198 5144 qnam
1218 5065 1332 5143 pigras
1354 5081 1473 5128 manus
1496 5067 1705 5130 remittimus.

58 5162 125 5226 litas
139 5174 209 5233 suia
230 5169 308 5252 (Ps.
335 5169 412 5239 149,
436 5165 482 5248 5).
506 5167 553 5230 De
575 5167 660 5232 stola
683 5169 794 5230 carnis
812 5169 854 5231 ad
910 5165 973 5228 Ohl
998 5177 1097 5247 qnam
1116 5163 1152 5225 in
1173 5164 1278 5226 altum
1298 5178 1398 5227 sonos
1420 5164 1622 5238 extollimus,
1646 5167 1705 5228 etr!

59 5275 181 5332 dicans
208 5268 438 5331 dimittimus.
474 5265 591 5328 Omnia
624 5265 715 5328 enim
749 5281 854 5330 orna·
910 5279 1008 5343 quam
1021 5262 1056 5325 in
1069 5261 1270 5340 profundum
1281 5263 1374 5324 actus
1386 5263 1626 5341 immergimur.
1640 5265 1705 5326 011!

61 5364 148 5424 nanta
165 5366 365 5430 sacerdotis
384 5363 439 5426 bic
453 5382 513 5443 per
531 5366 674 5444 gratiam
689 5365 750 5428 Dei
769 5365 804 5428 in
819 5380 855 5430 εθ
910 5379 1009 5443 quam
1024 5359 1179 5424 distincte
1198 5361 1300 5424 verba
1309 5359 1519 5440 proterimus,
1536 5363 1593 5424 oh!
1610 5381 1708 5443 quam

62 5461 255 5532 tllritualiter
269 5461 415 5528 habuit.
431 5461 571 5540 Magnus
586 5465 751 5543 exemplo,
768 5465 855 5544 quod
911 5460 1047 5525 connisa
1060 5473 1161 5537 opera
1176 5455 1328 5521 iacimus.

64 5559 224 5630 absoluit
243 5566 372 5628 oleum
392 5561 534 5623 effusum
552 5577 673 5625 nomen
691 5579 800 5626 suum.
817 5566 857 5628 Et
950 5558 1027 5622 Fuit
1050 5555 1162 5620 autem
1189 5555 1306 5621 beatus
1327 5555 1487 5621 Silvester
1507 5575 1647 5638 magnus
1667 5562 1709 5624 ab

65 5667 119 5716 auu
133 5677 172 5723 er
187 5663 295 5725 odore
317 5657 491 5732 unguenti
508 5657 560 5718 sui
574 5657 711 5736 impleta
727 5659 771 5723 sit
791 5659 854 5724 do·
912 5657 1063 5736 exemplo
1087 5655 1298 5720 miraculosae
1322 5658 1536 5734 operationis,
1562 5657 1597 5720 iu
1620 5660 1710 5721 elee-

68 5765 121 5816 uns
132 5759 225 5826 blirm
234 5755 378 5830 mundi,
389 5753 483 5817 multi
497 5759 718 5821 cucurrerunt
729 5760 762 5823 et
777 5777 856 5834 cur·
912 5769 1125 5836 mosynarum
1135 5753 1325 5832 largitione,
1333 5753 1582 5819 inabstinentia
1590 5755 1721 5820 obser-'
