4080 6316
98 393 157 458 aot
273 475 274 478 Ν
727 391 955 463 namucum.
980 391 1058 468 ms.
1083 391 1123 455 u.
1690 395 1751 457 soa

96 559 196 625 teret.
218 547 399 636 descriptis
414 556 569 636 primum,
590 555 624 620 et
640 555 784 620 ostensis
800 553 898 617 dictis
951 553 1007 616 tur
1020 554 1078 615 :tu
1097 552 1169 615 lraec
1184 555 1217 617 et
1229 553 1296 616 alia
1311 551 1426 617 volens
1452 553 1631 632 corrigere,
1652 557 1749 633 juxta

95 655 254 733 episcopo
283 654 316 718 et
341 654 473 718 clericis
497 654 649 719 articulis
675 652 896 732 inquirendis,
954 652 1055 714 officii
1070 651 1119 713 tui
1137 651 1295 725 debitum,
1309 652 1373 715 rite
1387 651 1429 714 ad
1442 668 1558 716 eorum
1571 654 1752 717 correctio·

95 755 194 816 novis
221 753 512 816 adinventionibus
541 769 687 816 canones
713 767 818 814 novos
839 767 899 813 cu·
953 766 1027 810 nem
1043 750 1221 828 procedere
1236 749 1421 828 incoepisti3
1452 750 1509 813 sed
1525 751 1600 829 ipsi,
1617 753 1752 814 anima-

96 853 192 926 dens,
219 866 306 914 novo
334 852 432 914 modo
461 854 577 914 contra
605 852 696 930 ipsos
720 849 899 928 procedere
953 864 1027 909 rum
1056 849 1163 912 salute
1198 850 1396 928 contempte,
1427 849 1488 911 sub
1519 851 1753 928 appellationis

96 949 291 1023 iestinabas,
317 951 350 1013 et
370 967 445 1012 cum
460 951 551 1012 tuam
573 949 744 1012 dioecesim
759 963 778 1010 a
792 947 899 1025 culpis
954 946 1070 1024 clypeo
1084 963 1179 1010 suam
1194 947 1342 1010 volentes
1353 947 1515 1010 malitiam
1524 948 1703 1018 occultare,
1711 949 1753 1010 ad

95 1047 308 1125 gravioribus
337 1061 403 1109 non
432 1063 623 1126 purgasses,
648 1046 742 1109 trabe
768 1046 810 1108 de
832 1045 899 1108 tuis
939 1042 1074 1106 -Sedem
1088 1044 1310 1123 apostolicam
1325 1047 1558 1123 provocarunt,
1574 1046 1647 1123 ipso
1665 1044 1756 1125 epis-

95 1146 205 1208 oculis
227 1162 293 1208 non
312 1148 431 1224 ejecta,
445 1146 606 1209 festucam
621 1145 662 1207 de
676 1144 774 1207 oculo
786 1142 900 1205 fratris
955 1158 1038 1220 copo
1065 1144 1138 1206 loco
1167 1143 1325 1222 praedicto
1345 1145 1513 1207 vicesimae
1537 1145 1755 1223 extorquente

93 1243 147 1304 tui
173 1245 296 1322 ejicere
319 1243 506 1322 satagebas.
530 1246 639 1316 Quare
666 1242 798 1322 praeiati
817 1241 902 1320 epis·
956 1241 1131 1319 quamdam
1145 1243 1318 1305 collectam
1342 1242 1477 1316 solaro,
1495 1243 1755 1322 quampraelatis

94 1356 212 1418 copus,
227 1342 375 1404 decanus
400 1346 433 1405 et
457 1342 639 1421 capitulum
658 1343 793 1420 propter
820 1356 902 1420 prae.
956 1339 1226 1426 procuratoribus
1246 1341 1316 1402 suis
1340 1339 1478 1402 tradidit
1501 1357 1560 1418 pro
1586 1341 1753 1419 expensis,

101 1439 192 1501 dicta
211 1441 245 1502 et
259 1441 326 1503 alie
350 1441 383 1504 te
405 1442 592 1519 suspectum
608 1441 780 1514 babentes,
805 1437 901 1502 acin
956 1453 1095 1516 quorum
1120 1438 1336 1516 appellationi
1361 1436 1402 1501 ob
1426 1439 1574 1502 nostram
1598 1453 1757 1501 reveren-

97 1538 215 1600 multis
228 1539 403 1602 sententiis
416 1556 452 1603 se
467 1539 613 1602 indebite
624 1539 813 1616 aggravari,
829 1537 901 1619 (ad)
955 1537 1037 1604 tiam
1052 1536 1224 1598 humiliter
1251 1536 1410 1610 detulisti,
1436 1553 1503 1598 non
1523 1553 1596 1616 quae
1609 1538 1678 1609 tua,
1697 1537 1755 1598 sed

98 1635 220 1697 Sedem
239 1637 463 1714 apostolicam
481 1638 704 1715 appellarunt,
729 1635 826 1700 nobis
839 1637 903 1698 bu·
957 1651 1031 1712 quae
1052 1635 1133 1696 lesu
1157 1633 1279 1698 Christi
1298 1636 1385 1707 sunt,
1411 1651 1562 1713 quaerere
1585 1636 1618 1697 te
1639 1635 1754 1697 osten-

96 1733 225 1795 militer
253 1735 482 1812 supplicando,
507 1738 544 1799 ut
566 1753 641 1799 cum
662 1736 807 1800 debitam
831 1750 903 1798 cor·
957 1731 1052 1810 dens,
1066 1733 1202 1810 propter
1222 1733 1308 1810 quod
1323 1734 1424 1796 iidem
1449 1733 1683 1811 procuratores
1706 1732 1756 1794 tui

95 1831 281 1893 rectionem
296 1847 363 1894 non
376 1833 555 1911 refugiant,
570 1834 626 1896 sed
642 1835 809 1908 affectent,
823 1835 856 1898 et
869 1835 902 1895 te
957 1831 1179 1908 expatiatus
1198 1831 1293 1893 uobis
1317 1831 1489 1894 humiliter
1514 1831 1755 1909 supplicarunt,

96 1929 180 1989 olim
202 1929 279 1992 ante
298 1930 500 2007 legationem
520 1933 707 2010 susceptam
728 1933 901 1996 caritative
958 1930 993 1990 ut
1020 1928 1062 1990 ad
1091 1929 1329 1991 correctionem
1361 1929 1571 2008 episcopatus
1607 1929 1757 2007 praedicti

96 2027 291 2089 monuerint
305 2043 406 2105 super
420 2028 544 2103 multis,
556 2045 630 2108 quae
650 2029 746 2092 nobis
768 2031 900 2092 denun-
957 2026 1217 2089 misericorditer
1242 2027 1458 2104 dignaremur
1495 2028 1617 2089 nostrae
1646 2026 1760 2104 provi-

96 2125 186 2185 tiare
200 2123 367 2198 volebant,
378 2127 512 2205 propter
526 2144 599 2205 quae
611 2128 770 2192 timentte
785 2130 901 2193 contra
957 2123 1064 2184 sionis
1089 2124 1204 2186 oculos
1232 2124 1408 2186 inclinare.
1432 2127 1513 2186 Gum
1526 2125 1629 2202 igitur
1643 2123 1758 2186 cardi-

96 2222 191 2298 ipsos
222 2223 485 2301 indignationem
505 2241 545 2288 ac
559 2241 734 2290 rancorem
756 2223 901 2305 aliquem
956 2221 1044 2283 nalis
1057 2221 1234 2299 praedictus
1250 2223 1322 2285 baec
1342 2224 1375 2286 et
1390 2223 1468 2294 alia,
1490 2239 1563 2302 quae
1583 2239 1694 2285 coram
1718 2236 1758 2282 eo

96 2319 314 2398 concepisse;
331 2323 564 2386 mandaremus
576 2323 660 2384 viris
679 2324 844 2398 discretis,
866 2325 902 2387 ut
956 2318 1050 2381 fuere
1073 2321 1253 2398 proposita,
1282 2321 1377 2383 nobit
1406 2322 1548 2384 fideliler
1576 2320 1755 2393 retulisset,

97 2418 169 2478 tarn
188 2417 231 2490 te,
260 2434 359 2496 quam
382 2421 482 2497 ipsos,
516 2422 549 2486 et
571 2424 663 2484 tuam
684 2423 901 2500 ipsorumque
956 2433 1018 2480 nos
1033 2419 1068 2480 in
1086 2417 1149 2480 bac
1170 2422 1265 2496 parte
1284 2419 1345 2481 tibi
1364 2419 1496 2482 deterre
1510 2421 1671 2492 volentes,
1688 2421 1759 2482 tta·

94 2514 272 2587 dioceses,
285 2515 373 2578 dicta
387 2531 457 2593 prae
474 2517 582 2579 oculis
598 2517 772 2591 babentes,
788 2515 900 2580 corri-
955 2517 1104 2579 ternitati
1128 2517 1194 2579 tuae
1217 2534 1278 2596 per
1297 2519 1487 2596 Apostolica
1508 2519 1632 2597 scripta
1656 2537 1757 2584 man-

96 2613 218 2688 gerent
235 2615 269 2674 et
283 2615 379 2691 juxta
400 2613 589 2678 sanctiones
602 2615 781 2678 canonicas
794 2616 902 2678 reior-
954 2613 1083 2687 damus,
1101 2615 1265 2694 quatenus
1285 2616 1326 2677 ad
1344 2617 1588 2679 correctionem
1604 2618 1758 2682 dioecesis

98 2711 244 2772 merent.
956 2711 1140 2785 Plocensis,
1155 2714 1253 2791 juxta
1269 2715 1482 2778 commissum
1497 2715 1558 2776 tibi
1580 2715 1758 2793 legationis

127 2811 264 2870 ‚Verum
282 2809 411 2886 praeiati
426 2811 659 2889 procuratores
678 2810 727 2875 tui
743 2813 901 2890 praedicta
956 2810 1119 2884 officium,
1150 2812 1332 2874 secundum
1361 2813 1541 2874 canonicas
1568 2816 1758 2879 sanctiones

97 2908 263 2982 negantes
276 2923 319 2970 ex
331 2913 425 2986 parto
440 2908 526 2988 (tua)
542 2927 582 2972 ac
597 2911 630 2972 in
646 2909 723 2972 aliis
737 2913 771 2974 te
793 2912 902 2973 multi·
955 2909 990 2970 et
1011 2909 1197 2985 praesertim
1220 2911 1317 2987 juxta
1346 2911 1601 2974 constitutiones
1616 2914 1757 2976 concilii

97 3003 234 3080 pliciter
245 3008 443 3069 excusantes
458 3007 622 3082 dixerant,
640 3009 726 3086 quod
737 3011 808 3086 jam
821 3007 900 3071 dicti
955 3006 1124 3082 generalis
1134 3007 1306 3084 procedas,
1323 3009 1398 3070 tuos
1414 3024 1480 3069 non
1489 3009 1675 3085 negligens,
1688 3011 1761 3090 qui·

94 3102 277 3180 episcopus
305 3105 338 3167 et
363 3105 546 3182 capitulum
570 3105 802 3183 confingebant
825 3107 900 3169 ideo
955 3103 1016 3166 bus
1031 3103 1223 3182 specialiter
1246 3121 1282 3168 es
1306 3105 1496 3179 adstrictus,
1514 3106 1705 3186 habensque
1721 3110 1757 3171 in

98 3201 303 3276 supradicta,
320 3204 357 3265 ut
384 3201 418 3264 in
439 3204 510 3264 suls
534 3204 726 3267 excessibus
746 3221 902 3268 remane-
955 3203 1109 3265 omuibus
1126 3204 1302 3268 Dominum
1317 3220 1386 3281 prae
1406 3204 1524 3278 oculis,
1554 3208 1587 3267 et
1612 3223 1757 3284 pensans

97 3299 186 3370 rent,
204 3301 237 3361 et
254 3315 386 3378 poenam
407 3302 588 3365 evaderent
610 3302 728 3366 debitae
749 3303 898 3366 ultionis.
955 3317 1050 3379 aequa
1069 3302 1166 3364 lance
1179 3302 1214 3364 in
1231 3303 1351 3366 stativa
1366 3302 1487 3379 judicii
1502 3304 1659 3368 universa
1674 3321 1758 3384 pura

96 3395 273 3458 Nemeum
289 3398 329 3460 de
344 3397 492 3476 ipsorum
507 3399 699 3462 excessibus
713 3400 836 3463 dudum
858 3401 900 3463 ad
955 3401 1065 3462 mente
1079 3416 1119 3463 ac
1132 3399 1286 3478 simplici,
1301 3399 1391 3463 omni
1408 3401 1529 3464 nebula
1545 3400 1757 3468 obscuritatis

96 3507 201 3555 aures
226 3495 301 3558 tuas
330 3497 457 3560 clamor
483 3499 616 3560 validus
635 3501 852 3575 ascendisset,
868 3501 902 3563 et
955 3499 1103 3571 exclusa,
1127 3515 1186 3576 per
1214 3499 1302 3560 viam
1329 3499 1457 3576 regiam
1482 3501 1665 3578 gradiendo
1690 3519 1757 3565 non

97 3593 246 3655 maxime
258 3611 358 3673 super
371 3613 422 3668 eo,
450 3597 536 3675 quod
555 3598 712 3675 praeiatus
726 3599 901 3678 episcopus
952 3593 1105 3658 declines
1118 3596 1158 3658 ad
1170 3596 1342 3659 dexteram
1352 3597 1404 3659 vel
1416 3597 1598 3672 sinistram,
1613 3599 1660 3662 ita
1671 3601 1757 3678 quod

96 3691 203 3753 totius
230 3693 442 3771 episcopatus
468 3695 520 3756 sui
544 3696 692 3772 tempore
708 3697 766 3758 vix
787 3699 840 3759 ter
859 3696 899 3759 ad
954 3695 1086 3756 viarum
1100 3695 1233 3755 tuarum
1249 3694 1368 3756 semite
1392 3693 1428 3755 in
1448 3697 1627 3774 conspectu
1641 3697 1700 3760 Dei
1724 3699 1758 3761 et

97 3789 259 3868 populum
287 3808 475 3854 sermonem
498 3793 621 3856 dicitur
648 3794 826 3868 habuisse,
861 3811 901 3858 ac
956 3791 1126 3854 bominum
1140 3792 1235 3868 quasi
1252 3791 1313 3852 lux
1328 3792 1511 3870 splendeat,
1527 3794 1560 3856 et
1586 3809 1690 3872 usque
1714 3793 1756 3857 ad

97 3887 260 3958 decimas,
276 3905 349 3967 quae
373 3891 408 3951 in
423 3891 495 3968 pias
510 3907 630 3954 causas
654 3893 826 3964 debentur,
839 3894 901 3956 de·
955 3890 1042 3953 diem
1071 3890 1253 3968 perlectum
1268 3891 1442 3953 excrescat
1456 3892 1599 3968 amplius
1627 3893 1663 3955 in
1687 3893 1757 3955 iul-

98 3986 222 4062 putans
246 3989 464 4065 quorumdam
478 3990 664 4075 [stipendiis
692 3996 898 4075 venatorum,
955 4003 1046 4066 gere,
1061 4003 1188 4068 nosque
1203 3988 1244 4050 de
1258 3990 1291 4051 te
1305 3989 1390 4050 nibil
1415 3989 1586 4052 sinistrum
1606 3991 1754 4064 credere,

98 4098 305 4163 censumque
331 4087 426 4150 nobis
450 4088 597 4152 debitum
623 4089 814 4168 frequenter
833 4095 900 4156 ata
955 4087 1013 4148 sed
1029 4087 1069 4148 de
1086 4085 1153 4150 tuis
1166 4087 1331 4164 possimus
1348 4085 1445 4149 bonis
1459 4087 1587 4150 actibus
1601 4089 1752 4166 gloriari.

98 4183 246 4245 monitus
268 4185 404 4261 exigere
423 4187 606 4264 negligens,
637 4205 677 4251 ac
707 4191 901 4254 vicesimam
996 4186 1115 4246 Datum
1130 4182 1217 4263 apud
1244 4187 1401 4247 Sanctum
1423 4187 1568 4259 Petrum,
1585 4189 1660 4249 XVI
1686 4187 1753 4250 kal·

98 4283 213 4342 Terrae
239 4283 371 4345 Sanctae
391 4283 541 4346 subsidio
563 4286 752 4364 deputatam
768 4289 809 4352 do
830 4290 900 4352 suis
952 4283 1040 4362 julii,
1055 4281 1266 4360 pontificatus
1280 4283 1385 4346 nostri
1397 4299 1485 4346 anno
1502 4285 1659 4347 secundo.

99 4393 225 4440 curans
237 4379 450 4457 proventibus
466 4383 607 4457 solvere,
624 4400 686 4448 nec
709 4386 845 4463 exigere
860 4388 901 4451 de
959 4389 961 4394 ’

99 4491 239 4538 suorum
266 4478 451 4541 redditibus
481 4480 713 4557 subditorum,
752 4484 901 4564 vitiaque

99 4573 324 4652 subjectorum
340 4591 407 4639 non
429 4579 611 4656 corrigens,
628 4579 686 4644 sed
709 4583 900 4646 sacerdotes
1254 4541 1459 4632 CCXCVII

98 4673 250 4736 tolerans
274 4678 442 4750 uxoratos,
473 4677 506 4740 et
525 4678 673 4755 legitima
686 4682 900 4746 matrimonia
955 4701 1007 4761 Aa
1020 4697 1266 4775 paperem-tam
1284 4699 1486 4772 arettaptsc.
1508 4699 1752 4764 Golortteusem.

99 4771 137 4831 in
157 4774 299 4848 quadam
321 4775 415 4851 parte
439 4775 491 4836 sui
517 4777 727 4855 episcopatus
742 4779 901 4842 dissimu-

98 4869 176 4930 lans
200 4871 361 4948 separari,
375 4887 415 4934 ac
427 4873 570 4950 pretium
584 4876 690 4954 recipi
702 4893 761 4955 pro
786 4879 899 4955 pueris
1248 4848 1282 4907 ¹⁸
1298 4848 1360 4922 1⁰¹¹·
1377 4847 1457 4908 ¹²¹⁸·

98 4967 320 5043 baptizandis,
330 4971 508 5032 canonicos
519 4971 619 5034 etiam
630 4973 780 5051 bigamos
796 4977 901 5039 scien·
956 4985 1049 5058 siper
1066 4983 1140 5042 duos
1162 4985 1269 5042 electos
1295 4983 1330 5041 ad
1359 4982 1490 5042 eamdem
1516 4983 1696 5058 praelaturam
1726 4985 1754 5042 in

97 5067 153 5126 ter
167 5066 309 5130 sustinet
321 5067 357 5128 in
376 5067 518 5131 ecclesia
542 5071 737 5144 cathedrali,
754 5075 787 5136 et
802 5075 901 5138 deca·
990 5073 1131 5134 discordie
1146 5071 1385 5146 compromittitur
1407 5072 1435 5130 in
1456 5072 1642 5144 ordinarium,
1663 5083 1754 5132 morte

99 5179 181 5224 num
197 5180 217 5225 a
232 5165 338 5241 prima
353 5166 541 5244 praebenda,
566 5169 602 5230 in
629 5185 693 5248 qna
709 5172 900 5237 immediate
991 5163 1106 5222 alterius
1123 5163 1415 5236 compromittentium
1432 5165 1544 5236 expiret
1555 5163 1752 5238 ¹compromis-

99 5261 190 5338 patri
215 5263 385 5338 successit,
407 5265 613 5329 transferens
634 5269 669 5330 in
684 5271 900 5335 canonicatus
990 5267 1074 5324 ⁸⁰¹¹¹3
1088 5252 1249 5310 ⁰idi¹¹³l¹¹1⁸
1271 5259 1366 5310 ‘⁸¹⁰⁰ss
1388 5267 1424 5310 0¹
1446 5259 1584 5326 potestate
1610 5250 1753 5310 ⁰ldi¹¹⁸il⁸

99 5360 251 5421 fraudem
280 5361 320 5422 ad
339 5363 505 5437 Quintam,
535 5364 695 5430 ecclesias
715 5367 899 5450 (meliores)
992 5340 1116 5415 Pmn
1134 5355 1221 5414 “W
1245 5340 1308 5414 3⁰¹⁶
1336 5342 1506 5415 ⁸¹¹W⁸²¹¹¹⁸2
1531 5347 1686 5414 mquam
1704 5341 1754 5400 ⁰⁸¹

99 5457 242 5520 contulit
267 5459 420 5522 affinibus
448 5464 481 5525 et
508 5465 669 5540 cognatis,
687 5467 900 5550 colligatione
989 5433 1125 5490 ‘'mm''
1140 5430 1176 5490 ⁸⁶
1195 5430 1471 5489 ⁸¹i⁸¹¹¹⁰¹⁰⁰⁸i⁰¹¹⁰¹¹¹·

98 5555 291 5631 impietatis
309 5559 346 5619 ut
360 5557 491 5631 dicitur,
509 5560 671 5635 ordinata,
689 5579 730 5626 ne
745 5565 902 5629 videlicet
995 5567 1093 5650 (Vide
1103 5567 1230 5636 thtutu
1242 5567 1452 5641 Compitalia,
1462 5565 1518 5628 lib.
1529 5567 1553 5640 I,
1566 5567 1616 5630 tit.
1627 5569 1667 5630 et
1682 5573 1754 5633 :Dc

99 5652 134 5712 in
148 5652 296 5730 ipsorum
309 5655 449 5718 ecclesia
466 5657 588 5735 probus
604 5659 725 5738 aliquis
745 5662 901 5728 admitta-
956 5668 1112 5738 cedimis,
1124 5681 1196 5744 cap.
1212 5667 1418 5738 tzuoeparte
1429 5666 1504 5742 tum
1518 5667 1581 5728 col.
1592 5666 1752 5747 185,186.)

244 5803 356 5848 ravam.
373 5801 447 5848 roua
458 5791 495 5848 ll.
1548 5797 1581 5856 26
