3994 6326
71 417 102 476 al
340 397 834 476 11.-1NPUR1blch10Nu
859 408 1010 470 BaaTAE
1031 407 1182 470 MARIAE
1204 407 1404 470 VIRGINIS.
1657 408 1699 468 22

72 575 171 638 credas
195 571 255 635 tibi
282 587 358 634 eum
379 588 453 634 esse
476 571 684 651 praesentem.
710 571 848 635 Dilectio

71 672 194 751 proximi
214 671 250 732 in
272 669 400 732 duobus
424 670 592 746 consistit3
609 672 646 734 ut
660 671 770 732 omnia
793 669 847 733 la-

71 773 179 832 ctamus
191 769 238 830 illi
254 786 329 846 quae
342 769 493 831 volumus
507 770 543 832 ut
554 770 611 832 ille
625 770 725 831 iaciat
739 769 846 843 nobis,

72 873 98 930 et
109 867 183 928 nihil
197 867 276 927 mali
296 866 458 928 iaciamus
474 867 535 940 illi,
551 867 636 946 quod
653 867 766 928 abillo
782 885 847 930 no-

73 968 162 1026 lumus
182 965 260 1042 pati.
292 965 385 1026 Unde
406 966 564 1026 Dominus
586 967 621 1026 in
642 965 846 1041 Evangelio:

74 1067 175 1126 olianta
187 1078 407 1138 procacemque
428 1064 532 1125 veritis
553 1064 592 1124 ut
608 1068 701 1125 vobis
718 1065 849 1138 saciant

71 1165 215 1233 hominos,
233 1163 267 1222 et
281 1176 343 1223 uos
356 1163 461 1236 facite
480 1165 545 1224 itlts
561 1160 690 1241 (Mattb.
709 1179 766 1236 vn,
782 1161 845 1243 12).

103 1261 173 1320 ltem
187 1281 195 1318 :
210 1259 333 1319 Mulier
347 1275 420 1335 quae
439 1261 592 1337 suscepto
615 1261 741 1322 semine
761 1260 849 1338 parit

69 1355 244 1428 masculum,
262 1355 361 1418 debet
382 1373 418 1418 se
439 1357 606 1418 abstinere
628 1359 848 1436 quadraginta

70 1453 167 1514 diebus
181 1454 221 1515 ab
237 1454 392 1531 ingressu
403 1455 528 1531 templi.
542 1457 766 1533 Quadraginta
777 1458 848 1519 dies

69 1551 238 1626 significant
256 1568 353 1613 omne
367 1553 496 1630 tempus
511 1553 587 1616 vitae
603 1557 686 1632 ejus,
704 1571 768 1632 quo
784 1553 850 1616 dii-

69 1648 158 1710 terim
176 1665 195 1710 a
215 1666 320 1728 regno
335 1652 415 1726 Dei;
432 1651 513 1713 etin
530 1651 597 1712 illis
613 1653 729 1714 diebus
753 1653 850 1716 debet

68 1747 186 1822 purgari
209 1763 228 1808 a
253 1747 418 1824 profluvio
445 1748 634 1824 sanguinis,
662 1749 758 1822 idest,
790 1766 850 1827 per

69 1844 277 1919 penitentiam
305 1846 338 1907 et
362 1845 595 1908 contritionem
619 1847 729 1908 cordis
753 1847 850 1910 debet

69 1943 204 2002 mundari
217 1943 258 2004 ab
271 1944 425 2004 omnibus
440 1943 530 2006 vitiis
545 1947 577 2006 et
590 1947 745 2023 peccatis.
764 1949 850 2008 San-

68 2039 132 2114 guis
154 2041 239 2101 enim
271 2041 438 2118 significat
464 2045 651 2121 peccatum,
680 2045 765 2108 sicut
790 2063 850 2123 per

68 2137 256 2202 Ezechielem
278 2139 424 2202 dicitur:
450 2141 484 2202 si
507 2157 573 2203 non
597 2143 848 2206 annuntiaveris

68 2235 168 2312 iniquo
187 2237 398 2314 iniquitatem
420 2255 525 2313 suam,
547 2241 743 2318 sanguinem
763 2245 845 2320 ejuS,

68 2331 156 2405 idest,
183 2337 373 2412 peccatum,
402 2338 442 2398 da
471 2354 573 2399 manu
595 2341 654 2401 tua
678 2341 847 2417 requiram

68 2429 184 2507 (Erech.
208 2449 258 2506 ιιι,
287 2435 527 2514 isambardo
553 2458 560 2496 :
585 2441 710 2500 Libera
730 2454 786 2501 mc
806 2443 848 2501 oe

67 2535 276 2605 acrapuintbus
316 2537 427 2604 Dotis,
468 2537 562 2596 Deus
599 2538 720 2600 smaltis
760 2553 848 2600 antece

68 2623 129 2703 (Ps.
143 2629 188 2702 50,
204 2629 266 2710 lo).
280 2633 326 2692 De
339 2632 558 2708 sanguinibus
573 2633 668 2705 idest,
681 2634 721 2696 de
734 2652 848 2713 pecca·

66 2723 105 2784 tis
120 2725 218 2790 libera
240 2745 292 2790 me
306 2733 404 2804 Deus,
419 2732 516 2793 dator
528 2731 582 2794 vel
597 2735 712 2796 auctor
729 2734 846 2797 salutis

66 2837 148 2884 mea.
164 2828 250 2897 Quod
264 2829 375 2890 autem
390 2831 676 2908 quadragenarius
689 2849 846 2894 numerus

66 2929 247 2996 presentem
275 2927 379 2989 vitam
407 2929 572 3007 designet,
603 2930 682 2992 hinc
709 2933 847 3009 apparet

66 3019 133 3094 quia
153 3021 238 3083 idem
257 3041 415 3087 numerus
437 3029 566 3090 constat
580 3045 624 3090 ex
638 3031 799 3106 quaterno
814 3031 848 3093 et

66 3115 197 3181 donario.
223 3125 287 3183 Per
302 3126 500 3200 quaternum
515 3126 748 3202 intelliguntur
763 3145 848 3206 qua-

65 3215 844 3303 tuorEvangelia,quibustotusmundusrigatur.

64 3313 119 3374 Per
131 3315 298 3380 denarium
315 3321 546 3397 significantur
560 3324 673 3386 decem
688 3325 845 3386 mandata

65 3408 153 3486 legis,
179 3432 251 3492 quae
280 3418 357 3480 data
384 3421 462 3482 sunt
493 3423 614 3500 populo
642 3423 844 3485 Judaeorum.

65 3511 197 3580 Quatuor
214 3516 302 3576 enim
322 3518 399 3579 sunt
417 3519 566 3596 tempora
589 3521 680 3593 anni,
698 3538 757 3598 per
773 3539 846 3599 quae

65 3611 159 3671 omnis
185 3614 289 3674 status
314 3615 413 3692 hujus
439 3619 516 3679 vitae
541 3619 687 3681 volvitur
715 3620 747 3682 et
773 3637 848 3681 mu-

64 3707 150 3780 tatur,
161 3709 243 3773 idest
256 3715 334 3784 Ver,
344 3715 468 3788 AEstas,
479 3718 665 3778 Autumnus
677 3719 709 3780 et
719 3719 843 3780 Hiems.

63 3803 127 3878 lpse
147 3824 273 3886 quoque
288 3810 445 3874 denarius
460 3829 480 3875 a
495 3816 709 3891 quaternario
729 3817 846 3878 nasci-

63 3901 118 3974 tur,
146 3905 176 3968 et
210 3907 244 3968 in
279 3911 494 3986 quaternario
530 3913 728 3976 continetur.
761 3917 845 3976 Nam

64 4013 153 4063 unum
176 4005 208 4067 et
230 4006 297 4067 duo
320 4009 388 4070 tres
412 4009 549 4083 faciunt,
566 4014 599 4074 et
615 4013 683 4073 tres
702 4012 810 4074 items
828 4045 847 4058 -

62 4098 143 4162 ciunt
156 4119 224 4176 sex,
239 4107 273 4168 et
285 4108 429 4183 quatuor
445 4107 572 4172 faciunt
588 4109 712 4172 decem.
729 4113 845 4174 Decies

61 4201 159 4260 autem
183 4203 340 4278 quatuor,
355 4206 410 4266 vel
432 4209 549 4284 quater
570 4208 680 4270 decies
701 4210 847 4287 quadra-

61 4295 143 4368 ginta
163 4299 298 4364 iaciunt.
323 4305 363 4365 Et
385 4303 460 4366 ideo
484 4321 545 4382 per
565 4305 653 4368 bunc
671 4324 846 4369 numerum

60 4409 194 4468 praesens
219 4401 288 4462 vita
315 4402 534 4477 significatur.
571 4405 656 4466 Hinc
683 4407 845 4485 estquod

61 4491 112 4552 tilii
124 4498 225 4558 lsrael
238 4499 458 4576 quadraginta
471 4519 576 4564 annos
592 4503 847 4568 ambulaverunt

60 4597 293 4664 perdesertum.
311 4601 377 4660 Per
388 4600 609 4676 quadraginta
625 4618 731 4664 annos
747 4603 847 4666 intel-

61 4686 164 4762 ligitur
178 4695 254 4756 vitae
269 4699 444 4773 praesentis
460 4699 576 4771 status,
594 4716 657 4777 quo
678 4701 770 4763 linito
784 4701 844 4763 filii

61 4785 163 4862 lsrael,
179 4792 264 4856 idest
284 4795 350 4855 viri
374 4797 478 4858 Deum
502 4798 652 4860 videntes
673 4800 847 4863 intrabunt

61 4885 172 4950 terram
186 4893 429 4968 promissionis,
446 4896 509 4957 hoc
524 4897 575 4959 est
588 4899 712 4958 terram
728 4900 847 4960 coeles-

60 4982 94 5042 tis
113 4989 217 5064 regni.
241 4991 327 5052 Hinc
342 4993 393 5054 est
408 4994 522 5072 utiquc
544 4995 630 5072 quod
654 4998 756 5058 Jonas
772 4999 843 5059 ait:

60 5083 163 5146 aonam
174 5091 407 5166 praeraptam
421 5095 497 5154 dias
512 5095 547 5154 ct
560 5097 688 5156 Ninive
702 5099 847 5158 silliaco·-

61 5179 142 5241 ictur
157 5183 189 5262 (J
194 5203 247 5246 on.
264 5203 315 5256 111,
332 5187 377 5266 l).

93 5281 179 5349 Quod
207 5285 285 5347 tunc
311 5287 435 5362 legitur
462 5289 684 5352 historialiter
708 5291 842 5364 iactum,

60 5373 235 5454 implebitur
253 5385 367 5445 tamen
392 5386 621 5463 spiritualiter.
641 5393 706 5451 Per
724 5390 844 5451 Ninive

60 5477 188 5538 mundus
211 5481 273 5544 iste
297 5482 515 5560 intelligitur,
541 5503 601 5563 per
624 5489 844 5565 quadraginta

60 5571 119 5632 dies
131 5579 234 5640 omnis
247 5582 352 5643 status
363 5584 539 5658 praesentis
548 5585 623 5646 vitae
634 5587 842 5663 designatum

62 5670 149 5734 linitis
163 5693 241 5752 ergo
257 5680 479 5756 quadraginta
501 5682 627 5755 diebuS,
646 5685 732 5746 idest
751 5685 844 5748 finito

63 5771 135 5833 statu
160 5778 333 5852 praesentis
364 5779 440 5842 vitae
473 5780 682 5844 subvertetur
710 5785 842 5858 Ninive,

903 570 988 634 idest
1009 569 1198 632 destruetur
1221 569 1362 631 mundus
1383 567 1457 631 iste.
1484 569 1520 629 ln
1545 567 1699 643 biserga

903 668 1123 747 quadraginta
1146 667 1273 740 diebus,
1295 668 1406 729 anima
1429 683 1494 728 non
1513 665 1700 743 ingreditur

902 768 1153 830 tabernaculum
1181 769 1313 829 aeternae
1339 766 1568 837 beatitudinis
1594 765 1700 826 donec

903 866 1104 944 impleantur
1119 867 1189 926 dies
1203 866 1420 943 purgationis
1434 864 1521 926 idest
1535 863 1639 924 donec
1654 863 1698 921 fi-

904 966 1016 1027 niatur
1034 965 1175 1025 mundus
1197 965 1270 1026 iste.
1300 951 1392 1025 Sicut
1418 979 1477 1040 ρει
1502 963 1699 1038 sanguinem

903 1065 1084 1141 peccatum,
1111 1063 1158 1124 sic
1178 1080 1237 1141 per
1259 1063 1490 1140 purgationem
1504 1060 1699 1138 poenitentia

902 1161 1110 1238 intelligitur.
1127 1161 1203 1222 Dies
1217 1177 1296 1236 ergo
1311 1160 1518 1238 purgationis
1532 1159 1609 1220 sunt
1628 1157 1699 1218 dies

903 1258 1003 1335 hujus
1026 1259 1115 1330 vitae,
1132 1257 1301 1335 inquibus
1323 1257 1435 1319 anima
1452 1257 1522 1316 sive
1537 1270 1597 1332 per
1616 1253 1699 1330 bap-

902 1357 1036 1417 tismum
1047 1357 1118 1418 sive
1128 1373 1188 1435 ρει
1199 1357 1427 1436 poenitentiam
1438 1356 1496 1417 aut
1506 1354 1582 1415 aliis
1593 1352 1700 1414 modis

903 1471 939 1516 se
954 1471 971 1516 a
989 1456 1153 1532 sanguine
1165 1455 1256 1536 ,idest
1274 1471 1294 1516 a
1316 1454 1451 1531 peccato
1467 1451 1595 1530 purgat.
1620 1451 1701 1522 Qui-

902 1552 964 1614 bus
985 1553 1170 1631 completis,
1196 1554 1281 1616 siout
1302 1553 1404 1615 Beata
1425 1551 1532 1612 Maria
1553 1549 1644 1611 venit
1659 1548 1701 1608 ad

903 1652 1060 1728 templum
1090 1667 1164 1712 cnm
1190 1651 1275 1724 tilio,
1304 1651 1352 1712 sic
1380 1652 1413 1712 et
1440 1649 1547 1711 tidelis
1574 1647 1697 1717 anima,

903 1750 996 1811 linita
1011 1750 1167 1827 praesenti
1181 1750 1249 1812 vita
1263 1750 1297 1810 in
1308 1750 1466 1827 templum
1479 1746 1612 1810 aeternae
1625 1745 1702 1806 bea-

902 1849 1054 1910 titudinis
1073 1865 1148 1910 cum
1168 1849 1247 1922 illie,
1271 1849 1367 1926 idest,
1393 1863 1492 1925 opere
1507 1846 1593 1907 bono
1609 1859 1699 1921 prae-

904 1946 1203 2010 sentabitur.Unde
1213 1947 1249 2008 in
1259 1949 1346 2024 Lege
1356 1945 1514 2025 praecepit
1523 1943 1698 2005 Dominus:

902 2049 981 2108 Non
1004 2049 1186 2122 apparebis
1209 2051 1246 2110 in
1272 2047 1453 2120 conspectu
1474 2056 1551 2104 mco
1572 2055 1701 2102 vacuam

903 2141 1021 2222 (Exod.
1048 2161 1163 2218 xxxiv,
1180 2144 1245 2225 20),
1261 2145 1357 2217 idest,
1375 2159 1440 2204 non
1457 2143 1524 2204 eris
1538 2155 1664 2202 vacuus
1680 2153 1701 2198 a

902 2241 988 2305 bono
1014 2259 1113 2320 opere
1142 2244 1227 2305 sicut
1258 2259 1317 2320 per
1342 2241 1525 2303 masculum
1547 2239 1701 2300 rationa-

903 2340 1003 2403 bilem
1029 2357 1162 2402 sensum
1187 2341 1379 2418 accipimus,
1396 2340 1442 2402 ita
1458 2355 1517 2416 per
1531 2337 1700 2399 foeminam

902 2440 1054 2501 carnales
1069 2440 1207 2500 affectus
1220 2439 1406 2514 intelligere
1429 2437 1596 2498 debemus.
1608 2436 1700 2495 Tunc

902 2533 1697 2614 ergomuliersusceptosemineparitsceminam,

902 2636 1033 2714 quando
1054 2636 1166 2697 anima
1189 2637 1321 2712 recepto
1337 2635 1438 2696 verbo
1454 2629 1700 2711 praedicationis

902 2735 1054 2796 carnales
1067 2735 1103 2795 in
1117 2751 1153 2795 se
1168 2734 1273 2796 nutrit
1287 2733 1438 2796 affectus.

941 2832 1059 2894 Anima
1076 2833 1163 2894 enim
1179 2833 1317 2894 audiens
1332 2831 1470 2894 verbum
1487 2831 1547 2891 Dei
1566 2829 1595 2890 si
1614 2827 1700 2888 mol-

900 2931 977 2993 liter
1004 2932 1120 2994 vivens
1146 2931 1182 2992 in
1207 2931 1432 3009 voluptatibus
1458 2929 1561 2992 vitam
1594 2925 1696 2996 ducit,

901 3031 1023 3107 epulis,
1047 3029 1262 3093 ebrletatibus
1289 3031 1322 3092 et
1347 3027 1562 3108 impudicitiis
1589 3025 1702 3086 delec-

901 3131 999 3202 tatur,
1023 3145 1091 3191 non
1114 3130 1297 3191 masculum
1322 3129 1379 3190 sed
1406 3127 1575 3189 foeminam
1597 3125 1696 3202 perit,

901 3229 987 3305 quod
1010 3229 1164 3290 carnales
1187 3228 1325 3290 allectus
1346 3243 1488 3304 sequens
1510 3241 1576 3287 non
1601 3221 1700 3284 sortia

901 3327 988 3389 iacta
1002 3327 1149 3404 spiritus,
1168 3326 1224 3403 sed
1241 3327 1352 3388 carnis
1367 3324 1541 3386 mollitiem
1558 3337 1700 3384 consec-

901 3427 1000 3488 tatur.
1019 3427 1094 3486 Istae
1115 3425 1192 3486 sunt
1218 3425 1362 3486 ioeminae
1382 3439 1464 3501 quas
1487 3423 1618 3483 Pharao
1640 3435 1701 3480 rex

901 3524 1038 3601 AEgypti
1051 3523 1266 3600 praecipiebat
1279 3523 1460 3585 reservari.
1472 3521 1562 3583 Talis
1575 3519 1698 3590 anima,

901 3623 964 3682 etsi
988 3624 1142 3699 suscepto
1167 3623 1293 3684 semine
1322 3620 1566 3683 exhortationis
1590 3617 1703 3695 pariat

901 3721 1087 3782 masculum
1102 3720 1260 3796 praefocat
1272 3723 1383 3782 tamen
1397 3713 1529 3780 Pharao
1544 3717 1699 3777 rationa-

900 3818 1000 3878 bilem
1027 3833 1172 3890 sensum,
1191 3819 1223 3878 et
1242 3817 1394 3879 carnales
1419 3816 1557 3877 affectus
1582 3812 1697 3884 nutrit,

901 3915 988 3993 quod
1014 3931 1114 3992 quum
1148 3916 1357 3991 cognovisset
1375 3918 1493 3986 Deum,
1511 3929 1577 3974 non
1610 3911 1697 3972 sicut

901 4018 1004 4076 Deum
1034 4013 1218 4090 glorificat3
1251 4014 1425 4092 propterea
1455 4011 1592 4075 tradidit
1624 4026 1698 4071 eam

901 4108 1700 4190 heusinpassionesignominiaeunneadmonet

903 4211 988 4272 idem
1019 4211 1196 4288 Apostolus
1225 4211 1339 4272 dicens
1368 4231 1375 4271 :
1402 4213 1440 4272 Si
1467 4224 1585 4281 corate,
1615 4207 1702 4268 idest

901 4309 1091 4382 carnaliter,
1113 4309 1289 4381 eieceritis,
1304 4310 1514 4370 ritortooniat.
1530 4307 1701 4368 Sicelicon

900 4408 1027 4484 spirata
1052 4409 1146 4482 facto
1168 4411 1287 4468 carrata
1309 4407 1618 4480 naorto'stcoocritm,
1641 4407 1698 4464 oi-

900 4507 988 4567 octts
1003 4503 1065 4584 (Ad
1081 4509 1174 4567 Rom.
1189 4521 1262 4578 vnr,
1281 4505 1345 4585 13).

940 4603 1060 4664 Mulier
1081 4619 1160 4679 ergo
1182 4619 1256 4681 quae
1278 4604 1366 4682 parit
1385 4602 1565 4670 foeminam,
1586 4600 1697 4677 signi·-

901 4701 978 4764 ficat
1001 4702 1092 4764 illam
1115 4703 1260 4762 animam
1284 4719 1357 4779 quae
1373 4701 1452 4763 iacit
1471 4717 1552 4778 opus
1571 4701 1700 4775 imper-

900 4797 1033 4861 fectum.
1051 4802 1139 4876 Opus
1156 4799 1384 4876 imperfectum
1401 4801 1450 4859 est
1467 4797 1623 4858 mandata
1639 4794 1700 4855 Dei

900 4915 967 4960 non
982 4897 1170 4970 observare,
1190 4897 1299 4958 cibum
1315 4897 1367 4957 vel
1383 4898 1496 4973 potum
1512 4896 1585 4973 plus
1599 4913 1698 4974 quam

900 5012 1037 5058 necesse
1061 4997 1113 5056 est
1137 4995 1299 5071 accipere,
1316 4995 1390 5072 plus
1406 4995 1497 5072 loqui
1512 4993 1570 5056 ant
1588 4995 1699 5056 tacere

901 5111 999 5172 quam
1021 5093 1185 5170 expediat,
1210 5109 1410 5170 exasperare
1437 5110 1616 5171 pauperem
1636 5093 1702 5152 im-

900 5194 1041 5270 portune
1068 5192 1255 5269 petentem;
1284 5192 1325 5252 ad
1359 5192 1541 5252 Ecclesiam
1571 5191 1700 5251 tardius

901 5307 1049 5366 surgere,
1067 5291 1205 5367 excepto
1221 5291 1365 5352 saliorum
1381 5290 1546 5351 ‹lesiderio
1561 5305 1699 5350 uxorem

901 5406 995 5451 suam
1020 5404 1237 5464 cognoscere;
1271 5389 1307 5448 in
1341 5404 1476 5448 caruero
1498 5387 1622 5464 positos
1646 5387 1699 5448 vel

899 5487 1049 5548 infirmos
1083 5487 1210 5548 tardius
1237 5487 1389 5558 visitare,
1422 5487 1555 5547 incaute
1583 5489 1699 5563 jurare

900 5587 985 5663 qnod
1010 5601 1084 5646 cum
1107 5601 1166 5662 ρει
1189 5585 1336 5662 aliquam
1360 5585 1592 5645 necessitatem
1616 5583 1698 5644 illud

901 5684 1038 5760 implere
1065 5700 1131 5744 non
1159 5699 1343 5761 possumus.
1369 5686 1415 5744 1)ε
1438 5684 1500 5744 hac
1519 5682 1698 5759 imperfec-

899 5783 989 5845 tione
1005 5781 1085 5844 dicit
1101 5777 1277 5844 Psalmista
1296 5805 1302 5843 :
1320 5783 1566 5856 lrnpcrscctuan
1583 5795 1698 5841 racina
