4014 6312
267 321 327 384 379
490 327 493 332 “
892 323 1068 386 HONORII
1090 323 1135 386 111
1157 324 1304 386 OPERA.
1662 361 1667 369 ·
1858 330 1923 389 380

270 497 343 562 quae
359 482 658 560 impraesentiarum
683 480 930 546 rationabiliter
956 483 1067 560 possi·
1120 485 1210 562 rupit
1223 483 1494 562 praesumptionis
1515 483 1705 557 audaciam,
1723 484 1810 562 quod
1830 485 1925 550 litte-

271 580 368 651 detis,
381 581 439 642 aut
451 581 487 640 in
501 580 650 642 futurum
656 580 756 658 justis
766 581 872 642 modis
886 582 1066 660 praestante
1121 599 1176 644 ras
1195 583 1343 662 ejusdem
1363 582 1618 660 praedecessoris
1637 583 1743 645 nostri
1766 582 1922 646 obtentas

271 678 410 740 Domino
425 677 575 755 poteritis
588 678 739 756 adipisci,
757 678 817 740 sub
830 679 919 742 beati
929 679 1020 741 Petri
1035 682 1068 742 et
1122 697 1223 758 snper
1237 681 1443 744 correctione
1460 681 1611 742 ecclesiae
1631 682 1664 742 S.
1680 681 1922 759 1111111111-

271 775 384 838 nostra
399 777 602 855 protectione
624 777 823 855 suscipimus
847 777 880 840 ct
894 779 1067 855 praesentis
1122 780 1204 859 priis
1219 778 1372 841 manibus
1382 795 1450 841 non
1463 780 1514 841 est
1524 779 1650 840 veritus
1663 779 1863 851 cancellare,
1881 796 1923 842 ac

272 874 387 952 scripti
401 874 586 953 patrocinio
600 876 850 948 communimus,
870 876 1068 938 auctoritate
1122 877 1361 940 correctionem
1376 876 1482 954 ipsius
1499 877 1649 938 ecolesiae
1669 877 1710 938 de
1729 878 1922 954 Apostolico

271 971 366 1034 vobis
389 973 603 1051 praesentium
632 973 855 1050 indulgentes,
882 975 968 1052 quod
993 990 1068 1036 cum
1123 975 1308 1038 faciendam
1320 975 1475 1037 mandato
1487 975 1602 1052 primo,
1616 974 1760 1036 secundo
1774 978 1807 1037 et
1820 975 1922 1036 tertio

272 1070 429 1146 generale
461 1070 673 1132 interdictum
703 1071 802 1134 terrae
829 1072 939 1144 inerit,
970 1071 1070 1133 liceat
1123 1073 1305 1150 impedivit,
1323 1074 1355 1135 et
1369 1074 1470 1135 etiam
1486 1073 1660 1150 quemdam
1674 1073 1845 1134 hominem
1859 1089 1924 1133 ca·

272 1167 368 1229 vobis
383 1167 507 1230 clausis
517 1169 642 1246 januis,
655 1185 722 1231 non
734 1170 873 1246 pulsatis
884 1169 1067 1247 campanis,
1124 1171 1219 1249 pituli
1233 1171 1380 1249 eJusdem
1398 1171 1548 1233 ecclesiae
1564 1186 1623 1247 pro
1643 1186 1693 1243 eo,
1711 1170 1797 1248 quod
1814 1187 1924 1248 quos-

274 1264 421 1328 exclnsis
432 1268 725 1330 excommunicatis
739 1267 771 1330 et
785 1267 980 1340 interdictis,
995 1283 1070 1344 sup·
1124 1269 1199 1330 dam
1215 1269 1255 1330 de
1270 1269 1415 1346 capitulo
1430 1269 1620 1331 laborantes
1638 1284 1698 1345 pro
1716 1267 1927 1356 correctione

274 1378 389 1442 pressa
403 1379 495 1436 voce,
511 1364 625 1426 divina
639 1365 750 1427 officia
772 1365 953 1428 celebrare.
979 1365 1070 1428 Nulli
1125 1367 1283 1444 praedicta
1297 1367 1470 1444 receperat
1486 1367 1520 1428 in
1539 1366 1731 1443 hospitium,
1748 1365 1827 1428 fecit
1844 1381 1926 1428 oar-

275 1477 355 1538 ergo
368 1461 502 1550 omnino
514 1462 685 1523 hominum
699 1463 797 1524 liceat
811 1463 898 1524 banc
912 1461 1071 1541 paginam
1125 1465 1194 1528 ceri
1207 1465 1401 1542 mancipari,
1415 1464 1590 1526 Kelledeos
1605 1479 1734 1540 quoque
1749 1463 1789 1524 de
1802 1467 1838 1524 S.
1852 1467 1929 1524 An-

275 1558 398 1620 nostrae
414 1559 628 1635 protectionis
651 1561 684 1623 et
705 1561 930 1624 concessionis
947 1559 1073 1622 111111-
1126 1562 1206 1623 drea
1224 1560 1266 1627 ab
1285 1560 1519 1623 executoribus
1539 1576 1559 1621 a
1578 1559 1717 1638 praesato
1736 1559 1933 1635 predeces-

275 1671 365 1733 gere,
393 1655 448 1717 vel
473 1657 504 1717 ei
528 1673 612 1718 ausu
630 1657 808 1722 temerario
832 1658 1010 1721 contraire.
1037 1658 1072 1719 Si
1127 1673 1202 1720 sore
1234 1659 1347 1720 nostro
1378 1658 1560 1729 concessis,
1593 1657 1747 1733 exigente
1768 1657 1926 1733 justitia,

152 1800 158 1812 ,
277 1754 351 1830 quis
366 1755 475 1816 autem
492 1754 555 1818 hoc
574 1756 736 1818 attentare
751 1757 1010 1834 praesumpserit,
1024 1757 1073 1817 in·
1126 1756 1261 1818 vinculo
1289 1754 1641 1818 excommunicationis
1667 1753 1823 1816 astrictos
1849 1755 1931 1830 post

279 1851 504 1928 dignationem
519 1854 753 1930 omnipotentis
774 1855 834 1916 Dei
856 1858 889 1917 et
901 1854 1073 1916 beatorum
1127 1855 1382 1932 appellationem
1402 1855 1442 1916 ad
1460 1853 1580 1915 Sedem
1598 1851 1823 1930 apostolicam
1834 1851 1932 1926 legi-

278 1949 368 2010 Petri
387 1949 419 2012 11
442 1951 549 2022 Pauli,
565 1951 796 2028 Apostolorum
812 1954 896 2030 ejus,
913 1969 949 2014 se
970 1967 1074 2014 nore·
1126 1954 1206 2015 time
1218 1953 1447 2029 interpositam
1460 1951 1670 2031 praesnmpsit
1681 1949 1867 2020 absolvere,
1888 1965 1932 2011 ac

276 2045 321 2106 rit
343 2046 566 2110 incursurum.
587 2049 706 2112 Datum
732 2050 899 2122 Laterani,
930 2053 974 2113 Vl
1003 2049 1071 2111 isal.
1128 2051 1163 2112 in
1178 2051 1336 2128 quosdam
1352 2050 1391 2112 de
1405 2050 1550 2128 capitulo
1562 2051 1638 2127 post
1651 2049 1933 2127 provocationem

277 2143 368 2216 maii,
385 2145 596 2223 pontificatus
608 2147 714 2209 nostri
729 2161 817 2210 anno
832 2147 951 2224 primo.
1128 2149 1309 2225 legitimam
1338 2147 1690 2210 excommunicationis
1724 2145 1932 2208 sententiam

1128 2247 1351 2324 promulgare,
1375 2248 1408 2309 11
1428 2262 1495 2308 non
1517 2246 1624 2308 solum
1647 2243 1933 2322 appellationibus

612 2359 738 2446 GGGX
1128 2345 1372 2407 rationabiliter
1386 2344 1427 2405 ad
1444 2344 1561 2406 Sedem
1574 2342 1797 2420 apostolicam
1813 2342 1931 2418 impo-

1129 2442 1201 2504 sitis
1220 2441 1350 2505 deierre
1365 2442 1571 2519 contempsit,
1589 2441 1646 2502 sed
1668 2443 1701 2503 et
1715 2439 1932 2518 appellantes

274 2572 328 2632 Aa
349 2574 561 2648 episcopum,
581 2575 793 2652 ,7249ssth
809 2578 843 2636 J·
866 2579 907 2638 de
928 2579 1075 2640 Hedmw
1129 2539 1481 2652 excommunicationis
1496 2555 1653 2602 mucrone
1672 2538 1834 2648 percellit.
1848 2538 1933 2598 Vil-

315 2669 350 2730 et
376 2672 410 2732 s,
446 2674 488 2732 de
522 2674 684 2734 gimpa
708 2678 890 2737 canonicos
917 2679 1073 2739 Dum„
1128 2641 1195 2702 lam
1216 2655 1354 2718 insuper
1373 2639 1413 2701 de
1437 2639 1657 2700 Glerlientono
1679 2636 1721 2697 ad
1743 2635 1933 2712 capitulum

318 2769 450 2828 denses,
1129 2739 1347 2817 pertinentem
1371 2739 1445 2816 post
1465 2735 1720 2814 appellationem
1744 2733 1934 2796 adsedem

1129 2835 1353 2914 Apostolicam
1369 2835 1515 2912 legitime
1531 2835 1759 2910 interpositam
1775 2847 1931 2908 occupa-

576 2910 609 2968 27
625 2923 686 2984 aps·
703 2911 781 2970 ¹²¹⁷·
1128 2935 1191 3007 vit,
1215 2934 1280 3011 ipsi
1300 2933 1458 3012 capitulo,
1479 2934 1516 2994 ut
1536 2931 1569 2992 id
1588 2931 1661 2992 fleri
1683 2929 1931 3008 permitterent,

363 3039 493 3105 [rusina.
507 3042 672 3094 nocumenta
686 3042 823 3107 umernin,
835 3060 861 3110 p.
875 3045 899 3104 a,
912 3059 937 3097 n.
950 3047 987 3110 1.]
1130 3032 1386 3110 promissionem
1400 3030 1527 3092 iaciens
1543 3030 1625 3092 vitio
1639 3028 1830 3090 simoniacae
1846 3043 1934 3103 pra-

510 3111 512 3118 ’
1129 3130 1242 3193 vitatis
1262 3129 1430 3202 iniectam,
1452 3144 1516 3207 quo
1530 3126 1759 3204 multipliciter
1776 3125 1935 3186 noscitur

1130 3227 1278 3290 irretitus
1294 3243 1300 3288 :
1317 3243 1356 3289 ao
1371 3243 1446 3288 cum
1461 3229 1549 3288 esset
1562 3225 1737 3302 episcopus
1749 3222 1935 3284 (11111111-

1130 3326 1192 3400 sis,
1215 3327 1393 3404 antequam
1417 3325 1522 3402 ipsius
1545 3322 1727 3401 'appellatio
1753 3321 1841 3382 esset
1868 3336 1934 3397 per

1131 3425 1249 3486 sedem
1259 3421 1482 3501 Apostolicam
1492 3421 1685 3500 approbata,
1702 3418 1743 3480 ad
1755 3415 1935 3495 praeiatam

319 3515 486 3579 Honorius
498 3517 682 3596 episcopus,
691 3519 981 3586 venerabiliiratri
992 3525 1077 3602 epis·
1131 3523 1306 3585 ecclesiam
1327 3523 1361 3584 S.
1384 3520 1525 3583 Andreae
1549 3535 1585 3580 se
1606 3517 1789 3589 transtulit,
1813 3518 1847 3577 et
1869 3516 1935 3576 ad·

281 3630 374 3692 copo,
386 3615 419 3677 et
433 3615 562 3678 dilectis
575 3617 654 3678 filiis
667 3618 825 3694 magistro
841 3622 866 3682 Ι.
884 3620 924 3683 de
936 3623 1075 3684 Heduno
1129 3619 1369 3682 ministrationi
1390 3619 1457 3680 tam
1479 3615 1703 3694 spiritualium
1724 3629 1823 3692 quam
1842 3614 1934 3674 tem-

279 3713 314 3774 et
329 3714 361 3773 S.
374 3711 414 3774 de
424 3713 581 3776 Lindesia
591 3715 761 3778 canonicis
772 3717 1072 3794 Dunkeldensibns,
1130 3717 1296 3795 poralium
1326 3717 1451 3778 temere
1483 3731 1520 3778 se
1552 3713 1759 3784 immiscens,
1789 3709 1931 3772 sabbato

281 3809 433 3872 salutem·
1130 3816 1272 3894 quatuor
1289 3815 1474 3891 temporum
1489 3813 1524 3873 in
1542 3811 1737 3888 septembre,
1758 3823 1832 3869 cum
1851 3811 1933 3885 ejus

321 3907 468 3970 Dilectus
483 3908 572 3970 iilius
588 3911 756 3974 Eustatins
770 3913 950 3976 canonieus
968 3916 1075 3979 sancti
1129 3911 1309 3990 postulatio
1337 3909 1538 3990 praecedenti
1566 3909 1685 3987 quarta
1715 3907 1798 3969 feria
1826 3904 1933 3966 inerit

280 4003 422 4066 Andreae
437 4004 478 4066 de
494 4007 604 4067 Scotia
620 4007 654 4067 in
669 4009 782 4070 nostra
797 4013 975 4087 praesentia
990 4029 1074 4076 con·
1130 4010 1308 4080 celebrata,
1323 4010 1359 4071 in
1373 4009 1490 4070 eadem
1505 4007 1650 4069 ecclesia
1664 4008 1701 4067 ut
1714 4004 1818 4082 ipsius
1832 4004 1932 4080 opis-

282 4101 416 4162 stitutus
426 4100 521 4162 nobis
532 4101 756 4167 denuntiando
767 4110 974 4179 monstravit,
989 4111 1076 4188 quod
1130 4125 1231 4186 copus
1262 4107 1396 4169 ordines
1429 4103 1620 4168 celebrarit
1658 4102 1800 4164 Litteras
1829 4101 1936 4162 etiam

283 3192 887 3267 111111111111111111111111111111111111
900 3199 946 3268 iis,
960 3215 1024 3272 quae
1041 3199 1076 3258 ab

317 3281 453 3354 episcopo
468 3282 496 3340 S.
513 3282 634 3342 Andreae
644 3298 794 3358 perperam
810 3295 872 3344 acte
890 3286 1009 3360 suerint,
1029 3291 1073 3348 in·

319 3370 442 3442 quirent.

283 4213 357 4259 cum
390 4197 591 4260 venerabilis
623 4200 727 4264 irater
758 4205 871 4267 noster
901 4207 1076 4285 episcopus
1129 4200 1934 4284 1111111111111111111111111111-

283 4294 389 4357 sancti
407 4295 546 4356 Andreae
562 4295 772 4361 demandato
790 4300 885 4364 bonae
907 4307 1076 4368 memoriae
1131 4320 1225 4376 nens,
1237 4302 1458 4364 obedientiam
1469 4303 1502 4363 et
1509 4299 1730 4362 reverentiam
1740 4296 1929 4374 811111111-

282 4393 307 4453 1.
325 4393 424 4469 Papae
441 4393 695 4470 praedecessoris
714 4398 820 4460 nostri
835 4401 1076 4465 cathanensem
1130 4401 1239 4465 tolioae
1256 4399 1400 4462 debitam
1412 4416 1479 4461 non
1494 4397 1666 4476 impendit,
1682 4412 1725 4457 ex
1738 4411 1776 4457 eo
1789 4409 1927 4454 sumens

282 4491 474 4569 episcopum
492 4493 711 4565 consecravit,
728 4497 761 4558 et
774 4495 842 4570 ille,
862 4501 960 4576 prout
978 4501 1076 4563 tene-
1131 4499 1305 4562 audaciam
1314 4497 1538 4576 delinquendi,
1551 4494 1649 4574 quod,
1660 4496 1696 4556 ut
1710 4492 1834 4572 publica
1848 4507 1929 4568 pro·

281 4587 389 4661 batur,
409 4590 544 4666 paratus
562 4589 662 4654 luerit
681 4593 840 4656 exhibere
854 4596 905 4656 illi
926 4599 1077 4674 praedicti
1130 4596 1284 4666 testatur,
1299 4593 1410 4654 nullus
1422 4593 1457 4653 in
1470 4607 1572 4668 regno
1587 4591 1706 4652 scotiae
1722 4587 1830 4650 contra
1844 4601 1928 4646 eum

281 4686 536 4766 predecessoris
559 4689 667 4752 nostri
689 4693 823 4755 nomine
847 4693 1017 4759 fidelitatis
1045 4699 1079 4760 et
1131 4691 1257 4770 aliquid
1271 4691 1393 4753 audeat
1411 4689 1584 4752 attentare.
1607 4689 1647 4749 ut
1666 4687 1745 4749 licet
1763 4685 1843 4747 idem
1866 4699 1928 4744 ca-

283 4783 478 4847 obedientiac
495 4787 733 4864 jnramentnm,
758 4790 846 4852 idem
874 4808 940 4854 non
970 4794 1077 4857 solnm
1132 4791 1272 4853 nonious
1290 4789 1358 4850 tam
1373 4803 1433 4865 per
1449 4803 1501 4861 se,
1521 4802 1621 4865 quam
1642 4801 1702 4863 per
1721 4779 1926 4846 venerabiles

282 4881 366 4942 illud
391 4883 541 4960 recipere
563 4887 749 4968 recusavit,
772 4904 888 4950 rerum
912 4891 1012 4953 etiam
1036 4893 1077 4956 ad
1132 4889 1251 4951 iratres
1270 4887 1401 4949 nostros
1423 4886 1660 4948 Glascuensem
1680 4887 1714 4946 et
1735 4877 1925 4944 1111111111-

285 4979 403 5040 sedem
427 4981 650 5057 apostolicam
676 4985 889 5064 appellando,
920 5005 962 5051 ne
982 4991 1079 5066 jure·
1132 5003 1202 5049 sem
1230 4985 1420 5064 episcopos,
1448 4984 1484 5045 et
1507 4982 1683 5058 religiosos
1709 4980 1792 5042 alios
1816 4977 1923 5054 ipsum

283 5077 431 5137 mentum
458 5076 542 5138 illud
565 5081 758 5158 praestaret,
785 5085 917 5161 penitus
941 5087 1077 5150 contra·
1132 5083 1259 5162 pluries
1288 5082 1462 5144 caritative
1492 5078 1675 5151 monuerit,
1702 5079 1738 5139 ut
1764 5087 1855 5152 snper
1878 5072 1923 5132 iis

284 5173 379 5236 dixit.
410 5173 577 5237 Praeterea
607 5179 756 5241 mandati
782 5184 964 5260 apostolici
996 5185 1078 5248 flnes
1134 5183 1167 5245 et
1183 5182 1266 5243 'aliis
1286 5179 1479 5242 excessibus
1498 5177 1682 5254 corrigeret
1702 5173 1922 5248 semetipsum,

284 5270 467 5344 excedens,
490 5275 530 5334 A.
558 5275 591 5336 et
611 5277 652 5335 Η.
678 5275 719 5338 ad
743 5279 1022 5344 Dumblanensem
1048 5285 1080 5346 et
1133 5281 1221 5343 idem
1240 5278 1273 5340 id
1295 5277 1428 5340 efficere
1446 5292 1513 5338 non
1532 5273 1673 5337 curavit.
1697 5275 1801 5346 Quum
1820 5267 1926 5342 igitur

283 5369 523 5432 Brekinensem
539 5372 697 5434 ecclesias
715 5375 906 5452 electorum,
921 5379 999 5444 licet
1014 5382 1081 5444 sint
1134 5379 1216 5450 haec,
1234 5377 1262 5438 si
1276 5392 1358 5438 vera
1372 5375 1449 5447 sint,
1465 5389 1531 5435 non
1546 5371 1726 5435 debeamus
1749 5365 1927 5430 conniven-

284 5465 346 5526 iilii
361 5469 579 5541 sacerdotum,
594 5471 789 5535 electionem
802 5475 925 5554 absque
939 5481 1081 5556 Aposto-
1134 5475 1223 5539 tibus
1238 5473 1345 5537 oculis
1359 5471 1573 5551 pertransire,
1598 5465 1789 5531 discretioni
1807 5461 1925 5524 vestras

287 5563 361 5626 licae
377 5565 472 5627 Sedis
490 5567 737 5645 dispensatione
756 5573 969 5650 confirmans,
990 5577 1080 5654 ipsos
1136 5589 1196 5652 per
1208 5570 1401 5650 Apostolica
1417 5571 1542 5648 scripta
1557 5565 1777 5647 praecipiendo
1791 5557 1927 5622 manda-

290 5661 324 5722 in
339 5661 510 5742 episcopos
525 5668 741 5747 consecravit,
760 5673 793 5733 et
807 5671 841 5732 in
855 5672 979 5736 tantam
994 5691 1083 5751 prae-
1136 5685 1221 5746 mus,
1238 5671 1401 5748 qnatenus
1423 5667 1464 5730 ad
1479 5666 1650 5747 praelatam
1674 5659 1833 5726 ecclesiam
1859 5669 1924 5718 ac-
