3936 6318
323 274 383 336 223
788 266 966 332 HONORII
988 267 1033 329 111
1055 265 1204 331 OPERA.
1218 295 1261 314 -
1274 263 1507 332 SERMONES.
1867 281 1908 341 ιιι
1940 343 1941 374 1

324 431 388 496 sui.
405 433 492 510 Ergo
506 427 636 494 cantate
648 428 788 492 Domino
803 427 969 492 canticum
985 442 1119 501 novum,
1174 429 1333 506 guentam
1346 427 1659 508 signitlcntlaudem.
1672 431 1827 510 Unguento
1838 436 1910 512 pedes

324 531 403 610 quia
422 525 587 592 mirabilia
600 526 679 592 lecit
695 530 794 592 Deus.
806 530 899 590 Tunc
913 525 1121 590 novumsecit
1176 528 1306 590 Domini
1328 544 1465 607 ungere,
1484 529 1535 591 est
1560 529 1805 592 incarnationem
1821 531 1911 596 Christi

324 629 482 692 Dominus
492 629 526 690 in
542 643 695 705 persona,
709 643 831 688 novum
847 624 925 688 iecit
936 625 972 686 in
986 625 1118 698 natura,
1175 625 1275 702 digna
1289 626 1387 688 laude
1401 627 1594 704 praedicare.

324 723 1121 802 novumlecitingratia.Inpersona3quianovum
1214 723 1387 787 Moraliter
1414 745 1422 785 ι
1452 724 1570 787 civitas
1595 725 1740 802 designat
1761 724 1910 800 Ecclesiam,

323 824 402 886 iecit
413 825 448 885 in
461 824 578 897 matre,
596 838 718 886 norum
729 821 807 884 fecit
821 822 857 882 in
869 821 972 900 prole.
989 822 1020 883 N
1022 837 1120 883 ovum
1174 820 1295 882 mulier
1308 822 1478 900 peccatrix
1493 822 1669 901 quamlibet
1682 823 1812 884 animam
1823 825 1851 884 in
1862 841 1913 902 pec

322 921 401 985 iecit
420 922 456 984 in
482 923 599 994 matre,
627 919 705 999 quia
728 919 823 996 virgo
847 919 975 998 peperit
998 919 1118 993 virum,
1174 919 1257 980 catis
1273 919 1449 993 detentam,
1464 920 1664 983 alabastrum
1674 915 1754 998 quod
1765 937 1852 996 genus
1862 939 1915 982 can·
1941 945 1942 950 ¹

323 1019 419 1084 stella
438 1020 575 1098 protulit
589 1018 704 1091 solem,
722 1017 791 1080 illia
806 1018 956 1094 concepit
980 1018 1118 1095 patrem,
1174 1017 1339 1080 didissimi
1372 1013 1548 1081 marmoris
1576 1018 1641 1092 est,
1670 1015 1807 1094 designat
1829 1035 1914 1096 puran

322 1121 476 1180 creatura
513 1117 629 1194 genuit
656 1116 869 1192 creatorem
901 1114 1056 1177 similiter
1083 1114 1119 1177 in
1174 1115 1435 1180 conversionem.
1454 1118 1575 1180 Mulier
1586 1117 1683 1180 affert
1692 1115 1916 1178 alabastrnnun

322 1233 426 1278 unum
436 1216 543 1278 mater
557 1216 590 1277 et
602 1214 682 1288 fllia,
696 1213 843 1292 genitrix
857 1213 1034 1287 etancilla,
1046 1229 1119 1292 quae
1173 1215 1298 1292 guenti,
1315 1217 1446 1293 quando
1460 1217 1630 1293 peccatrix
1649 1215 1756 1277 anima
1773 1231 1842 1292 pure
1857 1231 1915 1276 con·

322 1331 398 1376 cum
426 1312 618 1390 integritate
645 1311 795 1392 peperit,
827 1328 903 1374 cum
927 1312 1120 1389 virginitate
1172 1313 1315 1375 vertitur
1326 1313 1368 1376 ad
1384 1316 1498 1394 Deum.
1513 1313 1618 1376 Pedes
1633 1313 1758 1376 Domini
1770 1311 1916 1388 significant

323 1410 485 1490 concepit.
511 1413 549 1472 ln
574 1413 706 1484 natura,
733 1411 811 1487 quia
835 1425 958 1472 norum
980 1409 1058 1473 lecit
1082 1409 1118 1471 in
1174 1411 1316 1474 sanctos.
1345 1411 1466 1476 Mulier
1493 1412 1559 1475 stat
1585 1428 1679 1476 secus
1705 1411 1796 1492 pedes
1818 1409 1916 1478 Christi,

322 1508 527 1586 sign0,novo
551 1507 629 1571 tecit
652 1508 687 1570 in
701 1507 809 1570 modo.
834 1510 872 1570 ln
895 1507 1017 1585 gratia,
1040 1507 1118 1585 qnia
1173 1508 1304 1587 quando
1320 1508 1430 1570 anima
1452 1510 1622 1588 peccatrix
1636 1509 1776 1572 imitatur
1789 1505 1917 1584 operarel
1942 1499 1943 1578 j

320 1623 443 1668 novum
458 1606 536 1668 iecit
558 1605 593 1667 in
608 1606 741 1679 ioedere,
765 1621 887 1667 novum
899 1605 978 1668 iecit
988 1605 1028 1682 in
1040 1622 1118 1666 mu·
1173 1606 1326 1684 exempla
1342 1607 1544 1669 sanctorum.
1561 1607 1728 1685 Lacrymis
1745 1605 1822 1682 rigat
1836 1603 1917 1680 pedes,
1942 1591 1943 1598 '

321 1719 414 1778 nere,
429 1704 507 1781 quia
533 1706 620 1766 Deus
639 1701 746 1766 tactus
770 1703 821 1766 est
841 1702 952 1775 homo,
969 1702 1006 1765 ut
1019 1702 1118 1766 homo
1173 1703 1304 1782 quando
1322 1704 1529 1768 commendat
1550 1722 1586 1769 se
1607 1703 1801 1768 orationibus
1816 1701 1918 1762 sancto·

321 1801 416 1864 lieret
428 1805 526 1864 Deus.
541 1803 628 1863 Deus
643 1801 683 1863 de
702 1801 786 1863 coelo
801 1800 843 1864 ad
857 1803 967 1864 terras
978 1801 1119 1863 descen·
1172 1818 1257 1863 rum.
1268 1804 1406 1881 capillis
1415 1803 1485 1866 suis
1496 1803 1608 1881 tergit,
1617 1802 1744 1884 quando
1753 1797 1919 1862 Christianus

321 1899 380 1970 dit,
398 1899 434 1961 ut
448 1899 546 1962 bomo
570 1893 611 1960 de
624 1898 725 1960 terris
741 1899 782 1960 ad
798 1897 899 1961 coelos
909 1899 1116 1962 ascenderet.
1172 1897 1325 1964 subvenit
1339 1901 1592 1966 necessitatibus
1607 1915 1782 1982 pauperum
1800 1895 1835 1957 de
1850 1893 1920 1955 bonis

320 1999 408 2060 Deus
423 1995 530 2060 tactus
542 1997 593 2060 est
607 2012 734 2070 servus,
747 1996 784 2059 ut
797 1996 892 2060 tieret
906 1996 1005 2058 bomo
1020 1995 1115 2060 liber.
1170 1999 1421 2077 temporalibus,
1431 2000 1508 2078 quia
1519 2016 1580 2078 per
1589 1993 1921 2078 capillosintelliguntu
1943 2039 1944 2088 t

319 2095 524 2159 Deusiactus
540 2094 590 2157 est
602 2095 764 2167 mortalis,
781 2095 818 2157 ut
829 2094 927 2158 homo
943 2094 1039 2158 tieret
1052 2095 1119 2156 im·
1170 2095 1257 2158 bona
1272 2098 1480 2176 temporalia.
1497 2099 1537 2160 nt
1555 2098 1643 2160 sicut
1661 2113 1720 2160 nos
1733 2111 1795 2156 non
1808 2092 1920 2154 dolemus
1943 2099 1944 2112 ¹

318 2193 481 2256 mortalis.
494 2195 584 2254 Deus
599 2191 706 2254 lactus
733 2194 784 2255 est
807 2209 944 2272 pauper,
969 2194 1006 2256 ut
1023 2192 1118 2256 tieret
1171 2193 1211 2256 de
1230 2194 1394 2258 incisione
1417 2197 1626 2275 capillorum,
1651 2197 1698 2258 ita
1718 2209 1782 2256 non
1803 2187 1922 2252 debenus

319 2291 419 2354 homo
434 2291 537 2354 diver.
567 2291 708 2353 Tantum
723 2293 811 2354 Deus
825 2291 943 2354 dilexit
957 2292 1116 2354 mundum
1171 2291 1284 2356 dolere
1298 2293 1339 2358 de
1357 2293 1607 2373 temporalibus,
1629 2310 1702 2372 quae
1716 2289 1830 2354 vadunt
1842 2287 1869 2348 et
1880 2299 1922 2344 re-

315 2389 356 2462 ⁴ut
366 2389 572 2450 liliumsuum
586 2389 794 2465 unigenitum
805 2389 970 2468 daretpro
980 2390 1114 2452 mundo.
1171 2391 1267 2453 niunt
1285 2392 1495 2456 anormatim.
1512 2393 1689 2456 osculatur
1702 2389 1808 2469 pedes,
1825 2381 1924 2464 quando

316 2491 410 2552 Nam
421 2489 566 2564 proprio
579 2487 649 2560 illio
669 2503 732 2549 scco
747 2502 816 2550 non
837 2489 994 2564 pepercit
1008 2492 1113 2562 Deus,
1169 2489 1348 2552 veneratur
1371 2490 1404 2552 et
1423 2489 1505 2553 iacit
1529 2489 1751 2554 reverentiam
1775 2481 1889 2552 sanctis,
1903 2478 1925 2538 el

316 2587 379 2648 scd
409 2599 475 2661 pro
509 2587 605 2647 nobis
644 2588 801 2648 omnibns
837 2586 982 2649 tradidit
1020 2589 1116 2650 iilum
1169 2585 1264 2650 bonis
1281 2587 1485 2651 christianis.

319 2679 427 2763 (Rom.
444 2698 516 2756 v111,
533 2680 600 2763 32).
614 2682 844 2758 argonautae
858 2683 999 2746 Domino
1013 2684 1116 2747 canti·
1209 2681 1289 2746 Tria
1309 2684 1387 2747 sunt
1405 2686 1519 2750 oscula
1536 2707 1543 2747 ι
1559 2684 1704 2764 primum
1719 2683 1758 2747 ad
1773 2680 1871 2761 pedes,
1887 2690 1926 2735 se·

318 2796 393 2843 cum
405 2796 539 2854 novum,
556 2780 636 2859 quia
648 2780 816 2843 mirabilia
830 2780 910 2843 iecit
921 2783 1020 2857 Deus3
1037 2783 1116 2860 quia
1170 2783 1313 2844 cundum
1328 2783 1369 2844 ad
1389 2800 1519 2857 manus,
1537 2779 1734 2848 tertiumad
1752 2798 1788 2845 cs
1808 2777 1926 2840 sumitur.

317 2878 438 2940 mulier
459 2895 532 2957 quae
555 2877 627 2940 erat
649 2878 841 2940 incivitate
862 2879 1043 2956 peccatrix,
1071 2881 1113 2942 ad
1169 2881 1207 2940 Ιιι
1221 2879 1328 2956 primo
1343 2879 1508 2958 accipitur
1520 2877 1675 2944 remissio
1692 2877 1891 2958 peccatorum.
1904 2869 1928 2929 ln

318 2991 417 3054 quam
441 2976 593 3038 omnibus
619 2975 753 3054 patebat
766 2991 932 3051 accessus,
954 2978 988 3040 et
1001 2978 1114 3040 nullus
1169 2977 1313 3040 secundo
1331 2994 1452 3039 munus
1467 2977 1640 3049 virtutum,
1655 2980 1691 3040 in
1707 2976 1803 3040 tertio
1816 2966 1929 3047 cognitit

316 3072 506 3154 patiebatur
517 3074 559 3136 ab
569 3074 642 3152 ipsa
656 3074 837 3152 repulsum,
849 3074 937 3138 lacta
949 3078 1001 3138 est
1013 3079 1115 3156 Apos-
1168 3076 1381 3139 secretorum.
1393 3076 1542 3138 Primum
1557 3076 1609 3138 est
1623 3071 1884 3157 propitiatorium.
1896 3079 1931 3125 ιθ·

315 3173 458 3236 tolcrum
484 3171 644 3251 apostola,
668 3189 728 3251 per
747 3189 846 3251 quam
875 3175 1035 3236 Dominus
1058 3192 1115 3238 re-
1168 3175 1311 3236 cundum
1326 3174 1641 3244 remuneratorium,
1659 3174 1792 3237 tertium
1810 3166 1946 3258 conten-t

316 3270 534 3333 surrectionis
544 3271 778 3347 suaegaudium
790 3271 960 3350 Apostolis
975 3272 1114 3336 nuntia-
1167 3271 1356 3351 platorium.
1378 3272 1554 3334 osculatur
1574 3267 1677 3350 pedes
1697 3271 1754 3352 qui
1772 3268 1890 3331 veniam
1904 3261 1932 3320 dc

314 3367 374 3436 vit.
390 3369 430 3432 m
441 3369 552 3431 umen
565 3369 703 3430 dimissa
716 3369 834 3432 suntei
845 3369 981 3447 peccata
993 3370 1110 3444 multa,
1167 3370 1311 3448 peccatis
1326 3369 1525 3448 assequitur,
1538 3370 1625 3433 sicut
1637 3370 1736 3434 beata
1750 3363 1936 3434 Marianae·

316 3466 474 3546 quoniam
486 3465 605 3529 dilexit
620 3467 772 3528 multum.
1167 3463 1298 3541 delere,
1315 3483 1389 3546 quae
1407 3468 1561 3530 assecuta
1584 3472 1636 3531 est
1649 3469 1791 3546 gratiam
1805 3481 1823 3527 a
1837 3466 1902 3530 Dec,
1914 3455 1937 3516 et

355 3566 484 3626 Mulier
509 3565 624 3626 attulit
647 3564 861 3628 alabastrum
887 3567 1056 3644 unquenti
1079 3569 1112 3630 et
1167 3565 1253 3628 sicut
1276 3581 1392 3628 servus
1416 3560 1471 3628 cui
1493 3565 1530 3628 nt
1550 3581 1570 3628 a
1593 3564 1739 3628 Domino
1760 3555 1937 3636 indulgentia

314 3663 419 3726 uncti
428 3665 533 3738 pedes
543 3665 684 3726 Domini
696 3660 791 3743 (Luc.
806 3678 866 3737 vn,
883 3660 949 3743 37).
968 3664 1112 3726 Alabas-
1166 3663 1308 3742 alicujus
1324 3663 1471 3737 offensae,
1483 3663 1525 3725 ad
1538 3662 1639 3743 pedes
1654 3662 1804 3728 inclinat.
1818 3662 1878 3722 llos
1890 3669 1937 3732 pe-

294 3808 297 3814 .
315 3759 403 3822 trum
440 3760 492 3823 est
523 3775 629 3837 genus
655 3759 884 3823 candidissimi
910 3760 1109 3838 marmoris,
1166 3762 1223 3826 des
1239 3762 1346 3824 tidelis
1361 3762 1542 3835 osculatur,
1559 3761 1636 3822 dnm
1654 3778 1692 3824 se
1704 3778 1801 3826 reum
1811 3756 1940 3838 judicans

313 3857 417 3921 variis
432 3857 600 3921 coloribus
624 3857 766 3931 intincti,
792 3858 878 3937 quod
895 3859 1008 3922 cavari
1028 3861 1112 3923 solet
1164 3862 1198 3922 et
1211 3861 1373 3948 confitens
1387 3875 1447 3938 per
1463 3859 1733 3942 misericordiam
1748 3859 1818 3931 Dei,
1833 3851 1940 3918 venian

313 3955 355 4016 ad
383 3971 463 4017 vasa
489 3955 730 4033 unguentaria,
760 3955 794 4018 et
817 3956 985 4032 significat
1013 3958 1110 4021 tidem
1165 3957 1205 4019 de
1221 3957 1366 4036 peccatis
1387 3957 1589 4036 assequitur,
1605 3957 1685 4022 inde
1708 3958 1751 4024 ad
1773 3969 1883 4019 manus
1899 3963 1943 4009 ac·

312 4053 473 4130 gentium,
491 4069 564 4131 quae
580 4053 643 4116 tuit
657 4067 740 4132 pura
753 4053 787 4114 et
812 4053 936 4115 munda
958 4055 991 4116 et
1006 4055 1110 4117 variis
1165 4055 1261 4127 cedit,
1281 4069 1359 4116 nam
1373 4071 1493 4118 manus
1508 4054 1550 4118 ad
1569 4070 1672 4134 opera
1695 4053 1869 4136 pertinent.
1890 4049 1941 4109 flas

312 4149 492 4232 ¹virtutibus
518 4150 691 4216 adornata.
708 4153 773 4212 Per
791 4149 892 4228 pedes
909 4151 1042 4213 Domini
1056 4153 1111 4215 in·
1164 4150 1334 4214 osculetur
1348 4151 1425 4212 dum
1440 4153 1580 4232 suscipit
1594 4170 1615 4215 a
1627 4157 1698 4217 Deo
1713 4137 1831 4232 gratiae
1846 4157 1944 4210 munus

312 4246 475 4326 telligitur
494 4250 689 4327 mysterium
706 4248 962 4311 incarnationis.
988 4249 1110 4312 Mulier
1164 4263 1228 4324 quo
1252 4247 1337 4310 bene
1355 4250 1521 4326 operetur,
1547 4250 1793 4315 abrenuntians
1814 4243 1946 4322 volupta-

312 4345 484 4424 peccatrix
504 4347 595 4409 stetit
619 4361 715 4408 secus
738 4346 839 4424 pedes
867 4349 951 4425 ejus,
977 4347 1108 4424 quando
1163 4343 1250 4408 tibus
1265 4346 1299 4408 et
1308 4345 1483 4410 desideriis
1498 4349 1704 4425 carnalibus,
1715 4352 1764 4424 ut,
1775 4349 1859 4412 sicut
1872 4339 1946 4406 exiii·

313 4441 525 4520 congregatio
537 4443 685 4520 gentium
695 4443 837 4506 credidit
856 4443 930 4520 post
946 4444 1107 4505 incarna—
1162 4441 1234 4505 buit
1256 4443 1403 4506 membra
1418 4461 1479 4508 sua
1493 4447 1715 4510 immunditiae
1732 4449 1766 4512 et
1783 4436 1946 4524 iniquitati.

310 4540 436 4604 tionem
455 4542 538 4620 ejus.
573 4544 754 4620 Lacrimae,
776 4542 863 4604 sicut
887 4540 968 4604 dicit
991 4541 1108 4604 beatus
1162 4539 1208 4602 ita
1231 4558 1319 4605 nunc
1338 4542 1496 4606 exhibeat
1512 4545 1653 4623 justitiae
1676 4547 1712 4610 et
1731 4544 1900 4608 munditia
1916 4531 1946 4597 ad

312 4638 504 4716 Gregorius,
521 4639 599 4700 sunt
613 4638 704 4700 intus
719 4639 751 4701 et
766 4639 891 4701 exeunt
915 4636 1008 4698 roris.
1028 4639 1107 4699 Mu·
1162 4640 1470 4703 sanctificationem.
1500 4645 1620 4704 Manus
1654 4642 1770 4708 dantis
1799 4637 1946 4706 osculatur

311 4737 375 4822 lier
386 4738 508 4816 rigavit
519 4737 677 4816 lacrymis
692 4736 793 4815 pedes
807 4735 950 4808 Domini,
976 4735 1108 4813 qnando
1162 4735 1218 4812 qui
1240 4736 1374 4814 aliquod
1396 4754 1516 4800 munus
1539 4740 1678 4817 suscipit
1703 4742 1759 4804 rel
1780 4740 1837 4820 qui
1856 4731 1946 4800 ollert

311 4836 525 4912 congregatio
535 4835 684 4914 gentium
694 4836 795 4899 etiam
806 4835 1002 4913 sanguinem
1011 4849 1107 4896 suum
1162 4834 1211 4895 lte
1222 4831 1329 4897 tidelis
1339 4835 1395 4913 qui
1406 4837 1590 4900 sedevovet
1599 4839 1631 4900 et
1644 4840 1821 4918 mancipet
1831 4829 1946 4900 servitio

311 4929 396 4992 indit
410 4948 469 5008 pro
482 4933 624 4995 Christo.
638 4933 757 5011 Capilli
779 4933 898 5010 capitis
913 4931 992 4994 sunt
1012 4932 1108 5010 cogi·
1162 4929 1232 5004 Dei,
1249 4947 1383 4994 manum
1404 4932 1527 4996 dicitur
1546 4935 1704 4998 osculari.
1723 4937 1882 4999 Osculum
1897 4929 1946 4994 orit

310 5029 455 5091 tationes
495 5030 626 5092 mentis.
664 5031 771 5092 Pedes
807 5029 938 5110 capillis
975 5030 1107 5108 tergere
1161 5027 1338 5102 desiderat,
1367 5029 1463 5104 idest,
1491 5031 1600 5110 ipsum
1627 5034 1854 5113 contemplari
1878 5026 1946 5093 desi·

310 5127 362 5191 est
374 5124 571 5190 munditiam
590 5125 833 5188 incarnationis
853 5125 976 5189 Christi
997 5127 1106 5189 mente
1161 5124 1266 5198 derat,
1284 5129 1378 5205 cujus
1397 5127 1605 5193 dulcedinem
1623 5133 1695 5209 jam
1719 5129 1946 5214 aliquantulus

311 5223 469 5302 cogitare.
498 5220 614 5282 Solent
638 5221 727 5282 enim
750 5220 896 5284 tersione
919 5221 1033 5284 sordes
1048 5221 1108 5283 de-
1161 5225 1384 5300 pregustavit,
1403 5226 1460 5288 sed
1482 5228 1741 5307 contemplando
1764 5227 1904 5293 anhelat
1922 5221 1946 5286 at

310 5321 383 5385 leri.
400 5318 555 5382 Osculum
568 5315 759 5394 estsignum
772 5316 971 5381 dilectionis.
986 5317 1106 5380 Mulier
1160 5320 1357 5383 suavitatem
1372 5322 1405 5385 et
1422 5325 1580 5400 gaudium
1599 5327 1756 5390 visionis.
1778 5329 1882 5405 Ungit
1899 5339 1946 5385 un

310 5418 525 5484 osculabatur
553 5414 653 5494 pedes
681 5413 830 5487 Domini,
858 5414 990 5492 quando
1023 5430 1106 5478 con·
1159 5418 1293 5493 guento,
1313 5419 1445 5496 quando
1459 5421 1647 5486 bumilitate
1667 5426 1700 5488 et
1715 5425 1902 5490 devotione
1915 5419 1946 5482 di

310 5517 460 5597 gregatio
487 5515 635 5594 gentium
656 5510 815 5590 diligebat
838 5511 1103 5574 incarnationem
1160 5513 1233 5590 ligii
1253 5516 1385 5578 sanctos
1402 5518 1565 5598 etjustcs,
1591 5521 1664 5602 pios
1678 5523 1712 5586 et
1735 5525 1946 5603 religiosose

311 5615 444 5689 Christi,
455 5631 514 5697 per
524 5611 769 5695 quamliberata
780 5609 1100 5690 estapeccatis.lln-
1159 5610 1311 5676 timentes
1326 5615 1440 5678 Deum.
