4014 6312
81 321 141 382 417
723 323 954 384 EPISTOLAE.
978 324 1058 386 LIB.
1080 327 1103 388 I.
1679 332 1738 392 418

81 475 884 562 turo,persevelproouratorcmidonenmlpos·
937 483 1049 560 prium
1065 483 1227 560 habeatis,
1239 487 1312 552 etsi
1323 487 1549 568 quidhabetis,
1565 490 1601 552 in
1617 490 1740 568 prioris

79 583 185 646 tolico
205 581 397 660 conspectui
421 597 459 644 se
477 585 658 660 presentet
671 582 882 646 exhibiturus
936 582 1039 644 vestri
1055 584 1209 646 manibus
1228 585 1416 663 resignetis.
1433 587 1642 666 litquoniam
1660 605 1741 652 cen-

81 683 117 743 et
129 682 326 758 recepturus
347 696 450 758 super
469 681 522 754 iis,
544 680 629 759 quod
642 682 788 759 postulat
802 682 883 744 ordo
938 696 1017 742 sura
1030 682 1169 755 silentii,
1179 684 1274 761 quasi
1286 686 1436 762 quadam
1448 687 1553 748 clavis
1566 687 1741 750 estobser-

78 781 170 856 juris
185 800 194 840 ε
210 777 362 856 alioquin
382 793 423 840 ne
438 779 631 842 mandatum
656 780 881 858 apostolicum
936 780 1248 858 vantiaeregularis,
1265 783 1478 861 praecipimus
1491 787 1528 848 ut
1549 802 1569 848 a
1587 787 1739 863 comple·
1790 847 1792 856 ,

80 878 206 940 totiens
241 877 385 939 elusisse
409 877 563 941 videatur
596 878 743 956 impune,
774 879 882 956 ipsum
936 877 1022 943 torio
1050 879 1268 956 praecedentis
1294 881 1361 942 diei
1376 898 1483 960 usque
1514 883 1556 944 ad
1590 883 1737 956 missam,

80 978 217 1048 extunc,
233 976 362 1039 sublato
373 976 551 1054 cujuslibet
564 976 835 1040 contradictionis
850 979 883 1040 et
936 991 1010 1053 quae
1039 977 1227 1040 cantabitur
1259 979 1296 1041 in
1325 965 1425 1042 tertia
1455 981 1623 1059 sequentis
1656 981 1738 1049 diei.

80 1074 317 1153 appellationis
340 1074 522 1150 obstaculo,
551 1073 593 1136 ab
608 1074 718 1137 officio
733 1075 766 1138 et
779 1075 883 1137 bene·
936 1074 1106 1136 silentium
1129 1077 1323 1139 continuum
1343 1080 1542 1141 conservent
1556 1079 1588 1142 et
1609 1096 1740 1157 semper

79 1173 160 1234 ficio
183 1174 404 1251 suspendatis
427 1175 498 1236 Dat.
522 1177 701 1250 Anag.V11
721 1174 789 1235 kal.
806 1177 878 1252 jun.
936 1171 971 1232 in
988 1173 1185 1236 dormitorio
1199 1174 1279 1237 etin
1293 1192 1420 1238 mensa.
1432 1176 1739 1240 Aliisautemboris

76 1287 138 1331 an.
154 1273 183 1332 1.

355 1387 616 1476 CCCXXVIII

76 1541 134 1599 Act
151 1542 311 1612 patorem
338 1539 372 1602 et
394 1540 526 1614 patres
550 1540 662 1602 suncti
687 1543 818 1616 decedi
840 1542 881 1600 dc

388 1639 572 1700 discretae.

376 1761 412 1819 td
423 1761 491 1820 meti
508 1761 586 1819 lili.

199 1875 372 1941 [Spidlegium
387 1875 561 1934 hiberionem,
572 1891 598 1942 p.
610 1875 666 1937 727,
677 1891 702 1928 n.
715 1877 767 1942 bb]

76 1985 226 2042 statutum
243 1982 317 2056 quod
329 1982 475 2042 lohannes
489 1983 530 2041 tit.
545 1985 573 2042 S.
587 1983 724 2044 Praxedis
735 1983 882 2058 presbyter

114 2082 187 2131 tunc
209 2074 236 2131 S.
256 2073 352 2132 ituria
373 2074 401 2131 in
414 2074 467 2133 vla
487 2074 543 2131 lata
563 2073 701 2133 dlaconus
715 2073 880 2145 cardinalis,

115 2178 207 2236 super
229 2162 432 2220 reformatione
457 2162 560 2221 domus
583 2178 682 2222 eorum
704 2162 880 2233 condiderat,

116 2267 256 2326 cujusque
264 2259 346 2308 tenor
357 2252 546 2324 presentibus
554 2253 654 2310 litteris
665 2251 817 2313 adnotatus
826 2260 880 2322 est,

116 2340 279 2402 confirmat.

121 2453 291 2513 Honorius
307 2450 481 2528 episcopus
502 2466 619 2513 servus
635 2467 807 2513 servorum
822 2453 882 2512 ilai

75 2549 213 2612 dilectis
225 2549 304 2611 liliis
312 2549 416 2628 priori
428 2550 459 2611 et
467 2547 625 2610 fratribus
634 2548 740 2611 sancti
749 2549 881 2626 Agnelli

75 2646 122 2708 de
137 2647 316 2720 Guarcino,
334 2647 474 2712 salutem
490 2647 523 2710 et
540 2647 764 2725 apostolicam
779 2646 884 2708 hene-

75 2745 273 2808 dictionem.

120 2843 226 2906 susus
250 2843 430 2922 petentium
465 2842 640 2906 desideriis
668 2843 805 2920 dignum
831 2844 882 2905 est

74 2958 142 3004 nos
156 2940 287 3004 facilem
302 2941 451 3020 praebere
466 2957 663 3004 consensum
675 2943 709 3005 et
722 2943 798 3005 vota
807 2958 880 3020 quae

73 3057 97 3102 a
123 3039 265 3102 rationis
290 3039 424 3103 tramite
445 3055 512 3101 non
537 3040 740 3112 discordant,
760 3040 881 3103 effectu

73 3140 314 3217 prosequente,
345 3137 521 3216 complere.
549 3139 742 3216 Eapropter,
767 3137 880 3201 dilecti

73 3239 112 3298 in
124 3235 879 3315 Domiuofilii,vestrisj11stIspostulationibus

74 3337 177 3413 grato
213 3336 449 3398 concurrentes
482 3350 642 3408 assensu,
669 3335 829 3398 statutum
860 3352 880 3397 a

72 3435 176 3496 houae
202 3433 371 3496 memoriae
391 3434 521 3496 Joanne
535 3433 631 3496 titulo
646 3435 770 3497 sanctae
796 3437 882 3512 Ρτει-ι

72 3533 176 3596 xedis
192 3530 396 3610 presbytero,
411 3532 492 3593 tuuc
502 3532 626 3594 sanctas
638 3533 754 3595 Martae
769 3531 804 3595 in
816 3534 879 3595 Via

72 3630 147 3692 lata
164 3629 306 3690 diacono
330 3627 511 3700 cardinale,
530 3644 630 3705 super
644 3629 880 3692 reformatione

71 3729 199 3792 domus
223 3727 344 3788 vestrae
367 3725 546 3798 conditum,
570 3727 656 3789 siout
680 3726 818 3805 provide
840 3743 880 3790 ao

73 3825 211 3888 utiliter
231 3823 354 3886 factum
382 3825 442 3896 est,
472 3823 563 3887 etin
589 3824 781 3886 authentico
801 3825 879 3887 inde

71 3923 232 3987 confecto
266 3923 398 4000 plenius
435 3921 641 3995 continetur,
682 3922 879 3988 auctoritate

71 4021 272 4100 apostolica
285 4021 530 4093 confirmamus,
540 4022 574 4083 et
581 4021 755 4098 praesentis
763 4021 878 4100 scripti

72 4115 269 4196 patrocinio
291 4115 543 4177 communimus.
562 4117 661 4192 cnjus
674 4117 823 4180 tenorem
839 4118 878 4179 de

71 4215 182 4278 verbo
198 4213 389 4276 adverbum
403 4213 622 4291 praesentibus
643 4213 762 4276 litteris
771 4216 880 4292 iussi-

72 4329 154 4375 mus
164 4311 319 4374 adnotari
331 4311 386 4389 qui
401 4313 452 4374 est
466 4311 558 4373 talis:

112 4408 374 4474 venerabilibus
387 4409 537 4473 honestis
552 4409 634 4472 viris
649 4411 753 4487 priori
768 4411 801 4474 et
814 4411 880 4473 ira·

70 4510 187 4572 tribus
212 4509 318 4572 sancti
333 4507 450 4585 angeli
470 4508 511 4570 de
530 4508 697 4570 Guarcino
717 4512 875 4583 loannes,

936 1271 969 1332 et
986 1271 1069 1333 locis
1092 1271 1215 1335 fratres
1237 1290 1303 1336 non
1327 1276 1448 1337 vacent
1463 1274 1597 1348 fabulis,
1614 1276 1671 1338 sed
1685 1277 1740 1337 in-

935 1369 1074 1433 tendant
1106 1371 1194 1434 serio
1221 1373 1270 1434 eis
1301 1373 1487 1452 praesertim
1514 1389 1588 1452 quas
1614 1375 1735 1436 statum

936 1463 1064 1542 domus,
1080 1469 1134 1532 vel
1147 1470 1289 1532 salutem
1303 1471 1516 1548 respexerint
1537 1472 1736 1532 animarum.

937 1566 1017 1626 Item
1038 1567 1227 1640 statuImus,
1245 1571 1282 1632 ut
1296 1568 1448 1632 conversi
1463 1568 1588 1647 absque
1604 1571 1737 1646 urgenti

936 1665 1143 1738 necessitate,
1161 1667 1215 1728 vel
1234 1667 1379 1730 evidenti
1401 1669 1545 1731 utilitate
1565 1668 1736 1739 Ecclesia,

936 1764 994 1825 aut
1017 1763 1153 1841 speciali
1178 1767 1334 1828 mandato
1363 1767 1498 1845 prioris,
1529 1766 1570 1828 ab
1596 1767 1737 1828 eeclesia

936 1861 1736 1942 sanctibucaeiuferiusnondescendantneque...

936 1958 1082 2022 audeant
1108 1975 1148 2022 eo
1173 1960 1228 2023 die
1255 1978 1320 2039 quo
1345 1962 1470 2024 fuerint
1495 1963 1537 2023 ad
1562 1961 1736 2024 ecclesiam

935 2058 1105 2120 reversuri
1119 2075 1128 2132 ;
1153 2074 1215 2122 nec
1235 2059 1318 2122 viris
1337 2060 1555 2122 saecularibus
1569 2075 1667 2138 prece
1683 2063 1738 2122 vel

936 2156 1042 2232 pretio
1057 2171 1176 2234 operas
1191 2173 1270 2218 suas
1283 2157 1403 2231 locent,
1416 2159 1509 2220 salvo
1519 2160 1632 2220 tamen
1641 2175 1739 2219 man-

935 2253 1014 2316 dato
1029 2255 1164 2332 priorIs.
1181 2255 1364 2334 Adjioimus
1377 2257 1476 2319 etiam
1495 2259 1532 2319 ut
1547 2273 1737 2318 mensarum

935 2352 1086 2430 reliquia
1110 2369 1176 2415 uon
1198 2353 1409 2434 applicentur
1428 2355 1542 2416 usibus
1566 2355 1653 2426 aliis,
1677 2355 1734 2416 sed

936 2465 996 2527 per
1019 2467 1104 2522 eum,
1132 2467 1229 2530 quem
1255 2453 1348 2528 prior
1366 2453 1407 2514 ad
1432 2451 1495 2514 hoc
1517 2453 1735 2530 deputaverit.

936 2549 1137 2624 pauperibus
1171 2551 1375 2626 erogentur;
1412 2550 1588 2629 nullusque
1617 2567 1737 2628 panem

935 2645 1106 2708 cambiare
1123 2648 1312 2724 praesumat,
1336 2648 1394 2710 sed
1416 2663 1532 2710 omnes
1554 2650 1622 2711 tam
1638 2665 1735 2726 pane,

934 2759 1034 2822 quam
1066 2745 1142 2808 vino
1171 2745 1204 2806 et
1229 2745 1408 2822 pulmentis
1433 2746 1559 2808 eisdem
1587 2749 1734 2816 utantur,

935 2842 1038 2903 salvis
1073 2843 1326 2905 necessitatibus
1361 2845 1585 2917 infirmorum,
1616 2845 1735 2922 quibus

935 2955 995 3017 per
1008 2941 1130 3018 prioris
1146 2941 1414 3014 sollicitudinem,
1428 2943 1523 3020 juxta
1542 2942 1735 3011 facultatem

935 3037 1080 3112 domus,
1121 3039 1312 3101 necessaria
1349 3041 1502 3103 volumus
1537 3041 1733 3103 ministrari.

935 3136 1131 3198 Mandemus
1160 3137 1324 3210 similiter,
1350 3139 1386 3200 ut
1413 3138 1577 3210 conversi,
1613 3139 1669 3217 qui
1692 3140 1734 3200 ad
1817 3123 1819 3128 ¹

936 3235 1105 3297 exteriora
1127 3237 1251 3298 exeunt
1265 3237 1485 3314 procuranda,
1507 3237 1664 3315 quidquid
1685 3239 1734 3298 eis

934 3331 974 3394 de
985 3333 1115 3410 justitia
1129 3334 1193 3394 sibi
1208 3335 1284 3396 data
1307 3335 1482 3412 supererit,
1495 3335 1536 3397 ad
1561 3335 1734 3397 cellarium

935 3445 1008 3490 oum
1030 3431 1221 3508 integritate
1241 3434 1422 3510 reportent.
1448 3433 1606 3495 Mulieres
1623 3436 1734 3496 autem

934 3529 969 3589 in
984 3529 1125 3590 ecclesia
1140 3530 1246 3592 sancti
1263 3533 1370 3604 Lucae,
1387 3531 1439 3592 vel
1453 3531 1555 3608 septis
1570 3531 1676 3608 ipsius
1692 3531 1733 3592 ad

934 3627 1733 3706 purgandumtritIcumvelhujusmodiobsequia

935 3725 1124 3785 nullatenus
1153 3725 1382 3788 admittantur.
1410 3726 1457 3788 Ad
1483 3727 1556 3788 lraec
1583 3726 1733 3790 districte

933 3823 1094 3895 vetamus,
1108 3837 1150 3884 ne
1164 3839 1246 3901 quos
1261 3822 1434 3885 decaetero
1449 3823 1484 3885 in
1497 3825 1644 3886 vestrum
1658 3841 1735 3887 con·

935 3920 1074 3983 sortIum
1106 3909 1306 3995 admittatis,3
1326 3917 1393 3984 'nisi
1424 3922 1536 3985 statim
1569 3922 1730 3993 habitum,

934 4019 1049 4081 saltem
1074 4019 1275 4082 novitiorum
1304 4019 1461 4084 duxerint
1485 4022 1730 4083 assumendum.

934 4117 995 4190 Qui
1014 4105 1044 4178 si
1065 4118 1140 4195 post
1159 4119 1289 4196 tempus
1310 4118 1516 4197 probationis
1542 4119 1733 4183 distulerint

933 4215 1172 4293 professionem
1217 4217 1327 4279 facere
1370 4219 1569 4294 regularem,
1600 4219 1731 4295 penitus

933 4313 1153 4392 expellantur.
1176 4316 1337 4378 Caeterum
1358 4315 1399 4376 ab
1424 4315 1631 4393 impetitione
1655 4317 1734 4378 illo-

933 4429 1017 4485 rum,
1036 4413 1093 4490 qni
1109 4411 1207 4474 aliter
1221 4413 1344 4476 fnerlnt
1357 4415 1492 4492 recepti,
1508 4415 1572 4475 nisi
1586 4414 1626 4475 ad
1644 4431 1732 4491 pree-

933 4511 1035 4572 fixum
1050 4511 1227 4574 terminum
1244 4511 1307 4573 sibl
1320 4511 1508 4590 receperint
1521 4511 1682 4585 habitum,
1698 4515 1732 4574 et

69 4608 135 4670 Dei
148 4607 259 4684 gratia
269 4608 393 4670 sanctae
401 4606 560 4669 Mariaein
569 4606 631 4668 Via
639 4605 707 4669 lata
718 4606 878 4670 diaconus
933 4610 1124 4672 curaverint
1149 4611 1310 4687 profiteri,
1329 4609 1505 4671 ecelesiam
1517 4611 1661 4671 vestram
1678 4610 1732 4670 de-

69 4705 272 4777 cardinalis,
302 4705 336 4766 iu
370 4720 452 4767 vero
480 4705 621 4768 salutari
647 4705 800 4768 salutem.
828 4707 877 4769 Ad
932 4708 1099 4770 cernimus
1125 4707 1320 4780 absolutam,
1350 4706 1467 4784 quibus
1493 4707 1605 4779 etiam,
1635 4708 1731 4769 ante-

70 4803 341 4868 ecclesiasticam
363 4801 621 4866 sollicitudinem
644 4803 788 4881 pertinet
801 4821 879 4883 per-
932 4823 1029 4885 quam
1045 4805 1208 4884 recipiant
1227 4804 1386 4878 habitum,
1405 4821 1446 4866 ne
1470 4804 1548 4882 qiud
1569 4804 1609 4866 de
1633 4804 1730 4867 domo

69 4919 237 4966 sonarum
261 4902 413 4980 plantare
430 4899 576 4964 saluhrIa
600 4901 634 4964 et
653 4901 755 4966 noxia
772 4903 879 4966 extir-
933 4903 1027 4983 quasi
1043 4903 1190 4965 habitum
1205 4903 1351 4979 exigant,
1369 4902 1601 4980 prohibemus3
1619 4903 1729 4966 inter-

69 5018 170 5079 pare,
194 5001 229 5063 ut
249 5017 331 5078 ager
353 5000 539 5064 domInieus
564 5001 656 5064 tanto
685 5001 820 5065 uberius
842 5003 878 5064 in
932 5002 1078 5064 diceutes
1089 5001 1253 5074 similiter,
1269 5016 1310 5063 ne
1323 4999 1444 5064 fratres
1466 5001 1545 5064 laici
1560 5001 1601 5064 ad
1615 5001 1729 5064 domos

69 5115 223 5162 messem
238 5099 443 5162 fructiferam
452 5099 625 5178 germinet,
642 5102 764 5177 quanto
780 5101 878 5163 aste-
932 5115 1083 5171 suorum,
1119 5099 1192 5161 siue
1220 5099 1341 5177 prioris
1372 5099 1526 5172 licentia,
1561 5099 1730 5162 declinare

67 5197 198 5262 ritibus
224 5195 400 5261 fruticibus
423 5197 618 5276 profundius
642 5197 744 5261 fuerit
768 5199 876 5261 extir-
932 5198 1143 5274 praesumant,
1159 5197 1260 5260 etiarn
1278 5195 1407 5259 eumad
1424 5198 1591 5260 exteriora
1607 5199 1730 5260 exeunt

67 5299 186 5376 patus.
201 5295 250 5358 Ad
265 5295 505 5358 correctionem
516 5295 618 5372 igitur
627 5297 744 5358 domus
756 5298 876 5359 vestrae
933 5295 1164 5374 procuranda,
1203 5295 1255 5357 vel
1291 5295 1435 5358 adierint
1480 5313 1540 5374 pro
1573 5295 1729 5358 Ecclesiae

68 5413 88 5457 a
106 5393 253 5457 Domino
273 5395 387 5456 nostro
404 5409 531 5456 summo
546 5395 707 5457 Pontiflce
721 5395 875 5472 delegati,
933 5395 1129 5455 necessitate
1142 5393 1356 5454 Guarcinum.
1381 5393 1473 5454 Nulli
1492 5409 1571 5470 ergo
1593 5393 1728 5454 omnino

69 5494 114 5556 de
131 5491 275 5554 consilio
288 5491 491 5555 venerabilis
505 5493 610 5570 patris
624 5492 754 5556 abbatis
770 5495 876 5556 sancti
932 5491 1103 5580 hominum
1118 5491 1217 5553 liceat
1228 5491 1314 5553 hanc
1330 5492 1484 5569 paginam
1500 5493 1622 5553 nostrae
1645 5507 1729 5553 con-

68 5590 226 5662 Mathaei,
252 5590 293 5653 de
308 5590 415 5652 servis
435 5591 505 5663 Dei,
529 5606 594 5668 qua
608 5591 779 5669 fungimur
791 5609 878 5655 auo·
931 5589 1128 5653 firmationis
1141 5589 1325 5666 infringere
1340 5589 1393 5649 vel
1409 5588 1442 5649 ei
1456 5604 1540 5650 ausu
1549 5589 1728 5652 temerario

68 5689 224 5759 toritate,
242 5687 429 5760 statuimus,
451 5687 487 5753 ut
501 5687 776 5752 decaeterouiliil
795 5707 876 5767 pro·
933 5689 1110 5758 contraire.
1146 5689 1181 5750 Si
1219 5689 1293 5766 quis
1325 5689 1434 5749 autem
1472 5687 1534 5748 hoc
1566 5687 1730 5750 attentare

223 5815 335 5860 ramos.
356 5815 431 5864 rous
450 5803 488 5862 ll.
694 5819 695 5824 ¹
1555 5799 1589 5856 lt
