3984 6306
274 311 334 374 348
732 307 908 370 HONORII
929 304 975 368 111
996 307 1145 370 OPERA.
1160 337 1202 354 -
1216 306 1448 372 snallollns.
1834 320 1878 382 344

274 467 369 533 vobis
384 467 506 531 dictum
525 467 576 530 est
590 483 599 523 ε
615 485 634 528 ιι
651 468 760 530 taxas
775 481 893 530 manus
914 467 947 530 et
961 466 1071 530 disso-
1164 467 1348 545 sequamur
1368 467 1471 544 igitur
1485 482 1578 544 eum3
1600 468 1635 530 ut
1653 470 1777 548 quaudo
1796 475 1879 538 male·
1954 499 1955 564 3

274 567 383 629 «luta
398 582 506 643 genua
527 565 657 642 erigite,
678 566 712 629 et
729 581 865 643 gressus
886 565 994 628 rectos
1018 567 1070 627 la·
1123 565 1275 638 dicimur,
1290 582 1355 629 non
1377 565 1625 634 maledicamus,
1647 567 1703 628 sed
1730 570 1880 646 potiusne
1954 571 1955 652 ᾖ

276 682 295 726 ιι
317 666 381 748 cite
405 663 541 741 pedibus
557 663 686 728 vestris.
710 680 729 724 a
749 663 880 725 bebetis
902 663 990 724 enim
1008 678 1068 724 vos
1123 662 1325 732 nedicamus,
1337 665 1371 726 et
1381 663 1409 724 si
1424 662 1734 740 patimur-aliquota
1748 669 1878 742 proximo,
1954 665 1955 726 f

277 761 440 823 firmiores
466 760 710 822 imbecillitates
733 759 941 821 intirmorum
964 759 1068 822 susti·
1121 777 1188 822 non
1209 761 1458 844 comminemur,
1482 760 1538 822 sed
1563 761 1726 838 patienter
1743 764 1880 826 sustinea—
1955 750 1956 767 ²

274 874 365 931 nere,
382 859 415 919 et
429 874 495 919 non
513 857 757 934 vobismetipsis
772 857 915 933 placere,
932 858 978 928 ut,
993 874 1068 919 cum
1122 875 1207 920 mus.
1234 858 1327 920 Unde
1349 858 1553 934 Gregorius:
1576 875 1595 919 c
1615 859 1697 930 Quid
1720 859 1807 922 bomo
1830 865 1881 940 pati

273 955 462 1017 infirmatur
476 955 597 1033 aliquis
613 954 647 1016 in
662 955 767 1028 vobis,
788 956 866 1016 tnnc
878 956 994 1032 potens
1011 954 1069 1016 fiat
1123 971 1182 1032 pro
1200 955 1356 1028 sedebat,
1374 956 1403 1016 si
1416 956 1509 1018 tanta
1532 972 1592 1034 pro
1607 956 1755 1018 omnibus
1776 961 1882 1035 pertulit

272 1069 333 1131 per
344 1070 414 1126 voa,
430 1056 464 1115 et
477 1053 614 1115 alterius
626 1069 728 1116 onera
743 1054 851 1130 portet
862 1055 895 1115 et
905 1053 953 1114 sic
967 1053 1069 1114 adim·
1123 1055 1222 1126 Deus,
1246 1053 1324 1131 quia
1354 1053 1425 1131 ipse
1457 1054 1602 1131 portarit
1633 1055 1764 1131 peccata
1793 1059 1882 1119 nostra

273 1149 365 1226 pleat
378 1148 484 1224 legem
499 1148 632 1210 Christi.
651 1150 718 1210 Has
733 1163 812 1210 oves
826 1148 962 1226 pascite,
975 1165 995 1210 o
1009 1164 1068 1211 ros
1122 1167 1224 1229 super
1238 1151 1374 1228 lignum.
1391 1151 1515 1214 »Unde
1528 1151 1632 1212 isaias
1645 1168 1653 1212 :
1674 1155 1756 1214 Vere
1768 1157 1883 1230 lancar-

275 1247 429 1323 pastores
443 1246 565 1318 ovium,
583 1245 660 1324 quia
676 1246 709 1308 et
725 1246 851 1324 pastori
866 1246 978 1308 ovium
997 1244 1070 1307 dic-
1122 1263 1180 1310 res
1205 1251 1343 1311 nostros
1363 1251 1437 1324 ipae
1462 1249 1550 1323 tulit,
1566 1250 1600 1310 et
1620 1251 1750 1312 dolores
1773 1251 1882 1312 amabor

272 1344 344 1406 tum
358 1344 409 1405 est
422 1365 430 1403 ε
445 1349 555 1408 Pasce
571 1357 651 1405 oves
662 1359 768 1406 occas.
782 1343 844 1416 Qui
858 1343 946 1406 enirn
956 1345 1069 1420 pastor
1122 1350 1195 1420 ipsc
1215 1347 1371 1420 portavit
1387 1344 1455 1425 (Ps.
1479 1361 1550 1418 arn,
1571 1344 1618 1425 4).
1639 1347 1782 1408 Por-tavit
1799 1349 1883 1408 auten

272 1441 325 1503 est
338 1441 460 1514 ovium,
477 1441 629 1519 proprias
644 1457 723 1506 oves
745 1443 842 1504 vocat
860 1441 1067 1510 nominatim,
1122 1459 1188 1504 non
1202 1445 1237 1505 ut
1248 1442 1320 1520 ipsc
1333 1442 1480 1516 baberet,
1497 1443 1555 1528 sed
1565 1444 1601 1505 ut
1614 1459 1636 1504 a
1650 1443 1743 1505 nobis
1757 1443 1882 1506 auferret.

273 1539 306 1600 et
331 1538 441 1600 educit
460 1555 517 1600 eas
536 1539 572 1600 in
595 1539 668 1601 loco
687 1555 831 1616 pascuae,
853 1554 994 1616 pascens
1009 1553 1067 1600 aas
1121 1541 1171 1601 Ad
1185 1540 1564 1617 sequendumcbristum
1578 1541 1690 1604 monet
1702 1557 1760 1602 nos
1773 1542 1885 1618 Aposto-

272 1635 308 1696 in
322 1636 434 1697 herbis
446 1635 643 1710 virentibus,
657 1637 713 1715 qui
724 1637 822 1699 etiam
838 1636 943 1699 bonus
953 1638 1069 1714 pastor
1122 1638 1175 1699 lus
1197 1637 1330 1700 dicens:
1346 1639 1547 1700 imitatores
1567 1643 1638 1700 naal
1658 1639 1761 1701 estote
1776 1639 1850 1700 sicia
1860 1638 1884 1698 et

274 1732 331 1794 dat
352 1734 496 1795 animam
514 1750 608 1795 suam
624 1750 683 1810 pro
696 1734 812 1796 ovibus
828 1734 910 1806 suis,
928 1733 1068 1806 neforto
1122 1750 1184 1812 ego
1199 1736 1326 1798 Clartstt
1348 1732 1377 1813 (l
1388 1737 1461 1796 Cor.
1476 1751 1523 1807 ιι,
1542 1733 1587 1814 1).
1599 1735 1721 1796 beliac
1733 1735 1884 1796 imitatione

271 1829 508 1894 vobisdicatur
520 1853 526 1892 :
539 1832 1069 1906 Loccomedabotisetlantaopa·
1121 1831 1362 1909 Apocalypsis:
1382 1833 1572 1894 accretalis
1597 1835 1658 1907 quc
1675 1833 1754 1894 sunt
1771 1836 1805 1892 lo
1823 1835 1884 1892 aab

271 1931 466 2001 elebamini,
480 1943 622 2006 gregem
634 1931 751 1991 autem
761 1932 901 1992 Domini
915 1944 984 1991 noa
991 1944 1069 2005 pas·
1121 1931 1314 2003 sequantur
1328 1933 1422 1992 illum
1443 1933 1481 1990 in
1502 1933 1597 2004 cauta
1610 1933 1696 1992 allata
1710 1929 1814 2009 (Apoc.
1830 1943 1883 1998 ιιι,

273 2026 399 2087 cacalis
408 2025 540 2104 (Erech.
548 2043 664 2101 xxxia,
674 2025 720 2106 3).
734 2027 798 2088 Sed
808 2028 975 2104 tamquam
986 2043 1069 2090 mer·
1123 2025 1186 2106 ll).
1203 2028 1389 2100 Exercitus
1404 2027 1555 2104 quisunt
1570 2027 1610 2088 in·
1628 2026 1723 2100 coelo,
1739 2026 1808 2088 sunt
1825 2023 1884 2085 boni
1955 2070 1956 2105 ζ

273 2123 427 2184 cenarius
451 2125 484 2186 et
504 2125 642 2201 quinon
667 2127 718 2186 est
735 2125 849 2202 pastor
873 2127 986 2201 lupum
1008 2141 1069 2186 ve-
1121 2125 1187 2186 viri
1202 2125 1338 2202 etjusti,
1355 2125 1415 2202 qui
1427 2124 1502 2186 ideo
1516 2124 1754 2186 dicunturesse
1768 2122 1885 2192 incoelo,
1955 2124 1956 2197 ,

272 2220 420 2282 nientem
432 2221 523 2283 videt
536 2222 568 2283 at
580 2222 715 2288 dimittit
729 2238 809 2284 oves
824 2223 857 2284 et
871 2222 967 2298 sugit.
1123 2222 1200 2300 quia
1226 2221 1298 2282 sola
1319 2221 1467 2284 coelestia
1491 2221 1650 2298 diligunt,
1673 2221 1742 2283 sola
1768 2219 1885 2282 coelestia

312 2317 365 2380 Illi
382 2318 465 2381 bene
479 2321 617 2382 veniunt
630 2319 686 2397 qui
708 2323 892 2398 sequuntur
906 2322 1021 2392 Deum,
1036 2321 1070 2383 et
1122 2321 1285 2397 quaerunt.
1316 2319 1361 2380 Hi
1384 2319 1551 2380 exercitus
1579 2319 1762 2396 sequuntur
1785 2319 1882 2386 iesum,
1955 2320 1956 2361 ῑ

271 2417 495 2492 assequuntur
515 2417 697 2480 secundum
711 2419 902 2495 exemplum
915 2418 1067 2494 magistri
1122 2417 1253 2494 quando
1267 2418 1505 2496 expugnantia
1520 2433 1555 2479 se
1569 2417 1653 2480 vitia
1666 2432 1724 2494 per
1737 2414 1886 2478 correctio-
1955 2430 1956 2477 ι

272 2513 326 2574 sui
351 2514 443 2576 Petri
469 2515 610 2576 dicentis
633 2533 676 2576 :c
700 2516 851 2577 Christus
875 2531 993 2593 passus
1019 2516 1068 2578 cst
1122 2531 1208 2587 nem,
1237 2516 1272 2577 in
1298 2516 1458 2593 proximis
1487 2531 1546 2593 per
1569 2515 1826 2586 admonitionem.
1843 2511 1885 2572 lsti

274 2626 293 2670 c
316 2625 375 2687 pro
395 2610 501 2683 nobis,
526 2610 622 2674 vobis
648 2612 839 2689 relinquens
866 2612 1066 2689 exemplum,
1122 2613 1289 2675 exercitus
1308 2613 1433 2676 suntin
1449 2613 1544 2690 equis
1562 2613 1666 2686 albis,
1679 2613 1770 2681 idest,
1783 2612 1885 2672 incor-
1954 2633 1955 2638 ¹

273 2724 292 2766 ιι
314 2708 369 2785 qui
380 2710 550 2784 peccatum
559 2724 625 2770 non
637 2708 724 2778 iecit,
736 2709 903 2772 nacdolus
913 2710 1068 2771 inventus
1122 2711 1258 2787 poribus
1277 2711 1389 2772 castis.
1415 2712 1559 2788 Corpora
1577 2710 1744 2773 bonorum
1759 2707 1887 2770 dicuntur

272 2805 420 2866 «estin
447 2821 504 2866 ore
528 2809 611 2882 ejus,
635 2807 690 2884 qui
717 2822 791 2866 cum
815 2806 1069 2868 malediceretur
1123 2809 1210 2884 equi,
1229 2809 1318 2885 quia,
1335 2808 1422 2870 sicut
1435 2808 1624 2884 diriguntur
1643 2823 1705 2886 per
1714 2805 1885 2871 voluntatem
1955 2872 1956 2875 Ἴ

275 2917 382 2963 ‹non
410 2902 676 2976 remaledicebat,
704 2919 779 2964 cum
805 2904 974 2981 pateretur
1000 2920 1067 2966 non
1122 2905 1253 2984 equitis,
1271 2906 1318 2968 ita
1335 2907 1502 2983 justorum
1523 2921 1665 2982 corpora
1686 2905 1833 2982 reguntur
1845 2915 1886 2960 se·

274 3016 293 3058 ιι
316 2999 588 3063 comminabatur.
605 3015 624 3060 a
639 2999 668 3076 (I
680 3003 750 3062 Pet.
766 3017 803 3074 rr,
817 3003 857 3064 23
870 3002 902 3064 at
916 2999 1014 3081 serp).
1031 3004 1068 3064 ln
1123 3003 1476 3066 cundumvoluntatem
1489 3004 1636 3080 spiritus.
1649 3003 1707 3066 Isti
1717 2996 1886 3080 eqrudebent

273 3097 337 3158 boc
350 3097 415 3158 tria
431 3112 553 3173 genera
569 3100 779 3175 peccatorum
799 3099 1016 3175 designantur
1036 3100 1069 3161 et
1124 3115 1199 3162 esse
1223 3100 1301 3173 albi,
1329 3101 1426 3174 idest,
1447 3116 1586 3178 corpora
1605 3101 1705 3165 casta
1724 3101 1756 3161 et
1779 3094 1886 3164 munda,
1955 3168 1956 3183 2

276 3210 296 3256 a
312 3194 443 3256 Christo
463 3196 694 3272 removentur;
720 3198 892 3273 peccatum
913 3196 1069 3259 videlicet
1123 3196 1209 3274 quod
1233 3197 1263 3258 si
1281 3213 1347 3260 non
1362 3197 1495 3272 luerint,
1510 3197 1627 3261 mnndi
1647 3213 1796 3260 essenon
1813 3193 1887 3272 pote·
1954 3251 1955 3260 ,

277 3291 499 3368 cogitationis,
516 3309 590 3354 cum
604 3293 742 3357 dicitur:
756 3297 860 3355 Dolus
872 3309 940 3355 oon
955 3295 1007 3356 cst
1019 3297 1069 3356 tn·
1123 3295 1214 3356 runt.

272 3389 398 3452 centias
410 3393 447 3452 in
461 3405 522 3452 ore
534 3394 619 3463 ejus.
633 3391 734 3452 Dolus
753 3405 895 3468 namque
912 3407 955 3453 ex
969 3391 1068 3454 corde
1163 3392 1243 3453 item
1260 3407 1268 3454 :
1283 3394 1347 3460 Qui
1365 3393 1437 3455 malt
1457 3394 1578 3454 ventre
1594 3392 1674 3466 post
1695 3405 1760 3462 me,
1774 3383 1888 3461 cormaci
1954 3359 1955 3434 Ῐ

275 3489 445 3565 peccatum
461 3489 511 3550 est
525 3489 711 3562 locutionis,
726 3505 800 3551 cum
825 3489 967 3552 dicitur:
984 3491 1069 3552 Cum
1122 3490 1356 3565 cancellorum,
1373 3491 1408 3552 et
1426 3490 1519 3552 tollat
1539 3504 1678 3552 crucam
1693 3503 1790 3551 suom
1803 3484 1831 3546 ci
1845 3495 1887 3543 sc·
1954 3487 1955 3490 ’

272 3587 546 3658 amtedtceratur,
570 3601 639 3648 aon
652 3588 922 3651 remaledicebat.
946 3591 1070 3662 Pecca·
1122 3588 1317 3660 ouoturme
1332 3586 1463 3666 (Mattb.
1480 3585 1625 3666 nr1,2l).
1645 3587 1707 3661 Qui
1721 3579 1889 3647 vultronira

272 3684 342 3744 tum
358 3683 560 3761 operationis
573 3700 647 3746 cum
667 3683 798 3759 dicitur,
815 3689 873 3760 qai
889 3686 1069 3762 peccatam
1123 3684 1196 3761 post
1215 3699 1280 3756 me,
1302 3699 1362 3760 per
1383 3699 1447 3756 me,
1463 3684 1497 3746 et
1518 3684 1560 3745 ad
1581 3699 1645 3756 me,
1669 3683 1742 3761 post
1763 3695 1810 3744 me
1830 3675 1888 3754 quil

272 3795 341 3842 noo
354 3782 445 3855 fecit.
1121 3781 1245 3842 veritas
1269 3798 1355 3852 sum,
1375 3797 1433 3858 por
1454 3797 1506 3842 me
1525 3781 1603 3859 quia
1617 3782 1673 3844 via
1697 3795 1780 3851 sum,
1792 3777 1828 3838 ad
1850 3786 1888 3834 rna

312 3879 352 3940 Et
373 3878 445 3941 baec
466 3881 543 3943 sunt
568 3881 635 3942 tria
662 3881 867 3946 universalia
890 3882 925 3942 in
950 3881 1068 3958 quibus
1123 3877 1277 3955 quiavita
1294 3895 1377 3950 sum,
1394 3877 1535 3954 abneget
1548 3879 1759 3956 semetipsum
1775 3867 1890 3936 attollat

276 3975 420 4038 omnium
455 3979 664 4054 peccatorum
696 3994 819 4055 genera
850 3979 1070 4055 comprehen—
1122 3991 1253 4037 crucem
1273 3977 1413 4038 suamet
1436 3979 1594 4054 sequatur
1608 3992 1672 4039 me.
1687 3976 1761 4038 Trta
1776 3963 1888 4050 possunt

273 4072 420 4133 duntur:
446 4076 616 4150 peccatum
636 4074 764 4137 scilicet
778 4076 1000 4152 cogitationis,
1018 4075 1070 4136 lo·
1123 4073 1244 4134 Christi
1257 4073 1326 4134 -Dei
1347 4073 1453 4136 virtus
1473 4075 1506 4135 et
1526 4075 1586 4135 Dei
1612 4060 1886 4151 sapientia,magni

274 4169 417 4231 cutionis
432 4172 465 4232 et
477 4173 691 4248 operationis.
705 4176 751 4234 De
771 4174 877 4250 primo
897 4173 1018 4234 dicitur
1032 4172 1068 4234 in
1122 4171 1254 4235 consilii
1277 4171 1416 4248 angelus
1431 4172 1552 4234 animm
1569 4170 1727 4234 rationali
1741 4169 1839 4230 iacere
1853 4158 1885 4221 ad

275 4269 385 4330 isaia:
409 4271 555 4343 Auferte
577 4276 707 4332 mum
720 4272 966 4347 capitationem
986 4285 1067 4332 oes—
1122 4268 1302 4344 imaginem
1326 4268 1516 4341 Trinitatis,
1542 4269 1686 4341 scilicet,
1709 4263 1885 4330 servitutem

275 4367 414 4428 irarum
424 4370 579 4429 abactam
590 4370 677 4428 occis
688 4363 744 4445 (ls.
759 4364 1067 4444 1,16).Desecundo
1122 4364 1283 4428 vilitatem
1298 4367 1565 4444 etasperitatem.
1578 4370 1615 4427 ln
1630 4363 1839 4442 abnegatione
1849 4352 1888 4414 sui

275 4464 310 4526 in
322 4463 1069 4541 psalmo:ommmocawieoacucaaetame
1122 4463 1276 4535 servitus,
1307 4463 1341 4524 in
1367 4463 1564 4526 toleratione
1590 4465 1702 4525 crucis
1724 4460 1839 4526 vuius,
1861 4451 1887 4512 1¹1

272 4563 425 4623 ritudtne
438 4567 576 4636 panum
590 4564 641 4624 est
652 4560 723 4641 (Ps.
739 4562 787 4634 13,
803 4558 850 4640 3).
861 4563 908 4623 Da
918 4562 982 4624 tert
997 4578 1017 4622 o
1033 4563 1068 4622 in
1123 4559 1307 4622 imitatione
1326 4560 1448 4622 Christi
1470 4561 1632 4638 asperitas
1654 4556 1844 4635 designatur,
1863 4545 1890 4606 ui

274 4660 449 4722 Salomone
464 4677 471 4716 τ
487 4660 669 4724 Laetantur
682 4675 761 4720 cum
775 4660 1020 4732 malefecerint,
1034 4659 1068 4720 ct
1123 4673 1195 4734 quae
1212 4673 1272 4734 per
1285 4657 1543 4720 inobedientiam
1557 4658 1596 4719 de
1609 4659 1697 4721 statu
1708 4660 1837 4718 terrenae
1848 4645 1889 4708 le-

273 4759 432 4820 cautant
454 4762 493 4819 tn
515 4761 618 4820 rebus
629 4760 792 4832 pessimis
814 4755 926 4834 (Pron.
946 4771 983 4828 rr,
1001 4745 1066 4834 ld).
1122 4755 1258 4816 licitatis
1274 4755 1440 4817 ceciderat
1459 4755 1634 4818 humiliata
1655 4753 1821 4816 affectione
1833 4746 1889 4807 ter-

274 4856 394 4916 Gontra
416 4856 586 4931 paccatum
609 4853 728 4926 cordis,
754 4854 863 4916 cordis
889 4854 1065 4928 contriti03
1121 4867 1212 4914 renae
1243 4853 1387 4915 miserim
1416 4870 1475 4931 per
1503 4853 1723 4916 obedientiam
1749 4838 1887 4918 resurltl·

272 4952 387 5014 contra
403 4952 573 5028 peccatum
585 4951 664 5023 oris,
680 4951 748 5012 oris
761 4951 941 5026 consessio;
952 4951 1067 5012 contra
1122 4950 1247 5012 Cecidit
1265 4951 1353 5012 enim
1368 4967 1389 5012 a
1407 4967 1444 5014 se
1459 4952 1542 5028 ipsa,
1559 4967 1579 5012 a
1597 4951 1753 5014 societate
1772 4939 1888 5018 anilem·

272 5049 443 5126 peccatum
463 5047 585 5124 operis,
603 5049 713 5126 operis
735 5048 928 5110 satisfactio.
952 5050 1068 5120 Quan-
1121 5064 1209 5120 rum,
1232 5048 1396 5111 aristone
1411 5049 1519 5122 beta
1543 5048 1705 5120 libertate,
1729 5062 1747 5107 a
1767 5035 1889 5104 beatitu-

274 5163 372 5225 quam
390 5147 424 5209 et
441 5145 476 5208 in
492 5144 637 5222 quolibet
655 5147 787 5208 mortali
802 5147 874 5208 haec
888 5145 952 5207 tria
968 5146 1067 5208 simul
1122 5146 1209 5208 dine.
1223 5146 1345 5207 Audiat
1368 5162 1448 5223 ergo
1463 5146 1649 5218 consilium,
1666 5148 1702 5207 ut
1717 5129 1887 5213 abnegando
1956 5171 1957 5194 ι

275 5245 344 5306 sint
355 5243 556 5305 necessaria.
572 5245 688 5321 Neque
702 5243 790 5306 enim
804 5243 927 5305 suflicit
941 5243 1068 5305 homini
1122 5244 1267 5320 seipsum
1282 5243 1392 5312 homo,
1404 5243 1499 5315 idest,
1516 5243 1683 5320 propriam
1697 5232 1887 5302 voluntatem.

273 5341 574 5419 quantumcumque
596 5340 708 5403 dolere
723 5341 764 5403 de
781 5343 927 5418 peccato,
942 5341 971 5401 si
986 5341 1067 5402 illud
1122 5341 1173 5402 sui
1195 5339 1380 5402 libertatem
1406 5343 1590 5416 recuperet,
1612 5337 1753 5402 tollendo
1774 5335 1887 5394 crucem
1956 5349 1957 5392 ι

273 5438 347 5516 quis
358 5437 528 5499 erubuerit
541 5437 701 5500 confiteri.
716 5439 785 5500 Nec
796 5437 896 5511 etiam
912 5438 1067 5499 contritio
1122 5453 1226 5510 suam,
1243 5437 1338 5507 idest,
1353 5453 1486 5500 carnem
1501 5453 1576 5498 curn
1591 5437 1680 5498 vitiis
1694 5435 1726 5497 et
1738 5420 1889 5499 concupis·

274 5535 307 5598 et
319 5534 483 5598 consessio
495 5535 674 5609 sufiiciunt,
688 5535 716 5596 si
728 5535 962 5613 contempserit
974 5536 1069 5596 satis·
1121 5535 1239 5598 centiis
1253 5535 1491 5611 crucifigendo,
1504 5549 1563 5612 per
1572 5529 1776 5598 continentia
1787 5525 1888 5585 bonum

272 5633 383 5696 iacere
401 5633 609 5712 bomojuxta
626 5633 800 5698 arbitrium
818 5633 986 5696 Ecclesiae
1121 5634 1295 5710 recuperet
1315 5632 1506 5696 societatem
1526 5633 1727 5712 angelorum,
1745 5611 1898 5702 sequendo¹
1956 5625 1957 5676 ι
