4080 6316
307 273 368 332 799
926 263 1100 326 HONOItlI
1125 263 1167 326 111
1191 266 1338 326 OPERA.
1906 269 1959 326 80ῐὶ

307 431 470 496 ricensem
495 426 797 505 archiepiscopum,
822 439 920 504 quem
946 425 1106 491 Dominus
1161 425 1295 502 guinem
1320 424 1443 488 Gbristi
1467 439 1614 498 sumens,
1635 425 1670 488 in
1690 424 1890 489 scandalum
1905 443 1961 504 po-

308 530 419 601 ciaris,
436 526 627 604 sicntplene
641 524 801 597 constitit,
813 523 985 586 miraculis
1005 523 1106 586 illus·
1162 523 1315 600 pulcrum
1330 522 1430 602 pedes
1451 523 1512 586 tibi
1530 523 1658 586 iaciens
1681 525 1843 586 oecrrlari.
1863 527 1964 596 Quas-

308 629 410 692 travit
428 625 616 686 sanctorum
643 623 794 699 catalogo
818 620 1105 701 adsumpserimus,
1162 619 1237 681 dam
1253 636 1382 698 qnoque
1397 622 1580 684 sententias
1593 637 1653 700 pro
1668 622 1811 698 praelatu
1824 624 1877 692 B„
1889 638 1964 684 auc-

310 740 481 788 monemus
495 721 747 785 universitatem
757 720 902 783 vestram
917 720 953 782 in
968 721 1107 782 Domino
1162 717 1295 781 toritate
1315 719 1623 798 sedisapostolicae
1638 721 1884 798 promulgatas.
1910 736 1962 797 pm

308 824 532 893 etbcrtamur,
549 822 712 898 quatenus
728 821 801 896 eJus
822 817 909 897 apud
925 821 1025 880 Deum
1042 835 1106 896 pa·
1162 817 1228 878 tuae
1249 816 1430 881 voluntatis
1453 818 1593 882 arbitrio
1616 820 1792 892 nuntiasti,
1816 818 1962 880 eumdem

307 921 450 984 trocinia
464 919 591 982 devotis
612 917 775 980 mentibus
791 917 985 995 imploretis.
1002 917 1106 988 Quum
1162 917 1198 977 B.
1213 914 1286 976 sine
1296 931 1400 980 causa
1411 917 1603 980 rationabili
1613 917 1925 987 excommunicans,
1935 921 1963 978 et

308 1021 420 1082 autem
436 1021 508 1095 ejus
521 1015 713 1079 venerabile
728 1031 849 1094 corpus
862 1015 906 1078 sit
918 1015 959 1078 de
971 1015 1056 1083 loco,
1073 1016 1107 1076 in
1163 1015 1234 1076 suis
1262 1013 1410 1090 spolians
1434 1015 1627 1086 beneflciis,
1659 1031 1700 1077 ac
1725 1015 1847 1077 eadem
1873 1014 1963 1076 alteri

308 1133 373 1196 quo
399 1117 461 1188 est,
489 1115 530 1176 ad
557 1114 660 1176 alium
681 1112 965 1186 transferendum,
987 1129 1048 1178 nos
1066 1113 1107 1176 de
1163 1112 1338 1176 conterens
1354 1112 1390 1174 iu
1405 1114 1510 1190 ipsius
1525 1115 1558 1176 et
1570 1113 1700 1192 praeiati
1715 1113 1872 1190 episcopi
1885 1129 1963 1189 pre-

307 1215 480 1278 beatorum
503 1213 593 1276 Petri
609 1213 642 1274 et
665 1211 774 1283 Pauli,
796 1212 830 1274 et
844 1211 950 1288 ipsius
971 1210 1108 1288 gloriosi
1159 1210 1324 1288 judicium
1349 1211 1383 1274 et
1404 1226 1596 1289 gravamen,
1620 1212 1822 1290 exponendo
1845 1211 1963 1272 nibilo-

308 1311 509 1375 conlessoris
538 1309 665 1372 meritis
698 1307 912 1382 confidentes,
942 1309 1107 1372 universis
1163 1309 1274 1371 minus
1294 1308 1382 1372 bona
1405 1309 1553 1387 ejusdem
1574 1311 1610 1371 B.
1627 1311 1663 1371 iu
1687 1309 1914 1387 direptionem
1936 1311 1964 1369 et

308 1410 365 1488 qui
381 1409 421 1471 ad
436 1407 676 1470 solemnitatem
689 1409 761 1484 ejus
771 1406 844 1484 ipso
857 1405 910 1468 die
921 1423 985 1486 quo
997 1407 1109 1469 trans-
1163 1408 1308 1485 praedam
1319 1407 1462 1486 principi
1472 1409 1638 1470 saeculari.
1651 1411 1758 1470 Porro
1772 1407 1905 1468 familia
1914 1408 1963 1468 tua

308 1507 444 1574 leretur,
460 1505 514 1567 vel
529 1504 628 1566 etiam
648 1503 736 1565 intra
750 1506 885 1566 octavas
908 1519 983 1565 cum
1007 1504 1109 1566 devo-
1162 1505 1330 1568 transiens
1342 1505 1637 1584 perepiscopatum
1650 1506 1853 1568 Plocensem
1866 1505 1963 1583 ipsius

308 1604 400 1666 tione
428 1603 655 1674 convenerint,
680 1603 720 1664 40
739 1599 809 1664 dies
828 1601 1030 1680 poenitentiae
1050 1602 1108 1663 in·
1163 1601 1304 1664 clericos
1317 1617 1460 1680 gravare
1471 1601 1723 1681 presumpserit
1735 1601 1961 1679 multipliciter

304 1702 430 1780 Junctae
446 1701 646 1762 relaxamus,
661 1699 821 1761 Omnibus
837 1699 892 1778 qui
907 1700 949 1762 ad
960 1699 1108 1777 ejusdem
1164 1699 1197 1761 in
1217 1701 1388 1778 expensis,
1405 1717 1447 1763 ne
1469 1700 1529 1762 tibi
1548 1703 1638 1764 esset
1658 1700 1849 1774 dissimilis,
1872 1699 1960 1776 quia

308 1797 537 1860 translationis
572 1797 626 1860 die
659 1799 852 1860 reverenter
887 1797 1106 1870 accesserint,
1164 1799 1305 1876 quodam
1320 1799 1532 1876 suffraganeo
1553 1801 1621 1871 tuo,
1639 1815 1737 1877 quem
1760 1799 1908 1860 veniens
1928 1798 1962 1859 ad

309 1897 458 1958 eamdem
474 1895 713 1972 indulgentiam
735 1894 968 1958 concedentes.
1164 1897 1353 1970 concilium,
1378 1897 1413 1958 in
1439 1897 1611 1975 provincia
1634 1898 1691 1959 tua
1710 1896 1895 1958 dimiseras
1912 1911 1962 1972 pro

350 1995 468 2054 Datum
489 1995 602 2056 Romae
623 1993 710 2070 apud
734 1995 766 2054 S.
787 1993 921 2054 Petrum
940 1995 1015 2055 XVl
1039 1992 1107 2054 kal.
1164 1994 1360 2060 exhibendis
1383 1995 1622 2058 ecclesiasticis
1637 1993 1876 2066 sacramentis,
1893 2009 1964 2054 cen-

307 2091 394 2168 julii,
410 2090 621 2168 pontificatus
638 2090 746 2153 nostri
761 2105 850 2152 anno
863 2092 1020 2152 secundo.
1164 2095 1233 2154 tum
1248 2108 1389 2165 marcas,
1408 2093 1494 2156 sicut
1506 2092 1607 2155 iidem
1623 2092 1865 2170 procuratores
1880 2107 1966 2152 asse-

1164 2192 1252 2263 runt,
1278 2191 1460 2255 extorsisti.
1476 2189 1688 2252 Postmodum
1705 2189 1837 2262 autem,
1862 2187 1965 2250 officio

619 2275 803 2364 GCXCVI
1165 2287 1341 2366 legationis
1369 2291 1552 2367 assumpto,
1584 2303 1802 2364 percussores
1829 2285 1966 2347 clerico·

323 2419 376 2480 Ad
387 2419 581 2480 Hernicum
592 2420 837 2494 nrctrtepiseop.
852 2422 1096 2481 Guesnensem.
1165 2403 1249 2458 rum,
1262 2387 1355 2449 ”⁰¹¹³
1367 2387 1475 2465 P³³⁸i⁸
1489 2386 1648 2465 injuriam
1661 2383 1900 2448 ⁸³fi⁵s³⁰fi⁰¹¹⁰
1911 2384 1967 2444 ¹¹¹¹·

595 2541 628 2598 m
646 2539 718 2614 junii
744 2540 814 2599 mg
1165 2501 1279 2563 pensa,
1291 2487 1324 2548 et
1335 2483 1582 2562 penitentiale
1596 2483 1721 2562 absque
1732 2497 1878 2544 suorum
1892 2497 1966 2544 con·

1165 2583 1314 2646 niventia
1328 2583 1542 2662 prelatorum
1561 2581 1750 2652 absolvens,
1769 2581 1964 2642 Plocensem

388 2653 513 2718 mm*
529 2653 640 2705 ⁸⁰³⁰m·
657 2655 780 2712 ¹²⁰¹⁰¹¹¹⁸²’
793 2659 814 2705 ‘·
826 2656 845 2714 1,
858 2671 884 2722 Ρ·
897 2656 921 2714 3'
934 2671 959 2706 ¹¹·
973 2655 1023 2722 η]
1165 2679 1334 2742 dioecesim
1358 2696 1433 2742 cum
1456 2679 1628 2742 eilbrenato
1663 2679 1882 2740 evectionum
1910 2693 1967 2738 nu-

311 2763 346 2820 Ut
361 2753 396 2817 ud
409 2761 614 2818 correctionem
634 2759 768 2860 dioecesis
787 2762 932 2820 Plocensis
952 2763 1110 2824 secundum
1165 2793 1267 2851 mero,
1282 2777 1414 2842 contum
1433 2793 1473 2840 ἃς
1490 2779 1603 2840 qgoem
1620 2791 1784 2854 equorum
1800 2775 1966 2846 videficet,

362 2875 365 2880 ’
471 2851 626 2908 ⁰⁸¹¹⁰⁰⁵⁰⁸⁵
640 2857 803 2908 ⁸⁸⁰⁰‘¹⁰¹¹⁰⁸
816 2850 960 2923 mmm·
1165 2878 1199 2938 et
1212 2875 1463 2954 obsequentium
1490 2873 1701 2937 multitudiue
1722 2873 1890 2946 introisti,
1910 2871 1969 2933 ibi-

350 2975 517 3038 Honorius
537 2975 724 3054 episcopus,
740 2977 815 3050 etc„
839 2977 1024 3040 venerabili
1042 2980 1112 3042 ira-
1166 2989 1229 3051 que
1242 2989 1369 3036 moram
1384 2971 1510 3035 iaciens
1525 2972 1721 3048 longiorem,
1736 2985 1801 3034 nec
1815 2987 1970 3032 necessa-

309 3071 389 3134 tri...
416 3073 666 3152 archiepiscopo
690 3075 887 3149 Gnesnensi,
910 3079 1111 3154 apostolicae
1166 3071 1262 3144 riam,
1284 3071 1341 3134 sed
1365 3070 1735 3148 dtmssfflbmsejufldssm
1750 3069 1898 3132 0101'1008
1915 3083 1969 3128 ⁶¹·

311 3171 407 3232 Sedis
423 3170 543 3247 legato,
560 3170 713 3244 salutem,
728 3173 790 3234 etc.
1167 3169 1281 3247 peusis
1306 3169 1458 3245 gravasti
1489 3167 1669 3245 superfiuis
1704 3167 1794 3230 rxltra
1824 3166 1964 3233 modum,

349 3268 552 3330 accedentes
565 3268 606 3331 ad
622 3270 845 3345 apostolicam
865 3271 982 3334 Sedem
998 3273 1110 3334 dilecti
1167 3267 1315 3344 ejusdem
1335 3266 1489 3328 dicecesis
1502 3265 1642 3328 clericos
1655 3279 1758 3343 super
1777 3265 1967 3342 pluralitate

311 3364 373 3426 tilii
384 3367 420 3426 Β.
438 3368 471 3427 et
484 3369 522 3428 R.
537 3368 771 3442 procuratores
782 3369 982 3431 venerabilis
998 3371 1111 3432 [ratris
1165 3365 1413 3438 beneficiorum,
1437 3379 1511 3442 quaa
1530 3363 1748 3426 obtinuerunt
1765 3364 1847 3424 ante
1873 3377 1968 3439 gene-

311 3464 455 3524 nostrl...
472 3463 630 3541 episcopi.
655 3464 687 3526 et
700 3463 895 3528 dilectorum
912 3466 1109 3530 liliorum...
1166 3463 1442 3536 raleconcilium,
1455 3463 1673 3524 molestando.
1689 3463 1840 3539 Cumque
1853 3463 1892 3522 in
1904 3461 1968 3522 Plo

310 3561 427 3624 decani
453 3563 486 3623 et
507 3561 644 3638 capituli
664 3562 834 3625 Plocensis
855 3579 968 3626 coram
990 3567 1110 3630 dilecto
1165 3563 1258 3626 censi
1273 3560 1416 3624 ecclesia
1438 3560 1602 3638 synodum
1615 3559 1791 3622 celebrans
1811 3559 1863 3620 nil
1879 3560 1968 3620 inve-

311 3659 380 3720 dlio
418 3661 530 3722 nostro
559 3661 690 3722 Sanctae
720 3662 837 3724 Mariae
870 3663 904 3723 in
934 3665 1110 3727 cosmedin
1166 3661 1275 3724 nisses
1296 3659 1330 3722 in
1355 3659 1456 3731 clero,
1480 3658 1532 3720 vel
1550 3659 1706 3735 episcopo
1720 3657 1964 3734 corrigendum,

310 3757 449 3820 diacono
476 3757 648 3832 cardinali,
675 3758 734 3821 tibi
759 3760 792 3820 et
817 3761 946 3822 dilectis
965 3763 1044 3822 tiliis
1047 3806 1109 3824 .....
1165 3760 1260 3832 duos,
1285 3761 1324 3820 Α.
1340 3757 1497 3819 videlicet
1513 3757 1548 3818 et
1570 3758 1637 3827 W,
1660 3755 1803 3818 clericos
1826 3755 1964 3832 elegisti,

310 3855 436 3916 decano
461 3857 530 3918 et...
547 3856 783 3920 archidiacono
797 3859 1016 3932 Lanciciensi,
1034 3877 1112 3937 pro-
1165 3858 1222 3936 qui
1237 3859 1394 3934 tanquam
1417 3853 1580 3933 speciales
1602 3853 1783 3917 criminum
1805 3853 1965 3914 delatores

311 3952 519 4014 curatoribus
536 3954 603 4014 tuis
618 3970 637 4016 a
652 3954 748 4016 nobis
767 3955 918 4018 auditore
939 3973 1108 4030 concesso,
1166 3969 1323 4017 excessus
1336 3953 1506 4015 deterrent
1517 3949 1664 4028 episcopi
1678 3953 1778 4029 atque
1789 3951 1887 4022 cleri,
1904 3949 1966 4028 qui·

311 4051 458 4128 graviter
481 4051 558 4114 sunt
585 4053 756 4130 conquesti
780 4055 893 4132 :quod
908 4057 944 4116 tu
968 4055 1009 4116 ab
1031 4055 1110 4117 olim
1165 4054 1227 4116 bus
1265 4051 1386 4114 frivola
1417 4049 1689 4128 proponentibus,
1721 4049 1810 4127 quod
1841 4065 1904 4126 per
1931 4063 1966 4109 ea

311 4149 506 4210 Plocensem
528 4149 703 4211 ecclesiam
728 4151 893 4228 incoepisti
912 4153 1130 4230 multiplici-·
1166 4151 1282 4213 contra
1303 4148 1495 4226 episcopum
1522 4146 1700 4224 procedere
1725 4161 1793 4207 non
1821 4145 1964 4213 valebas,

310 4247 362 4306 ter
370 4243 558 4318 molestare,
570 4245 675 4322 ipsius
686 4247 833 4327 episcopi
842 4249 984 4313 clericos
998 4267 1110 4315 coram
1166 4246 1346 4310 secundum
1361 4245 1466 4308 animi
1476 4245 1525 4306 tui
1537 4246 1662 4308 motum
1670 4244 1760 4306 viam
1771 4243 1966 4320 excogitasti

310 4345 344 4404 te
357 4343 489 4419 litigare
511 4344 724 4420 compellens,
741 4348 972 4424 propterquod
988 4349 1110 4410 dudum
1166 4347 1283 4421 aliam;
1299 4344 1407 4406 subito
1424 4343 1526 4406 testes
1542 4345 1667 4421 septem
1682 4342 1813 4418 eligens
1825 4341 1966 4420 synoda-

310 4441 429 4502 suited
446 4441 563 4502 Sedem
578 4443 800 4520 apostolicam
816 4446 1028 4522 appellatum,
1047 4448 1111 4525 ipsi
1166 4446 1226 4517 les,
1252 4441 1522 4506 connumerando
1541 4441 1629 4502 inter
1651 4440 1742 4517 ipsos
1762 4440 1848 4502 duos
1871 4440 1966 4502 cleri·

311 4539 466 4616 episcopo
489 4539 707 4612 interdicens,
725 4555 767 4602 ne
784 4542 819 4603 in
844 4543 968 4620 nuptiis
990 4543 1110 4606 nobilis
1166 4559 1223 4606 cos
1244 4540 1464 4619 supradictos,
1485 4538 1518 4602 et
1543 4537 1647 4600 alium
1667 4537 1845 4616 quemdam
1862 4541 1900 4599 Ρ.
1915 4555 1966 4598 nc

311 4637 375 4698 viri
391 4637 533 4698 conradi
548 4637 642 4700 ducis
667 4639 826 4701 Mazoviae
847 4641 1043 4718 parochiani
1058 4645 1111 4703 sui
1166 4641 1266 4712 mine,
1290 4639 1347 4717 qui
1372 4637 1592 4714 abepiscopo
1621 4636 1655 4697 et
1683 4635 1832 4714 capitulo
1862 4636 1966 4696 suerat

311 4735 448 4796 missam
470 4734 704 4812 sponsaliciam
734 4737 934 4810 celebraret,
957 4755 997 4800 ac
1021 4743 1113 4802 sata-
1166 4737 1417 4808 condemnatus,
1430 4751 1469 4796 eo
1484 4732 1571 4812 quod
1584 4733 1760 4810 quemdam
1775 4749 1875 4794 suum
1891 4749 1965 4798 con-

311 4847 392 4906 gens
405 4832 579 4908 quamdam
590 4833 734 4894 insulam
748 4833 788 4896 ad
804 4835 996 4896 Plocensem
1008 4839 1112 4900 eccle·
1166 4835 1364 4899 canonicum
1385 4835 1537 4896 traxerat
1555 4832 1597 4894 ad
1612 4830 1778 4909 judicium
1794 4832 1962 4900 seculare,

312 4928 395 4988 siam
408 4929 851 5008 pertinentem...praeposito
865 4933 1059 4994 monialium
1071 4935 1112 4996 de
1167 4950 1225 5012 per
1250 4949 1332 5011 quos
1353 4930 1513 4996 credebas
1529 4931 1622 4992 tuum
1640 4929 1846 4990 desiderium
1870 4929 1965 4991 adim-

311 5025 411 5086 l’locc
441 5025 608 5098 conterre,
639 5029 817 5090 Plocenses
844 5031 1023 5093 canonicos
1051 5050 1111 5110 pro
1167 5033 1268 5110 plere,
1297 5031 1411 5108 sicque
1439 5028 1476 5089 in
1507 5028 1598 5089 nullo
1631 5027 1764 5089 servata
1802 5027 1964 5104 gensumis

311 5139 362 5195 eo,
380 5123 466 5202 quod
489 5122 549 5183 tibi
572 5124 728 5188 nolebant
753 5129 966 5204 acquiescere
988 5130 1023 5191 in
1049 5131 1112 5192 hnc
1167 5128 1306 5192 concilii
1328 5128 1434 5188 forma
1454 5127 1544 5188 editu
1566 5141 1667 5202 super
1687 5124 1898 5202 corrigendis
1915 5141 1964 5185 ex·

310 5223 416 5299 parte,
430 5221 589 5298 gravibus
604 5221 739 5300 injuriis
753 5225 947 5290 fatiscendo.
960 5227 1007 5290 dd
1027 5229 1109 5302 haec,
1167 5227 1314 5291 cassibus
1330 5223 1547 5296 subditorum,
1564 5239 1664 5300 quum
1679 5238 1740 5283 nec
1756 5227 1962 5284 accusatores

312 5336 411 5395 quum
423 5320 528 5396 ipsam
544 5321 675 5381 accedis
686 5323 875 5398 ecclesiam,
885 5325 1041 5388 tbronum
1054 5328 1111 5389 tibi
1166 5324 1398 5394 inscriberent,
1425 5337 1486 5384 nec
1510 5321 1775 5394 denuntiatores,
1795 5323 1962 5398 praemissa

310 5416 393 5476 iacis
412 5417 496 5492 erigi
521 5418 674 5479 altiorem
694 5434 769 5481 cum
784 5421 981 5484 clericorum
1004 5424 1111 5502 ipsius
1167 5424 1342 5487 caritativa
1356 5421 1548 5493 monitione,
1560 5419 1665 5497 aliqui
1679 5422 1892 5496 apparerent,
1908 5434 1961 5478 nec

310 5513 460 5574 ecclesie
475 5515 631 5590 gravibus
647 5517 817 5580 laboribus
832 5521 865 5582 et
882 5523 1050 5598 expensis,
1076 5524 1111 5584 in
1166 5523 1293 5584 clamor
1314 5517 1484 5582 credibilis
1504 5517 1720 5590 ascendisset,
1744 5534 1850 5594 quare
1865 5517 1905 5578 ad
1918 5517 1961 5576 in·

311 5625 375 5689 qua
388 5609 507 5671 sedens
521 5611 706 5676 oblationes
718 5616 895 5694 resipisci
908 5620 1009 5681 etiam
1032 5635 1112 5682 san·
1166 5619 1380 5698 quisitionem
1408 5615 1586 5676 criminum
1600 5618 1632 5678 te
1657 5615 1860 5678 descendere
1874 5629 1959 5690 opor·
