3994 6326
270 343 329 404 583
870 341 1065 407 -HONORII
1088 341 1132 404 ΙΙΙ
1155 343 1301 406 OPERA.
1839 351 1880 413 su

270 502 372 566 tionis
389 501 581 581 scrupulum
604 500 808 566 relabantur.
835 504 940 577 Quum
963 503 1067 580 igitur
1482 511 1571 600 (ΠΗ

270 602 504 680 quaestioque
516 601 672 664 intervos
684 603 832 681 exparte
845 603 1067 666 unaetuene-

268 699 407 761 rabilem
418 699 553 763 tratrem
566 701 756 763 nostrum...
771 701 961 778 episcopum
981 700 1065 762 Lin-
1464 775 1469 787 Ι

266 813 387 874 gonen.
412 798 454 860 de
475 815 613 860 assensu
641 798 777 876 capituli
804 799 856 860 sui
879 813 923 860 ox
946 799 1063 870 altera,
1414 777 1444 832 ¹¹
1459 775 1612 848 1⁰¹³·ffl3·

268 911 369 972 super
399 895 616 974 subjectione,
644 911 742 974 quam
770 896 858 958 idem
891 896 1065 974 episcopus
1121 889 1437 956 [naussumaomanum.
1453 889 1494 938 aa.
1511 889 1880 958 Taueni,t.111,p.aao.r.u.]

267 995 422 1071 exigebat
447 1011 466 1056 a
488 995 599 1057 vestro
627 994 839 1066 monasterie,
861 994 1063 1064 vertebatur,
1119 1005 1302 1080 Ponugalliae
1314 1019 1373 1076 rex,
1389 1005 1508 1080 ejusque
1520 1005 1658 1077 heredes,
1675 1014 1702 1064 et
1721 1022 1827 1081 rognm
1840 1010 1881 1066 snb

265 1094 433 1156 mediante
447 1091 632 1155 venerabili
644 1092 747 1154 fratre
768 1093 882 1155 nostro
902 1092 1062 1156 Albanen.
1154 1095 1326 1168 apostolice
1346 1095 1428 1154 Sedis
1446 1095 1621 1168 protectione
1635 1096 1881 1170 sumptuosarum

264 1191 419 1268 episcopo
431 1191 496 1252 sihi
508 1190 610 1254 abhas
625 1205 664 1252 ao
683 1192 702 1253 J
704 1234 712 1250 .
734 1191 896 1252 monacho
919 1205 1065 1254 conven-
1154 1185 1296 1242 solutione
1303 1198 1407 1244 census
1416 1182 1537 1242 duarum
1550 1197 1711 1242 marearum
1723 1184 1882 1258 uunaiugulls

263 1289 317 1351 tus
332 1289 481 1366 ejusdem
497 1287 701 1360 monasterii,
719 1290 753 1350 et
766 1288 925 1364 magistro
947 1291 1002 1349 W.
1022 1288 1065 1350 de
1154 1274 1248 1332 annis.

265 1387 425 1450 Bormont
453 1386 532 1448 dicti
564 1387 748 1462 lingonen.
778 1385 1061 1463 procuratoribus,
1157 1390 1325 1453 Honorius
1340 1389 1513 1468 episcopus
1531 1403 1647 1452 servus
1662 1391 1877 1461 servemini,

1146 657 1199 716 Ad
1214 655 1435 729 andefonsum
1448 655 1741 731 Portupattenaem
1753 671 1860 733 repere.

264 1486 416 1546 auditore
429 1500 597 1557 concesso,
611 1484 685 1561 post
696 1483 817 1544 multas
829 1483 1063 1546 altercationes
1118 1487 1292 1550 carissimo
1313 1489 1348 1548 in
1368 1487 1497 1548 Christo
1512 1486 1580 1549 lilio
1595 1485 1768 1548 Aldeionso
1785 1487 1879 1548 illustri

263 1582 304 1643 de
338 1583 491 1644 mandato
526 1581 622 1644 bonae
668 1581 838 1646 memoriae
876 1582 1062 1644 innocentii
1118 1585 1365 1662 portugallensi
1389 1585 1472 1662 regi,
1500 1587 1637 1662 ejusque
1665 1583 1879 1646 haeredibusir

263 1695 358 1757 papae
373 1679 628 1756 praedecessoris
641 1679 748 1740 nostri
769 1680 830 1742 tali
851 1679 952 1742 luerit
971 1695 1063 1743 com·
1118 1685 1328 1760 perpetuum,
1359 1684 1500 1746 salutem
1524 1684 1558 1746 et
1578 1682 1786 1760 apostolicam
1804 1682 1882 1744 bene

262 1777 429 1855 positione
443 1777 562 1854 sopita,
579 1779 615 1840 ut
639 1777 795 1840 videlicet
817 1793 884 1839 non
912 1777 1063 1840 obstante
1119 1783 1309 1844 dictionem.

262 1875 438 1946 sententia,
456 1890 591 1952 quarn...
610 1873 712 1936 abbas
732 1875 841 1936 sancti
868 1875 1015 1936 Memmii
1030 1879 1064 1939 et
1158 1878 1344 1942 Manifestis
1358 1877 1532 1957 probatum
1541 1877 1591 1940 est
1600 1877 1806 1955 argumentis,
1816 1877 1879 1953 quod

261 1971 451 2049 conjudices
480 1975 553 2049 ejus
586 1971 825 2033 cathalaunen.
854 1972 997 2048 delegati
1021 1972 1062 2034 ab
1117 1993 1177 2056 per
1190 1975 1329 2038 sudores
1343 1976 1491 2048 bellicos,
1509 1976 1542 2037 et
1555 1975 1737 2037 certamina
1757 1973 1881 2036 militaria

263 2070 378 2132 eodem
414 2069 659 2146 praedecessore
691 2071 806 2132 nostro
841 2071 957 2132 contra
992 2069 1064 2132 dic-
1117 2075 1330 2136 inimicorum
1357 2074 1531 2136 christiani
1558 2073 1706 2134 nominis
1730 2069 1881 2147 intrepidas

262 2169 333 2230 tum
344 2166 1062 2245 monasteriumprotulerunt3monasterium
1117 2173 1317 2250 extirpator,
1355 2174 1388 2234 et
1426 2171 1628 2251 propagator
1661 2169 1795 2246 diligens
1825 2167 1881 2228 ddei

263 2266 372 2344 ipsum
411 2279 511 2342 super
555 2269 649 2343 cujus
690 2265 843 2328 libertate
886 2265 1062 2345 privilegia
1118 2270 1321 2345 christianae,
1345 2270 1430 2333 siout
1457 2268 1564 2331 bonus
1589 2269 1698 2343 illiue,
1715 2267 1881 2345 etprinceps

264 2367 489 2425 Romanorum
513 2364 712 2426 Pontificum
739 2363 872 2425 luerunt
900 2364 1061 2436 exhibita,
1118 2368 1302 2430 catholicus
1328 2367 1521 2430 multimoda
1545 2365 1704 2444 obsequia
1727 2364 1815 2427 matri
1834 2363 1882 2423 tua

263 2463 333 2524 tam
352 2477 464 2524 coram
494 2461 651 2539 praedicto
675 2462 922 2538 praedecessore
949 2463 1062 2524 nostro
1118 2466 1340 2530 sacrosanctae
1367 2465 1524 2528 Ecclesiae
1551 2463 1752 2542 impendisti,
1778 2461 1883 2536 dignun

265 2575 363 2637 quam
398 2559 499 2622 etiam
545 2575 657 2622 coram
699 2559 850 2622 auditore
887 2558 1061 2637 praedicto,
1118 2565 1276 2625 memoria
1309 2579 1447 2634 nomen,
1478 2561 1511 2624 et
1536 2560 1726 2638 exemplum
1757 2555 1884 2619 imitabile

265 2658 307 2720 ab
328 2658 419 2720 omni
442 2657 677 2734 jnrisdictione
706 2657 888 2733 Lingonen.
913 2657 1063 2734 episcopi
1118 2661 1260 2739 posteris
1284 2660 1529 2738 derelinquens.
1552 2661 1699 2735 AEquum
1727 2657 1774 2718 est
1790 2655 1883 2722 auten,

265 2757 425 2832 quantum
446 2754 487 2817 ad
519 2757 629 2831 caput,
647 2754 803 2817 videlicet
826 2754 1063 2816 monasterium
1118 2758 1155 2820 ut
1175 2775 1257 2837 quos
1272 2756 1313 2819 ad
1333 2757 1495 2834 regimen,
1519 2754 1553 2818 et
1577 2755 1721 2817 salutem
1743 2750 1840 2831 populi
1854 2747 1884 2810 ab

267 2854 404 2915 omnino
427 2853 569 2914 liberum
582 2853 615 2914 et
628 2849 816 2929 exemptum
836 2852 899 2914 soli
913 2855 1063 2914 Romano
1119 2857 1186 2918 alto
1213 2856 1415 2933 dispensatio
1437 2853 1581 2916 coelestis
1600 2852 1714 2930 elegit.
1730 2848 1883 2928 Apostolica

267 2950 423 3013 Pontifici
452 2950 487 3010 in
512 2948 750 3026 temporalibus
775 2951 808 3012 et
834 2948 1064 3026 spiritualibus
1121 2953 1223 3016 Sedes
1237 2953 1414 3016 allectione
1428 2952 1558 3014 sincera
1578 2950 1708 3028 diligat,
1724 2949 1755 3011 et
1767 2945 1884 3024 injustis

267 3050 312 3112 sit
336 3049 535 3126 subjectum
560 3047 607 3110 ita
632 3049 743 3110 tanim
767 3047 853 3125 quod
876 3047 974 3109 annis
994 3047 1065 3108 sin·
1119 3049 1397 3128 postulationibus
1407 3049 1538 3112 studeat
1549 3047 1733 3111 efficaciter
1743 3042 1881 3107 exaudim

266 3147 355 3222 gulis
387 3147 423 3208 in
455 3146 639 3208 crastinum
671 3146 919 3208 Purincationis
953 3145 1063 3208 Beatus
1119 3149 1263 3212 Proinde
1273 3163 1335 3210 nos
1345 3147 1735 3224 attendentespersonam
1743 3145 1883 3218 tuampru·

266 3246 384 3307 Mariao
400 3244 466 3322 ipsi
481 3245 663 3318 Lingonen.
688 3243 843 3321 episeopo
868 3259 909 3305 ac
931 3259 1065 3304 succes-
1119 3246 1232 3308 dentis
1260 3247 1422 3318 ornatam,
1445 3243 1577 3322 justitia
1604 3239 1884 3320 praestansque

267 3341 398 3404 soribus
424 3341 494 3402 suis
511 3355 630 3403 novem
656 3339 759 3402 libras
784 3343 924 3402 monetae
948 3340 1065 3402 Divio·
1120 3343 1160 3404 ad
1175 3343 1289 3421 populi
1303 3343 1453 3418 regimen
1466 3341 1632 3412 idoneam,
1647 3337 1779 3411 eumad
1792 3349 1882 3397 eren-

265 3457 341 3502 nen.
354 3439 487 3502 nomine
498 3438 751 3515 procurationis,
769 3439 805 3500 ut
813 3439 947 3516 Justitia
967 3437 1064 3500 vobis
1120 3441 1194 3520 plar
1209 3440 1314 3502 felicis
1329 3437 1571 3502 recordationis
1585 3436 1775 3508 Alexandri,
1791 3435 1819 3495 et
1829 3431 1884 3492 dle-

268 3538 467 3600 exhibeatur
481 3538 597 3599 contra
616 3535 847 3598 malefactores
857 3537 984 3600 vestros
994 3537 1066 3615 ple-
1120 3538 1241 3601 mentis
1256 3538 1537 3616 predecessorum
1552 3542 1752 3605 nostrorum,
1773 3528 1885 3594 Pontii-

268 3635 344 3698 nius
358 3636 393 3697 et
404 3635 588 3712 promptius
599 3633 639 3696 ab
650 3633 774 3697 eisdem
787 3633 950 3706 exsolvat,
960 3633 1065 3698 donec
1119 3653 1195 3700 cum
1215 3638 1451 3709 Romanorum,
1468 3633 1529 3696 sub
1542 3633 1631 3696 beati
1654 3631 1742 3695 Petri
1757 3629 1786 3693 et
1798 3627 1885 3690 nostra

267 3735 396 3796 tantum
423 3733 572 3795 redditus
600 3731 665 3809 ipsi
693 3733 859 3810 episcopo,
886 3732 939 3794 rel
963 3733 1065 3794 alicui
1120 3733 1325 3812 protectione
1339 3733 1550 3810 suscipimus,
1559 3732 1738 3808 etregnum
1749 3721 1886 3798 Portugal·

269 3846 499 3893 successorum
528 3845 663 3892 suorum
694 3829 735 3892 ab
761 3830 835 3908 ipso
863 3830 1064 3892 monasterio
1120 3832 1174 3894 liae
1189 3847 1264 3894 cum
1275 3831 1466 3908 integritate
1483 3829 1619 3892 honoris
1648 3827 1743 3904 regni
1758 3827 1787 3888 et
1800 3819 1886 3898 digni·

268 3929 369 3992 iuerit
381 3927 699 4004 assignatum;unde
712 3927 818 3990 dictas
833 3943 952 3991 novem
962 3927 1065 3991 libras
1119 3930 1198 4003 tate,
1213 3945 1287 4008 quae
1299 3929 1445 4006 adneges
1459 3925 1612 4006 pertinet,
1625 3939 1753 3987 necnon
1763 3917 1885 3984 etomnia

267 4028 395 4103 integre
410 4026 520 4088 valeat
534 4026 705 4103 percipere
719 4025 904 4100 annuatim,
915 4027 969 4089 vel
981 4026 1065 4090 alios
1118 4028 1203 4102 loca,
1231 4043 1304 4106 quae
1330 4042 1405 4088 cum
1433 4025 1561 4088 auxilio
1575 4022 1721 4086 coelestis
1739 4011 1885 4098 gratiale

267 4141 342 4186 cum
355 4139 521 4185 consensu
544 4123 682 4200 capituli
706 4123 890 4200 Lingonen.
916 4124 1065 4203 plenario
1121 4129 1363 4188 Saracenorum
1377 4121 1530 4184 manibus
1551 4119 1726 4197 eripueris,
1741 4118 1774 4178 in
1789 4111 1882 4193 quibus

268 4207 484 4293 satisfactum,
509 4235 670 4297 expresso
699 4221 736 4282 ut
758 4221 787 4282 si
816 4220 904 4282 dicta
933 4223 1064 4284 moneta
1115 4227 1172 4303 jus
1199 4221 1263 4285 sibi
1291 4239 1357 4284 non
1384 4222 1522 4298 possunt
1549 4217 1725 4281 christiani
1751 4209 1885 4293 principes

267 4319 355 4381 iacta
370 4318 469 4381 vilior
491 4333 550 4380 seu
565 4317 676 4384 carior
699 4333 833 4380 cursum
862 4318 1066 4398 relinqueret
1120 4319 1348 4398 circumpositi
1377 4319 1572 4390 vendicare,
1607 4312 1810 4378 Excellentiae
1837 4308 1886 4368 ild

268 4417 474 4489 consuetum,
496 4416 542 4478 ad
570 4416 722 4480 valorem
747 4416 782 4476 in
809 4433 874 4495 qua
901 4419 973 4480 erat
991 4419 1065 4496 ipsa
1120 4417 1342 4490 concedimus,
1359 4417 1393 4479 et
1413 4413 1611 4479 auctoritate
1628 4410 1810 4491 Apostolica
1824 4417 1885 4465 cou-

268 4517 402 4577 moneta
423 4515 570 4592 ternpore
595 4512 844 4590 compositionis
874 4513 1064 4593 hujusmodi
1120 4517 1302 4578 firmamus.
1318 4516 1360 4577 ut
1375 4515 1485 4577 autem
1499 4513 1540 4574 ad
1556 4511 1773 4578 devotionem,
1792 4503 1819 4565 et
1839 4496 1884 4604 ol·

267 4615 380 4676 decem
408 4615 441 4675 et
472 4610 545 4674 octo
572 4610 719 4673 denariis
739 4611 885 4689 ejusdem
912 4614 1063 4686 monetae,
1120 4613 1271 4692 sequium
1291 4611 1380 4674 beati
1395 4612 1486 4674 Petri
1510 4608 1735 4688 apostolorum
1758 4597 1884 4681 princills

266 4711 426 4775 videlicet
443 4726 503 4788 pro
530 4707 703 4770 duodecim
718 4709 911 4771 Pruvinien.
926 4713 1063 4772 Trecen.
1120 4713 1153 4774 et
1168 4710 1388 4774 sacrosanctas
1404 4711 1561 4772 Romanas
1571 4701 1885 4798 Ecclesiassebemeu·

268 4809 479 4886 computatis,
495 4807 552 4870 flat
565 4807 686 4869 solutio
701 4807 850 4885 pecuniae
862 4810 1064 4871 memoratae.
1120 4812 1186 4874 tius
1207 4806 1411 4880 accendaris,
1428 4807 1501 4868 haec
1515 4807 1589 4884 ipsa
1603 4801 1748 4882 praetatis
1768 4791 1882 4860 haredi-

268 4909 338 4970 Nos
350 4906 470 4969 restris
489 4903 640 4982 precibus
669 4905 822 4967 inclinati
832 4906 874 4967 ad
896 4907 1067 4983 exemplar
1120 4909 1182 4970 bus
1193 4907 1258 4970 tuis
1273 4905 1429 4967 duximus
1443 4902 1664 4974 concedenda,
1680 4909 1795 4974 eosque
1809 4897 1884 4964 snper

269 5005 419 5083 ejusdem
444 5001 698 5080 praedecessoris
720 5004 825 5066 nostri
850 5005 1065 5082 compositio·
1121 5008 1174 5078 iiS,
1201 5021 1274 5083 quae
1301 5019 1459 5067 concessa
1480 5001 1568 5074 sunt,
1594 5002 1662 5062 Deo
1684 4993 1823 5076 propitio,
1841 4997 1883 5062 pro
1958 5035 1959 5108 ἡ

270 5119 346 5166 nem
360 5101 509 5164 eamdem
524 5100 721 5162 auctoritate
734 5101 922 5179 apostolica
939 5103 1065 5164 conflr-
1121 5103 1270 5181 iniuncto
1290 5101 1386 5163 nobis
1400 5098 1612 5177 apostolatus
1633 5095 1740 5158 allicio
1759 5081 1884 5193 deiende·
1958 5109 1959 5196 p

269 5201 445 5264 mamus'et
456 5198 631 5277 praesentis
644 5200 758 5277 scripti
774 5200 959 5278 patrocinio
976 5217 1068 5264 com-
1121 5216 1205 5264 mue.
1235 5203 1305 5261 Tua
1329 5200 1440 5276 itaque
1455 5195 1618 5267 intererit,
1644 5193 1692 5255 dli
1706 5187 1880 5253 cbarissme,
1958 5197 1959 5260 }

270 5301 448 5363 munimus.
461 5297 554 5359 Nulli
564 5313 655 5374 ergo,
668 5299 742 5372 etc,
758 5300 879 5360 nostrae
890 5298 1068 5362 confirma·
1122 5302 1169 5362 ita
1179 5300 1268 5361 circa
1283 5299 1454 5368 honorem,
1465 5295 1498 5357 et
1510 5292 1701 5370 obsequium
1717 5283 1819 5350 matris
1834 5279 1880 5346 tud

268 5397 382 5469 tionis,
397 5400 460 5460 etc.
477 5397 511 5458 Si
527 5395 600 5474 quis
615 5397 737 5467 autem,
754 5397 815 5458 etc.
834 5396 952 5457 Datum
969 5398 1068 5459 Late·
1123 5395 1344 5460 sacrosanctae
1357 5397 1516 5456 Romanae
1531 5389 1687 5453 Ecclesiae
1700 5382 1848 5447 humilem,
1861 5371 1884 5428 el

269 5495 345 5558 rani
360 5495 456 5556 nonis
464 5495 612 5574 januarii
626 5494 836 5573 pontificatus
855 5494 961 5557 nostri
979 5511 1067 5558 anno
1123 5495 1276 5558 devotum
1297 5493 1452 5563 existere,
1473 5491 1510 5554 et
1534 5489 1582 5550 sic
1607 5489 1640 5551 te
1663 5486 1765 5562 ipsum
1784 5477 1814 5538 in
1830 5472 1883 5547 ejus
1958 5469 1959 5548 l

272 5592 429 5656 SQCUssdO·
1123 5590 1434 5670 opportunitatibus,
1465 5589 1498 5651 et
1524 5571 1883 5649 dilatandiscnrisuane

1125 5691 1200 5752 tidei
1229 5689 1349 5752 tinibus
1378 5702 1546 5759 exercere,
1564 5685 1601 5746 ut
1615 5683 1654 5745 de
1668 5682 1732 5744 tam
1752 5659 1882 5736 deuotast
1958 5661 1959 5724 l
