3996 6326
102 367 166 428 109
520 363 579 424 iii.
595 393 636 408 -
655 362 700 424 IN
722 361 1020 423 CONVERSIONE
1042 359 1194 421 sancii
1216 361 1355 421 PAULI.
1709 365 1766 426 110

100 526 197 589 canit
232 523 381 588 Ecclesia
401 540 455 585 :a
489 523 539 584 Tu
570 539 607 586 es
637 538 697 586 ras
721 521 907 596 electionis,
1004 523 1132 598 Sponsa
1167 519 1291 582 Christi
1323 519 1374 584 ost
1408 535 1616 600 unaquaeque
1649 525 1762 588 anima

102 625 229 688 Sancte
245 621 349 686 Paule
372 621 541 700 Apostolc,
563 621 764 708 praedicator
777 622 907 684 verita-
963 619 1163 694 christiana,
1185 635 1259 698 qum
1283 618 1380 683 debet
1402 619 1540 682 fioribus
1566 623 1760 696 sustentari,

102 724 149 785 tis
181 723 216 784 in
245 722 402 783 universo
426 720 560 782 mundo.
586 720 711 792 »Quia
738 720 824 784 sicut
849 737 909 782 vas
963 719 1060 791 idest,
1089 717 1184 780 bonis
1207 717 1356 782 moribus
1377 718 1545 782 adornari.
1577 720 1670 782 Unde
1694 724 1764 784 hu-

103 821 183 884 auri
197 822 250 882 est
267 820 443 898 pulchrum
463 820 497 880 et
518 817 702 898 pretiosum
723 819 765 880 ad
787 818 909 880 viden·
962 817 1115 894 gustiuus
1132 838 1140 876 ε
1155 834 1173 877 s
1188 816 1238 879 Ita
1262 832 1297 878 se
1321 816 1419 878 homo
1444 818 1505 879 Uei
1528 833 1627 896 agero
1654 819 1760 891 debet,

103 919 197 992 dum,
211 918 259 980 ita
272 917 422 980 doctrina
440 919 474 979 et
487 917 680 994 praedicatio
704 915 793 979 beati
813 916 909 978 Pauli
964 917 1000 978 ut
1014 932 1111 978 nemo
1135 916 1178 976 sit
1197 914 1254 994 qui
1275 931 1343 976 non
1362 931 1438 976 eum
1459 917 1577 978 audire
1593 918 1625 979 et
1650 911 1763 980 vitiare

104 1016 172 1079 fuit
196 1016 336 1095 pulchra
355 1017 388 1078 at
417 1016 563 1094 pretiosa
585 1015 626 1078 ad
651 1015 853 1078 audiendum
877 1013 910 1077 et
964 1013 1173 1076 desideret.»
1194 1013 1317 1075 Beatus
1346 1013 1470 1076 Paulus
1491 1013 1553 1077 fuit
1572 1013 1660 1078 oliva
1685 1032 1763 1094 spn-

106 1113 286 1191 legendum
314 1116 347 1176 et
372 1114 593 1176 retinendum.
627 1113 712 1177 Illud
744 1130 803 1176 vas
834 1113 909 1174 auri
963 1111 1051 1176 tiosa
1066 1112 1101 1174 in
1124 1111 1309 1186 frondibus,
1327 1112 1417 1191 quia,
1442 1110 1530 1174 sicut
1554 1113 1688 1176 hondas
1713 1115 1764 1176 fa·-

103 1213 171 1277 fuit
186 1213 339 1287 solidum,
365 1211 676 1296 etbeatusPaulus
695 1212 758 1276 fuit
779 1211 908 1275 stabilis
964 1210 1057 1274 ciunt
1094 1210 1260 1284 umbram,
1296 1210 1329 1272 ot
1358 1210 1504 1273 liberant
1538 1210 1689 1272 hominos
1728 1213 1763 1274 in

103 1312 141 1374 et
163 1312 279 1374 firmus
306 1311 440 1385 infide,
465 1313 502 1374 in
525 1310 805 1376 tribulationibus.
833 1311 910 1374 Fuit
963 1311 1078 1374 aestate
1098 1325 1119 1371 a
1148 1310 1260 1372 calore
1282 1310 1374 1384 solis,
1391 1308 1439 1372 iia
1462 1309 1564 1372 verba
1585 1310 1618 1372 et
1637 1311 1763 1389 preadi-

103 1411 247 1472 ornatus
275 1409 367 1472 omni
395 1409 505 1488 lapide
531 1409 696 1488 pretioso,
721 1409 818 1484 idest,
848 1425 908 1470 sa·-
963 1408 1051 1471 catio
1074 1407 1166 1472 beati
1190 1408 1287 1472 Pauli
1305 1407 1461 1472 liberavit
1474 1409 1579 1471 totum
1604 1409 1764 1472 mundum

104 1507 246 1586 pientia,
268 1508 419 1581 scientia,
443 1508 830 1587 opereetdoctrina.1n
853 1524 910 1570 sa·
963 1506 1005 1570 ab
1030 1507 1212 1581 erroribus,
1237 1509 1271 1570 et
1295 1522 1317 1570 a
1337 1507 1501 1586 potestate
1519 1506 1657 1580 diaboli,
1686 1509 1719 1570 et
1742 1524 1763 1570 a

103 1607 234 1685 pientia
247 1608 281 1670 et
294 1606 445 1680 scientia,
463 1607 542 1685 quia
554 1608 627 1687 ipse
641 1608 677 1668 in
697 1607 861 1686 sapientia
877 1607 909 1668 et
964 1605 1244 1684 concupiscentiis
1271 1604 1371 1682 huius
1384 1617 1387 1623 ·
1400 1605 1526 1666 mundi.
1558 1605 1654 1668 Unde
1690 1606 1763 1683 ipse

104 1705 250 1766 scientia
264 1721 333 1784 prae
349 1704 477 1768 cunctis
496 1705 626 1776 enituit,
642 1706 730 1767 sicut
747 1706 818 1784 ipse
833 1705 880 1768 ait
898 1723 906 1762 :
963 1702 1167 1784 praedicahat
1181 1727 1188 1766 z
1204 1721 1223 1765 c
1239 1703 1438 1766 Mortificate
1460 1719 1595 1766 carnem
1616 1704 1762 1768 vestram

102 1804 323 1876 Sapientiam
332 1805 505 1878 toqtctmur
514 1804 608 1866 inter
613 1803 786 1879 perfectos
795 1801 824 1882 (I
833 1805 906 1865 Cor.
963 1819 1078 1865 «oum
1087 1803 1178 1866 vitiis
1189 1803 1510 1880 etconcupiscontiis
1522 1803 1622 1880 hujus
1634 1803 1761 1876 mundi,

103 1915 143 1972 11,
168 1898 214 1980 d).
239 1902 285 1961 De
307 1899 575 1964 scieniiaidem:
600 1902 777 1964 Eetrtlmo
790 1905 909 1964 monto
962 1903 1036 1964 eet
1059 1902 1146 1964 sicut
1172 1901 1284 1964 omnia
1310 1901 1458 1964 membra
1486 1903 1598 1964 restra
1628 1901 1763 1964 fuerunt

101 1999 358 2062 detrimentum
395 2014 471 2062 esse
509 1997 659 2076 propter
699 2001 909 2062 eminentem
963 2015 1097 2062 «arma
1112 2001 1310 2078 iniquitatis
1327 2000 1361 2063 et
1375 1999 1424 2061 sic
1438 1999 1639 2062 exhibuistis
1658 2017 1764 2061 mem-

100 2097 290 2159 setentiam
312 2101 395 2159 lese
417 2097 547 2162 Cbrtstt
563 2095 700 2178 (Philip.
735 2114 783 2172 nr,
806 2097 851 2180 8).
870 2099 907 2160 In
962 2116 980 2160 e
1001 2099 1063 2162 bra
1089 2100 1198 2164 vestra
1214 2100 1341 2162 servire
1355 2098 1526 2177 iniquitati
1540 2099 1581 2160 ad
1597 2098 1762 2178 iniquita-

101 2210 219 2272 0pere,
235 2195 405 2274 sicutipse
417 2195 486 2257 ait:
503 2196 740 2260 Ptmcceterts
752 2200 908 2260 laborent
961 2215 980 2261 s
1002 2199 1089 2272 tem,
1117 2198 1165 2260 ita
1188 2213 1279 2262 nune
1304 2195 1460 2260 exhibete
1481 2197 1630 2260 membra
1651 2199 1763 2260 restra

102 2290 136 2372 (Ι
151 2294 227 2354 Cor.
248 2310 304 2366 xv,
326 2292 378 2373 10)
400 2294 478 2372 quia
493 2295 710 2372 Evangeiium
725 2294 860 2372 regibus
875 2296 908 2357 et
962 2296 1130 2358 «servire
1163 2296 1304 2374 Justitiae
1345 2297 1382 2358 in
1417 2295 1716 2358 sanctificationem
1744 2312 1763 2357 a

102 2390 313 2468 principibus
328 2392 408 2454 etin
423 2393 491 2454 toto
507 2391 586 2454 orbe
607 2395 742 2472 portare
761 2395 794 2456 et
814 2409 905 2472 pras·
963 2393 1073 2475 (Rom.
1093 2410 1140 2468 vr,
1162 2393 1226 2475 13).
1244 2396 1346 2472 Clitus
1372 2409 1453 2470 ergo
1479 2395 1579 2471 caput
1600 2393 1680 2456 olim
1702 2409 1763 2454 su-

103 2488 221 2550 dicare
239 2504 299 2568 pro
323 2489 457 2552 nomine
480 2492 560 2553 Jssu
580 2505 648 2552 non
669 2489 843 2554 dubitavit.
869 2493 906 2554 in
962 2508 1147 2571 pergressus
1160 2495 1239 2555 sunt
1249 2491 1454 2571 iniquitates,
1464 2493 1536 2569 jam
1547 2491 1649 2568 ungat
1663 2491 1765 2570 eaput-

101 2585 271 2660 doctrina,
288 2587 367 2665 quia
379 2588 490 2649 nullus
509 2589 556 2650 ita
572 2587 684 2654 docuit
698 2589 730 2651 et
744 2588 908 2653 informa·
962 2607 1058 2652 suum
1081 2590 1156 2653 oleo
1177 2590 1304 2654 laetitiae
1327 2589 1362 2654 et
1382 2589 1599 2662 exultatione,
1620 2590 1654 2652 et
1663 2590 1761 2668 juxta

102 2684 158 2748 vit
186 2686 379 2760 Ecclesiam,
408 2687 602 2765 sicutipse.
631 2687 710 2750 Inde
741 2687 906 2766 estquod
961 2689 1122 2769 sapientis
1150 2689 1348 2763 consilium,
1383 2704 1496 2752 coram
1535 2704 1619 2750 cano
1653 2687 1779 2765 capite-

101 2781 210 2846 rerha
225 2783 374 2861 Apostoli
391 2784 551 2847 resonant
564 2786 600 2846 in
615 2786 773 2850 universa
787 2785 907 2850 Ecclc-
962 2789 1101 2852 inclinet
1114 2789 1216 2866 caput
1235 2803 1344 2851 suum.
1362 2788 1423 2850 Cui
1437 2788 1509 2850 erat
1536 2786 1629 2848 frons
1651 2801 1762 2848 inere-

102 2881 171 2942 sia.
190 2881 283 2944 Unde
296 2881 332 2943 in
345 2882 483 2944 Actibus
495 2883 751 2961 Apostolorum:
774 2889 907 2947 Petere
961 2888 1056 2949 tricis
1070 2887 1106 2950 ut
1118 2886 1222 2950 nollet
1233 2886 1414 2964 aliqnando
1428 2884 1715 2962 erubescere,jam
1726 2884 1762 2946 in

99 2980 335 3051 coltfirmobat
356 2983 527 3044 Ecclesiae
557 2983 738 3058 disputem
766 2982 800 3044 et
824 2996 908 3046 sue·
962 2985 1041 3048 sede
1056 2985 1205 3063 pudoris,
1220 2985 1317 3057 idest,
1334 2984 1371 3046 in
1391 2984 1502 3046 fronte
1524 2981 1761 3046 verecundiam

102 3079 244 3139 derecte
258 3093 366 3155 repeo
379 3081 444 3142 Det
459 3077 545 3158 (Act.
561 3096 617 3153 xv,
638 3077 704 3160 41).
962 3083 1130 3164 perferat,
1156 3083 1189 3146 et
1211 3082 1397 3146 erubescat.
1427 3081 1521 3144 Unde
1548 3081 1585 3142 in
1609 3080 1759 3160 psalmo:

143 3176 349 3252 Epoaatem
362 3177 453 3240 steot
464 3180 556 3240 ottae
567 3179 765 3254 smectisera.
784 3177 908 3242 Beatus
961 3183 1073 3256 Beati,
1096 3196 1245 3258 quorem
1264 3183 1424 3244 remissae
1445 3181 1526 3244 seret
1550 3179 1761 3255 tramuttates,

102 3273 233 3335 Paulus
258 3273 428 3352 apostolus
453 3275 516 3338 fuit
535 3274 623 3338 oliva
642 3276 806 3354 speciosa,
828 3293 909 3354 spa·
962 3281 996 3344 et
1009 3281 1259 3356 quormntecte
1272 3279 1354 3342 aunt
1366 3280 1508 3355 peccata
1523 3275 1592 3358 (Ps.
1607 3279 1657 3351 31,
1676 3275 1720 3357 1).

101 3371 192 3433 tiosa
208 3371 242 3433 et
255 3372 412 3450 pretiosa.
430 3373 590 3451 Speciosa
608 3374 644 3436 in
668 3374 817 3450 fioribus,
834 3391 909 3453 spa·
1003 3378 1039 3444 Si
1054 3379 1143 3442 enim
1168 3379 1269 3440 homo
1287 3377 1380 3454 tegit,
1407 3379 1495 3440 Deus
1520 3376 1654 3453 detegit,
1676 3377 1710 3440 et
1732 3375 1762 3438 ei

100 3469 192 3531 tiosa
212 3469 249 3532 in
266 3470 449 3545 frondibus,
468 3471 501 3534 et
515 3472 661 3550 pretiosa
680 3473 716 3536 in
731 3472 904 3538 fructibus.
962 3479 1061 3540 homo
1075 3477 1210 3555 detegit,
1227 3479 1314 3541 Deus
1338 3477 1431 3554 tegit.
1455 3479 1654 3553 Detegamus
1669 3491 1760 3552 ergo,

101 3568 266 3645 Speciosa
280 3569 316 3632 in
337 3569 487 3644 fioribus,
502 3570 592 3648 quia,
608 3571 696 3634 sicut
710 3571 811 3634 fiores
830 3572 908 3634 amit
962 3576 1094 3651 fratres,
1122 3577 1155 3640 et
1171 3592 1245 3649 nos,
1262 3576 1492 3652 dum-tempus
1519 3571 1680 3636 habemus
1703 3589 1764 3651 per

101 3666 238 3744 pulchri
252 3667 295 3730 ad
309 3667 500 3742 videndum,
516 3669 564 3731 ita
579 3685 689 3732 mores
705 3670 795 3733 beati
809 3670 907 3732 Pauli
960 3674 1203 3753 poenitentiam,
1215 3675 1253 3736 ut
1267 3675 1355 3736 Deus
1372 3689 1413 3736 ea
1427 3672 1518 3748 tegat
1536 3672 1572 3732 in
1594 3670 1717 3742 futuro,
1729 3672 1763 3733 et

101 3763 249 3841 apostoli
263 3766 399 3828 fuerunt
412 3767 500 3844 grati
516 3768 585 3830 Deo
599 3768 634 3830 et
653 3770 782 3848 accepti
797 3768 908 3830 homi·
961 3788 1027 3834 non
1048 3771 1159 3835 videat
1179 3771 1221 3833 ad
1240 3770 1432 3833 vindictam.
1449 3769 1548 3832 Scitis
1574 3768 1665 3830 enim
1682 3769 1762 3845 quia

101 3863 908 3944 nibus.Undaipseait:Gratteileisomtdpuod
962 3872 1044 3933 Cain
1067 3869 1209 3947 tegendo
1236 3869 1270 3931 ot
1295 3867 1487 3931 excusando
1513 3867 1699 3945 peccatum,
1725 3867 1761 3927 in

98 3977 182 4023 sarm
207 3963 241 4024 et
262 3965 380 4040 aram
399 3967 464 4028 Del
487 3981 627 4042 seraper
652 3969 689 4028 in
710 3981 766 4028 mc
788 3967 907 4030 maliet
962 3967 1205 4048 desperationis
1231 3967 1388 4045 laqueum
1409 3965 1538 4039 incidit,
1559 3966 1593 4028 et
1613 3966 1763 4028 econtra

100 4062 143 4132 il,
157 4063 233 4121 Cor.
244 4078 300 4135 xv,
314 4061 378 4142 10).
390 4064 429 4125 litt
441 4063 528 4125 idern
545 4064 809 4128 :errovidentes
819 4064 907 4126 bona
961 4067 1066 4132 David
1081 4083 1141 4145 per
1153 4064 1396 4129 confessionam
1411 4065 1544 4127 vernam
1559 4063 1761 4141 impetravit.

99 4179 118 4220 ‹
144 4159 454 4223 nonsolumcoram
465 4163 832 4228 Deosedetiameoram
843 4164 908 4226 ho-
961 4168 1002 4229 nt
1026 4167 1056 4228 si
1082 4166 1233 4230 dolemus
1261 4165 1377 4237 corde,
1403 4165 1436 4226 et
1463 4162 1660 4225 confitemur
1686 4177 1760 4234 ora,

99 4275 118 4318 e
141 4257 302 4333 minibus,
320 4259 398 4338 quia
412 4262 544 4338 oportet
560 4277 621 4324 nos
636 4262 761 4326 hahere
783 4261 907 4325 bonum
961 4263 1207 4330 satisfaciamus
1228 4262 1448 4325 nihilominus
1472 4275 1584 4340 opere.
1609 4262 1689 4322 Haec
1713 4262 1765 4322 est

99 4375 119 4417 e
141 4357 372 4420 testimonium
382 4357 423 4420 ab
438 4359 482 4422 iis
494 4359 551 4438 qui
563 4361 642 4424 sunt
655 4361 745 4424 intus
760 4361 794 4424 et
807 4361 849 4424 ab
863 4363 906 4424 iis
962 4363 1100 4425 mutatio
1119 4362 1267 4424 dexterae
1288 4359 1432 4433 Excelsi,
1448 4359 1579 4438 quando
1608 4358 1765 4436 peccator

102 4473 121 4516 e
145 4455 204 4533 qui
227 4457 305 4518 sunt
325 4455 440 4520 foris»
456 4456 564 4538 (Rom.
582 4475 643 4534 xn,
664 4458 716 4540 17)
729 4460 817 4523 sicut
835 4461 907 4539 ipse
962 4476 1021 4540 per
1035 4460 1264 4538 poenitentiam
1279 4464 1313 4522 et
1327 4457 1561 4522 contritionem
1576 4455 1686 4518 cordis
1700 4471 1761 4516 re-

100 4555 150 4616 ait
171 4554 215 4616 ad
230 4553 441 4620 Titumtcin
463 4556 616 4620 omnibus
636 4558 780 4636 teipsum
795 4559 906 4636 praebe
962 4559 1082 4638 linquit
1101 4557 1271 4622 diabolum
1296 4558 1330 4620 et
1354 4557 1505 4618 adhaeret
1525 4557 1605 4627 Deo,
1622 4552 1764 4630 despicit

101 4670 119 4714 e
143 4651 334 4730 exemplum
344 4652 507 4716 honorum
516 4671 695 4734 operum.»
710 4657 787 4737 trit.
805 4673 842 4730 11,
858 4655 905 4738 7.)
962 4657 1130 4720 mundana
1158 4657 1192 4720 et
1214 4655 1351 4730 caduca,
1368 4655 1402 4718 et
1424 4653 1535 4730 diligit
1557 4651 1707 4714 coelestia
1730 4650 1764 4713 et

100 4755 226 4814 Beatus
242 4751 365 4814 Paulus
379 4751 548 4830 apostolus
564 4753 628 4818 fuit
639 4753 740 4817 arbor
754 4755 907 4833 speciosa
962 4757 1106 4828 aterna,
1129 4753 1217 4816 sicut
1241 4753 1364 4814 dicitur
1386 4753 1423 4812 in
1446 4749 1619 4812 Ezechiale
1642 4769 1650 4809 ε
1671 4750 1764 4815 Qum·¹

102 4850 137 4910 in
153 4848 305 4922 floribus,
318 4850 396 4928 quia
408 4851 444 4912 in
456 4867 494 4913 eo
505 4852 627 4914 claruit
637 4853 745 4920 omnis
757 4853 908 4931 pulchri·
961 4867 1105 4928 cumque
1140 4855 1195 4914 dte
1227 4851 1389 4926 peccator
1428 4862 1616 4911 conversus
1654 4846 1765 4922 suerit

102 4948 182 5012 tudo
197 4947 383 5010 honestatis
397 4951 432 5012 et
445 4965 586 5012 morum.
605 4951 700 5013 Unde
714 4951 786 5029 ipse
801 4951 905 5014 dixit:
963 4951 1095 5031 (Erech.
1109 4964 1231 5024 xxmn,
1246 4946 1311 5028 12),
1326 4947 1404 5026 quia
1417 4947 1488 5024 ipse
1502 4961 1570 5007 non
1584 4945 1656 5008 vult
1674 4960 1765 5006 mor-

102 5063 121 5107 e
144 5049 368 5125 Quaecumque
388 5049 793 5129 suntvera,quaecumque
810 5050 909 5128 pudi-
961 5050 1029 5112 tem
1044 5047 1241 5128 peccatoris,
1256 5046 1314 5108 sed
1332 5047 1369 5108 ut
1382 5045 1598 5108 convertatur
1615 5045 1648 5105 et
1659 5043 1762 5106 vivat.

103 5161 122 5205 ‹
144 5161 194 5219 ca,
210 5147 538 5224 quaecumqueJ'usta,
551 5163 768 5227 quascumque
779 5149 907 5222 sancta,
963 5148 1041 5209 ideo
1057 5150 1144 5208 Deus
1157 5147 1296 5208 mortem
1307 5145 1492 5222 peccatoris
1504 5159 1573 5205 non
1586 5143 1668 5213 vuit,
1686 5140 1765 5219 quia

103 5259 362 5322 «quacumque
387 5244 557 5319 amabilia,
575 5262 791 5326 quaecumque
812 5247 909 5309 bonae
964 5250 1051 5309 Deus
1077 5245 1217 5308 mortem
1232 5260 1298 5308 non
1322 5242 1412 5305 fecit.
1435 5243 1512 5304 ideo
1526 5256 1606 5304 raro
1626 5242 1765 5302 mortem

103 5358 123 5402 ‹
144 5342 254 5416 famae,
272 5342 345 5404 haee
359 5343 502 5420 cogitate
517 5361 590 5422 quae
603 5344 780 5420 didicistis,
799 5349 832 5408 et
846 5362 911 5407 au·
964 5361 1031 5408 non
1045 5343 1133 5416 fecit,
1150 5343 1229 5422 quia
1242 5341 1327 5420 quod
1344 5339 1543 5413 factumest,
1560 5339 1597 5400 in
1613 5338 1684 5416 ipso
1696 5336 1766 5398 vita

104 5439 241 5503 «distis
262 5440 296 5503 et
321 5442 509 5519 accepistis,
540 5444 573 5505 et
597 5443 729 5506 vidistis
750 5444 785 5506 in
812 5459 910 5506 me.»
966 5445 1049 5506 erat.
1075 5443 1115 5504 m
1129 5441 1203 5504 ideo
1217 5440 1304 5518 quod
1318 5440 1442 5502 factum
1466 5439 1527 5510 est,
1548 5437 1584 5498 in
1608 5437 1682 5513 ipso
1698 5435 1767 5497 vita

107 5536 246 5618 (Philip.
264 5553 309 5612 1v,
319 5538 366 5619 8.)
379 5542 420 5602 Et
429 5540 516 5618 quod
527 5557 587 5618 per
596 5541 696 5604 fiores
708 5541 788 5604 boni
801 5559 910 5606 mores
968 5541 1051 5614 erat,
1069 5540 1147 5618 quia
1159 5541 1232 5616 ipse
1245 5538 1295 5601 est
1308 5539 1375 5611 via,
1389 5537 1528 5609 veritas,
1545 5536 1577 5596 et
1592 5535 1671 5596 vita.
1689 5532 1767 5594 ideo

107 5637 478 5716 accipiantur,tastatur
489 5654 611 5716 sponsa
622 5641 657 5701 in
666 5641 810 5703 canticis
823 5643 912 5704 Gan·
968 5655 1099 5718 quoque
1113 5641 1201 5699 Deus
1225 5637 1365 5700 mortem
1392 5633 1576 5714 peccatoris
1599 5648 1665 5694 non
1684 5631 1766 5704 ruit,

107 5735 262 5828 ticorum,
278 5735 491 5800 ubidicitur:
508 5738 875 5813 Flltcttemettortbes.
969 5737 1047 5817 quia
1075 5752 1166 5798 mors
1193 5737 1404 5814 peccatorum
1429 5732 1574 5811 pessima
1603 5731 1663 5791 est.
1691 5729 1769 5790 idco
