3984 6306
300 321 360 388 elo
763 311 938 380 uououn
960 314 1005 377 ιιι
1026 311 1174 377 omumu
1193 307 1479 376 -snnuortns
1554 291 1556 296 ’
1605 301 1607 306 ’
1848 321 1891 385 no
1958 268 1962 322 '³

342 481 407 548 Sed
422 481 495 542 haeo
516 477 627 542 omnia
644 493 718 556 quae
738 475 882 539 diximus
907 475 992 545 neri,
1013 490 1094 553 pos·
1148 476 1304 536 moltibus
1332 473 1542 546 ocsttuntur,
1567 476 1603 534 tu
1634 476 1775 537 dotntdtts
1801 491 1892 555 reptet

301 579 378 641 sunt
393 576 530 654 mystice
540 573 765 650 interpretari.
776 575 863 633 Gens
873 585 1016 649 namque
1026 587 1097 632 sur·
1149 573 1229 633 suot
1243 570 1373 651 (uattn.
1386 586 1433 644 ιιι,
1445 568 1491 650 8),
1508 569 1563 632 ubi
1578 571 1706 648 superbi
1719 572 1865 637 abundant

301 677 351 753 glt
371 675 485 736 contra
513 673 660 748 gentem,
683 687 775 746 gensv
796 670 952 731 vitiorum
981 669 1096 731 contra
1191 671 1241 730 Ita
1264 669 1351 730 bella
1366 670 1449 730 liunt
1470 669 1559 730 intus
1585 668 1620 729 in
1646 670 1759 742 anima,
1779 672 1810 732 ut
1827 674 1894 734 rarii

301 773 432 850 gentem
447 771 618 849 uirtutum,
636 767 802 840 videlicet,
820 768 956 828 luxuria
980 767 1096 827 contra
1150 767 1269 842 gratia,
1287 767 1421 828 luxuria
1436 765 1535 839 dicat,
1559 765 1644 828 sicut
1667 769 1794 829 testatur
1810 767 1894 830 heatus

302 869 499 932 castitatem.
516 866 750 943 Propterquod
762 865 900 926 dicitur:
915 879 934 924 o
947 865 1096 924 extrema
1151 865 1330 941 Gregorius
1347 881 1391 925 e«
1411 865 1446 926 Si
1465 867 1554 926 Deus
1577 865 1773 940 omnipotens
1796 866 1895 926 misceri

301 1063 481 1136 effeminat,
505 1061 562 1123 sed
586 1077 706 1139 corpus
730 1060 877 1132 enervat,
899 1075 966 1121 non
990 1059 1096 1120 solum
1151 1059 1211 1121 hra
1226 1059 1366 1121 coeundi
1381 1060 1459 1137 apta
1481 1059 1595 1120 usibus
1619 1075 1683 1122 non
1704 1059 1898 1120 iecisset.»llt

302 1162 448 1224 maculat
460 1159 615 1232 animam,
628 1159 685 1220 sed
696 1157 995 1236 ioedatpersonam.
1009 1160 1098 1218 Sem·
1151 1157 1351 1220 econtrario
1366 1158 1502 1220 castitas
1517 1158 1642 1235 pugnat
1659 1157 1782 1218 dicens=
1801 1157 1830 1217 Si
1841 1171 1896 1216 cor-

301 1275 362 1338 per
386 1260 479 1320 illam
501 1257 693 1336 praecedunt
716 1256 817 1318 ardor
842 1258 875 1318 et
902 1255 1094 1332 petulantia,
1152 1270 1233 1332 pora
1255 1255 1369 1318 nostra
1385 1256 1462 1317 sunt
1482 1255 1640 1332 templum
1661 1254 1791 1330 Spiritus
1804 1254 1896 1322 Sancti,

302 1373 434 1434 semper
462 1355 662 1417 comitantur
688 1353 784 1416 foetor
812 1355 845 1415 et
872 1352 1094 1424 immunditia,
1152 1367 1218 1414 non
1233 1353 1328 1414 decet
1346 1354 1381 1413 in
1403 1353 1526 1430 templo
1550 1353 1609 1414 Dei
1631 1352 1836 1429 quodcumque
1846 1365 1898 1409 sor-

303 1471 434 1532 semper
449 1453 632 1530 sequuntur
648 1453 743 1514 dolor
757 1452 790 1514 et
804 1450 1011 1530 poenitentia.
1030 1451 1097 1511 Fa·
1152 1450 1264 1511 didum
1301 1451 1459 1512 inveniri.
1495 1453 1541 1512 De
1573 1450 1638 1512 hac
1674 1463 1775 1526 pugna
1803 1445 1900 1508 dicebat

302 1552 444 1614 miliaris
460 1553 510 1613 est
524 1550 680 1612 inimicus
693 1549 749 1626 qui
762 1548 891 1611 habitat
903 1563 969 1610 non
982 1546 1097 1626 procul
1153 1548 1330 1624 Apostolus
1347 1570 1355 1608 ο
1372 1549 1462 1610 Caro
1476 1548 1683 1623 concupiscit
1693 1546 1900 1616 adversusspi-

302 1649 359 1712 sed
375 1663 487 1727 prope,
505 1663 571 1710 non
587 1648 734 1710 exterius
750 1646 806 1708 sed
831 1647 984 1708 interius.
1004 1649 1099 1708 Nam
1152 1647 1272 1718 ritum,
1301 1647 1449 1720 sptrttus
1473 1647 1591 1708 cutem
1620 1649 1779 1706 adversus
1794 1654 1902 1702 caruem

301 1749 417 1809 virtus
430 1750 505 1820 ejus
514 1749 551 1808 to
564 1749 686 1809 lumbis
695 1747 780 1817 ejus,
790 1747 824 1806 et
833 1745 999 1819 fortitudo
1007 1746 1097 1804 ttttus
1153 1741 1275 1822 (Galat.
1298 1740 1411 1822 v,17).
1434 1744 1469 1805 Si
1494 1743 1578 1810 bene
1606 1741 1826 1808 consideretur,
1846 1751 1901 1796 caro

301 1849 340 1906 tu
354 1847 510 1906 teuzotttco
523 1844 657 1904 centris
666 1845 742 1915 ejus
753 1841 839 1920 (Job.
856 1855 903 1914 ιιι,
914 1835 978 1919 11).
992 1841 1098 1900 Num·
1151 1857 1218 1904 nou
1229 1841 1443 1918 concupiscit,
1456 1841 1534 1920 quia
1549 1840 1635 1902 nihil
1648 1835 1834 1916 concupiscit
1845 1846 1900 1894 cam

303 1959 401 2020 quam
418 1942 551 2017 sugatur
569 1941 636 2000 nisi
659 1955 734 2001 cum
759 1937 895 2016 sugitur,
917 1953 1097 2016 numquam
1152 1939 1224 2000 sine
1237 1939 1375 2016 spiritu3
1392 1953 1499 2018 neque
1517 1939 1654 2016 spiritus
1671 1931 1852 2011 concupiscit
1860 1929 1902 1990 ad·

301 2040 466 2101 mactatur
485 2039 550 2099 nisi
565 2054 640 2099 cum
655 2038 853 2100 maceratur.
872 2039 951 2098 Haec
966 2051 1097 2098 ornnem
1151 2053 1268 2100 versus
1278 2051 1423 2110 carnem,
1435 2037 1512 2115 quia
1523 2036 1634 2113 diligit
1642 2037 1755 2113 ipsam,
1767 2030 1840 2092 sicut
1847 2025 1903 2087 dicit

301 2139 432 2200 aetatem
454 2135 645 2213 corrumpit,
662 2151 793 2196 omnem
819 2150 935 2196 sexum
956 2134 1098 2196 confun-
1151 2135 1469 2212 Apostolus2ltlemo
1478 2123 1904 2196 carnemsuamodtototutt

301 2235 359 2304 dit,
374 2250 503 2296 omnem
520 2233 669 2295 ordinem
685 2232 793 2304 solvit,
808 2247 938 2294 omnem
957 2232 1096 2308 gradum
1152 2220 1904 2312 (sparsa).seduictumestconcopiscere,qm

300 2332 470 2410 pervertit.
485 2331 616 2393 Invadit
629 2331 717 2392 enim
731 2343 839 2402 senes,
850 2333 1002 2407 juvenes,
1019 2345 1095 2390 ma·
1151 2331 1300 2394 carnalia
1316 2330 1398 2392 vitia
1415 2329 1654 2408 concupiscunt
1667 2329 1815 2391 adversus
1831 2319 1904 2396 spiri·

299 2445 354 2492 res
371 2429 403 2490 et
415 2429 580 2501 immines,
598 2427 777 2505 prudentes
792 2427 825 2488 et
843 2427 1023 2504 simplices,
1045 2443 1097 2488 su·
1150 2430 1230 2502 tum,
1241 2429 1417 2507 etspiritus
1429 2428 1588 2490 adversus
1602 2428 1672 2490 illa.
1681 2429 1819 2500 Regnum
1826 2415 1904 2490 surgit

301 2527 449 2606 periores
463 2527 498 2588 et
511 2525 702 2588 interiores.
1151 2527 1311 2588 adversus
1340 2540 1489 2602 regnum.
1510 2529 1662 2602 Regnum
1677 2519 1848 2599 cupiditatis
1860 2513 1904 2574 ad·

340 2623 502 2700 Superbia
522 2624 637 2685 contra
658 2639 791 2684 omnem
813 2622 1045 2694 humilitatem,
1063 2624 1097 2684 et
1150 2641 1267 2686 versus
1284 2639 1425 2701 regnum
1440 2624 1616 2696 castitatis,
1636 2623 1670 2685 et
1693 2633 1788 2682 unum
1800 2625 1905 2690 regnum

300 2721 350 2782 sic
364 2721 405 2782 de
420 2721 561 2782 caeteris.
579 2723 604 2782 O
620 2719 777 2796 superbia
788 2720 916 2780 cunctis
931 2719 1095 2796 importa—
1150 2722 1290 2784 destruit
1312 2721 1415 2783 aliud.
1433 2722 1526 2783 Unde
1545 2720 1768 2798 Augustinus:
1784 2709 1907 2784 «Quanto

298 2817 389 2886 bilis,
404 2817 555 2880 omnihus
574 2817 702 2889 odiosa,
720 2817 807 2878 inter
827 2817 938 2878 omnia
963 2817 1045 2879 vitia
1059 2819 1095 2879 tu
1151 2821 1256 2897 magis
1271 2835 1409 2896 regnum
1430 2820 1622 2897 cupiditatis
1646 2814 1826 2882 destruitur,
1841 2805 1906 2868 11111

301 2930 433 2993 semper
446 2931 481 2976 es
497 2915 614 2990 prima,
626 2916 663 2975 tu
676 2929 807 2990 semper
821 2929 857 2975 es
873 2915 1002 2976 ultima.
1011 2916 1095 2976 Nam
1150 2918 1256 2994 magis
1270 2931 1409 2994 regnum
1429 2916 1603 2978 charitatis
1618 2916 1767 2994 augetur.
1782 2927 1798 2971 s
1811 2899 1908 2978 Regnat

301 3028 398 3074 omne
413 3013 583 3089 peccatum
594 3011 813 3074 teacoedente
823 3012 1048 3084 committitur,
1062 3013 1095 3074 te
1150 3015 1295 3076 carnalis
1323 3015 1498 3092 cupiditas,
1522 3013 1577 3075 ubi
1611 3029 1679 3076 nou
1702 3010 1752 3075 est
1773 3007 1825 3070 Dei
1846 3002 1907 3064 cla·

300 3111 474 3174 recedente
496 3110 683 3172 dimittitur.
713 3110 878 3187 Scriptum
902 3111 954 3172 est
979 3111 1093 3171 enim:
1149 3113 1242 3175 ritas.
1270 3115 1374 3174 Terra
1394 3114 1444 3175 est
1464 3128 1543 3174 caro
1563 3113 1690 3184 nostra,
1718 3108 1798 3171 sicut
1816 3101 1908 3164 dictm

300 3205 1093 3286 Iotttumomutspecccttestsuperbto(Eccitx,
1150 3213 1200 3272 est
1219 3211 1323 3288 primo
1346 3210 1474 3272 homini
1489 3233 1498 3270 ε
1516 3213 1627 3273 Terra
1645 3225 1693 3282 cs,
1708 3208 1742 3270 et
1759 3209 1793 3267 tn
1807 3203 1909 3262 terrum

301 3304 365 3384 15).
380 3307 405 3366 Ο
421 3304 576 3382 superbia
589 3305 814 3383 praesumpti0,
832 3309 1095 3383 praesumptuosa
1150 3311 1213 3369 tots
1229 3307 1324 3387 (Gen.
1341 3323 1390 3380 ιιι,
1409 3307 1472 3386 19).

300 3403 548 3481 superbiaque
563 3419 631 3464 non
647 3403 899 3480 solumangelos
913 3406 980 3465 Deo
990 3405 1095 3466 voluit
1190 3407 1247 3468 list
1273 3407 1383 3468 autem
1408 3406 1531 3483 triplex
1549 3407 1641 3468 terra
1658 3423 1666 3466 ι
1683 3405 1772 3466 terra
1793 3411 1855 3477 ‹111ae
1875 3387 1910 3452 θεἰ

299 3501 488 3578 adaequare,
506 3500 563 3560 sed
586 3499 737 3561 homines
759 3501 970 3577 praesumpsit
995 3501 1094 3562 deili—
1150 3501 1210 3564 sub
1249 3503 1404 3576 homine,
1440 3504 1529 3565 terra
1558 3519 1634 3581 quae
1675 3503 1726 3565 est
1762 3500 1866 3562 homo,
1889 3487 1910 3546 tt

299 3614 387 3660 care.
404 3600 509 3660 Porro
532 3613 613 3674 quos
637 3597 745 3660 erexit
768 3597 941 3675 depressit,
958 3599 991 3661 et
1012 3614 1094 3676 quos
1149 3602 1239 3662 terra
1273 3617 1347 3680 quae
1382 3601 1432 3664 est
1461 3617 1561 3678 super
1593 3601 1776 3665 hominem.
1803 3595 1909 3655 Terram

299 3696 461 3758 exaltavit
474 3694 672 3757 humiliarit.
685 3696 742 3757 Est
756 3696 843 3756 enim
854 3695 1010 3774 superbia
1026 3713 1095 3758 cor·
1149 3715 1223 3776 quae
1251 3702 1303 3761 est
1330 3698 1391 3760 suh
1424 3699 1574 3772 homine,
1603 3700 1704 3762 homo
1730 3693 1844 3763 calcat;
1863 3687 1912 3746 ter·

298 3795 360 3866 dis,
378 3792 533 3870 superbia
546 3794 627 3865 oris,
642 3793 799 3870 superbia
809 3796 920 3871 operis
929 3809 988 3856 seu
999 3794 1095 3856 liabi-
1149 3811 1220 3858 ram
1244 3813 1317 3874 quae
1338 3798 1389 3860 est
1410 3796 1520 3870 homo,
1544 3798 1644 3860 homo
1672 3795 1798 3875 portat;
1818 3791 1911 3850 mnan

298 3892 364 3953 tus.
382 3890 544 3967 Superbia
559 3890 679 3962 cordis,
699 3889 830 3969 quando
847 3891 946 3953 homo
960 3893 995 3952 in
1009 3908 1094 3954 ocu·
1149 3911 1222 3970 quae
1242 3893 1293 3956 est
1317 3907 1416 3971 super
1444 3895 1624 3968 hominem,
1642 3897 1742 3956 homo
1768 3877 1911 3952 destant·

298 3989 341 4048 lis
368 3987 438 4048 suis
462 4003 601 4063 magnus
622 3987 681 4059 est,
699 3989 815 4050 contra
839 4004 938 4065 quam
960 3989 1094 4065 sapiens
1149 3991 1313 4068 Deprima
1328 3991 1488 4070 scriptum
1504 3995 1727 4056 estzDomtot
1741 3989 1790 4052 est
1803 3973 1913 4047 terrast

299 4085 373 4147 orat
387 4085 501 4145 dicens
519 4104 526 4144 :
542 4083 790 4146 limtotteuttam
803 4091 979 4147 octaorum
999 4101 1095 4150 meo-
1147 4091 1323 4162 pleuttmto
1346 4093 1421 4162 ejus
1445 4088 1580 4169 (Ps.23,
1598 4091 1644 4172 1).
1666 4093 1713 4152 De
1728 4081 1859 4149 secunda
1869 4069 1913 4138 Joi

296 4197 380 4244 rum
403 4195 447 4242 oe
469 4183 606 4241 dederis
624 4181 710 4241 mtut
734 4179 849 4258 (tiocli.
875 4195 972 4254 xxru,
989 4181 1036 4262 5).
1055 4185 1095 4245 nt
1149 4201 1223 4247 oum
1247 4185 1449 4249 describeret
1476 4187 1668 4265 passionem
1692 4178 1846 4262 unigeniti
1862 4169 1912 4239 liei,
1962 4249 1963 4252 Ἴ

298 4277 415 4341 alibi:
455 4281 511 4338 Vsa
536 4279 595 4351 put
618 4279 793 4352 sapientes
816 4279 900 4340 estts
926 4282 963 4340 tn
988 4285 1094 4343 ocutis
1149 4283 1196 4344 ait
1212 4305 1219 4344 ε
1238 4287 1347 4347 Terra
1372 4285 1454 4347 datu
1468 4287 1521 4348 est
1541 4290 1579 4346 tn
1605 4300 1733 4348 manus
1747 4267 1911 4356 impp-(toi.

297 4377 425 4439 cestris
439 4371 496 4452 (ls.
509 4389 542 4445 v,
556 4371 622 4452 21).
640 4373 803 4450 Superbia
819 4375 887 4436 oris
902 4376 955 4438 vel
970 4377 1093 4454 linguae
1148 4397 1194 4453 ιιι,
1211 4379 1276 4461 24),
1295 4381 1391 4456 idest,
1413 4399 1491 4446 caro
1506 4383 1641 4457 Christi,
1657 4384 1736 4446 data
1761 4379 1809 4442 est
1827 4376 1856 4436 in
1872 4383 1915 4445 po·

297 4475 350 4536 est
364 4488 437 4551 qum
448 4471 612 4549 jactantia
628 4471 760 4545 dicitur,
771 4473 902 4549 quando
915 4473 1014 4536 homo
1026 4491 1093 4537 non
1146 4478 1266 4541 testate
1293 4481 1526 4557 persecutoris.
1557 4483 1604 4543 De
1618 4481 1719 4544 tertia
1745 4477 1819 4540 filiis
1837 4461 1914 4532 lsrael

298 4572 405 4634 solum
420 4585 541 4646 magna
560 4569 777 4642 desesentit,
796 4571 969 4633 sedetiam
985 4573 1094 4650 loqui·
1148 4575 1269 4638 dicitur
1290 4599 1299 4638 ο
1321 4581 1359 4640 St
1383 4581 1538 4654 feceritis
1558 4595 1636 4654 qum
1659 4577 1810 4654 precept
1834 4566 1914 4632 volt.

297 4672 362 4734 tur.
388 4669 482 4732 Unde
512 4668 658 4746 psalmus
684 4689 692 4728 ι
718 4669 905 4743 Dtspcrdot
925 4673 1093 4734 Dominus
1147 4665 1915 4756 deoctes·ro.‘come‹tet·s‘s(Deutiu,15).P1'i¹11a

295 4773 463 4831 universo
482 4769 573 4830 tauta
587 4766 912 4843 comsaetttupuam
925 4773 1093 4846 mopotto-
1145 4772 1235 4834 terra
1256 4772 1307 4838 est
1328 4773 1526 4836 elementum
1550 4775 1696 4848 visibile,
1712 4768 1848 4836 secunda
1861 4773 1917 4823 cor

296 4882 400 4942 quom
416 4863 501 4942 -(Ps.
530 4865 585 4934 11,
615 4862 667 4941 1).
701 4862 863 4940 Superbia
891 4867 1001 4942 operis
1029 4869 1089 4940 est,
1146 4886 1207 4948 pus
1242 4871 1425 4944 materiale,
1464 4873 1564 4935 tertia
1597 4873 1719 4935 coelum
1761 4857 1915 4947 spirituale·

296 4962 427 5041 qnando
442 4962 540 5021 homo
556 4960 697 5036 quadam
715 4961 934 5038 superbiant
952 4979 1091 5040 magnus
1146 4969 1258 5030 Prima
1266 4969 1356 5031 terra
1364 4972 1582 5045 mortuorum,
1590 4960 1915 5032 secundamoualium·

296 5058 471 5138 appareat,
500 5057 579 5134 agit.
614 5059 661 5118 De
691 5073 755 5135 quo
790 5059 877 5120 idem
913 5061 1091 5124 Psalmista
1145 5067 1450 5130 tertiaviventium.

295 5159 344 5220 nit
360 5179 367 5218 ο
383 5159 462 5218 Non
483 5155 646 5217 uaottaott
665 5158 701 5217 ta
724 5159 824 5220 domo
842 5173 922 5220 mea
936 5163 994 5233 out
1008 5161 1091 5235 soctt
1186 5165 1342 5242 Sequitur
1365 5180 1372 5227 :
1396 5166 1501 5228 lirunt
1527 5165 1626 5229 terras
1651 5166 1762 5228 motus
1786 5174 1842 5238 per
1862 5153 1917 5214 loca

295 5256 495 5330 superatam
514 5249 583 5331 (Ps.
611 5253 679 5325 100,
700 5251 746 5332 7).
773 5255 936 5333 Superbia
959 5257 1091 5320 habitus
1147 5259 1263 5340 (Marc.
1280 5279 1329 5334 ιιι,
1343 5261 1389 5342 8).
1414 5265 1528 5327 Terrae
1554 5267 1663 5328 motus
1691 5261 1769 5324 sunt
1792 5261 1917 5320 commo·

296 5354 357 5425 est,
386 5349 517 5429 quando
540 5349 639 5440 homo
661 5355 697 5414 ut
721 5351 889 5430 gloriosus
916 5359 1088 5433 appareat,
1145 5359 1253 5420 tiones
1276 5359 1399 5437 carnis,
1420 5362 1585 5435 videlicet,
1608 5362 1741 5440 quando
1756 5359 1919 5422 comitavit·

296 5466 332 5512 se
358 5447 515 5526 pretiosis
539 5447 686 5510 vestibus
719 5451 826 5512 ornat.
850 5453 972 5513 Contra
1004 5454 1090 5530 quod
1145 5458 1199 5518 tur
1210 5456 1251 5519 ad
1262 5457 1517 5530 iram,mamhra
1527 5460 1689 5538 genitalia
1705 5458 1746 5520 ad
1762 5447 1917 5518 luxuriam

227 5592 231 5602 .
288 5545 466 5626 ¹apostolus
492 5546 611 5607 Petrus
638 5548 738 5610 etiam
762 5549 960 5612 mulieribus
987 5551 1088 5614 dicit:
1145 5554 1262 5616 oculus
1272 5555 1313 5618 ad
1324 5557 1638 5634 concupiscentiam,
1659 5572 1778 5620 manus
1794 5551 1832 5614 ad
1846 5541 1919 5620 rapi·

295 5649 374 5708 Nou
397 5647 434 5706 tu
455 5645 550 5706 veste
572 5646 735 5719 pretioso.
757 5648 797 5710 Et
819 5648 1004 5710 Dominus:
1027 5652 1090 5717 out
1146 5667 1234 5725 nam,
1246 5654 1347 5732 pedes
1359 5653 1401 5716 ad
1412 5656 1653 5731 evagationem,
1664 5654 1779 5734 lingua
1791 5648 1830 5712 ad
1839 5640 1919 5708 male

1956 344 1961 430 ι

1954 503 1961 561 ι

1961 4605 1963 4654 l

1962 4665 1963 4702 l
