3984 6306
284 323 346 386 259
743 313 920 380 HONORII
943 310 988 372 111
1010 308 1159 372 OPERA.
1174 337 1215 356 -·
1230 309 1465 372 SERMONES.
1834 317 1875 378 200

285 483 344 553 lia,
358 481 454 560 quasi
477 495 612 544 anemos
627 479 733 542 lethes
753 475 888 554 propter
908 471 1083 552 quamdam
1177 471 1259 534 Item
1284 469 1456 534 sciendum
1480 471 1541 543 est,
1557 467 1641 548 quod
1657 471 1878 551 aliquandopas·

287 579 486 643 oblivionem
500 578 746 657 temporalium.
765 578 908 637 anemos
928 573 977 634 est
997 587 1082 632 ven·
1136 570 1202 633 tori
1227 569 1435 632 subtrahitur
1458 570 1567 645 gratia
1595 568 1877 648 praedicationispro

287 679 367 754 tus;
410 677 530 739 dicitur
562 676 668 738 lethes
698 673 833 736 oblivio.
869 671 996 732 Ventus
1033 669 1084 730 est
1136 668 1225 730 malo
1249 669 1368 730 merito
1396 667 1517 744 plebis,
1545 667 1715 744 aliquando
1736 683 1788 744 pro
1817 670 1879 730 nalo

286 777 355 840 vita
389 791 547 854 praesens.
588 774 714 836 Ventus
752 771 802 834 est
839 769 881 831 ad
919 766 1082 830 modicum
1137 766 1254 828 merito
1270 783 1337 827 suae
1353 765 1550 842 iniquitatis.
1565 765 1656 828 Unde
1671 764 1774 828 beatus
1787 768 1881 840 drogo-

287 889 418 952 parens.
445 873 539 935 Unde
557 871 619 936 Job
641 892 649 932 ι
676 869 849 932 Memento
877 868 957 938 mei,
978 869 1081 938 Deus,
1136 865 1207 925 rius
1225 885 1232 926 ι
1249 866 1377 942 ‹Saepe
1395 880 1454 942 pro
1476 880 1537 926 sua
1551 863 1721 942 iniquitate
1734 863 1881 940 pradican-

285 975 366 1046 qaum
385 972 509 1033 centus
534 969 671 1032 estella
692 963 997 1046 mea(Job.v11‚7).
1020 963 1081 1024 Li·-
1135 963 1218 1024 tium
1244 962 1360 1040 lingua
1387 962 1647 1038 restringitur.»
1677 963 1762 1038 Saepe
1779 975 1842 1022 vero
1860 963 1883 1020 et

284 1069 409 1131 beratis
433 1068 536 1144 igitur
557 1083 577 1130 a
598 1066 743 1144 peccatis
768 1063 941 1128 animabus
968 1061 1083 1122 subdi·
1136 1061 1359 1138 subjectorum
1374 1061 1471 1138 culpa
1486 1060 1567 1138 agit,
1584 1061 1620 1122 ut
1633 1059 1744 1137 eisqui
1761 1059 1882 1135 presunt

283 1168 405 1239 torum,
434 1181 493 1243 per
520 1165 643 1228 sanctae
658 1162 906 1243 praedicationis
924 1159 1079 1232 studium,
1136 1159 1383 1237 praedicabonis
1398 1173 1508 1220 sermo
1530 1157 1748 1220 subtrabatur.
1769 1153 1885 1217 Restrin-

286 1263 407 1326 erectis
424 1262 465 1325 ad
490 1267 593 1326 Deum
615 1279 675 1341 per
698 1261 845 1340 paradisi
867 1257 1080 1330 desiderimn,
1135 1257 1225 1333 gitur
1239 1258 1353 1335 lingua
1369 1257 1583 1335 predicantis
1598 1251 1886 1332 suanoquitla,slcul

285 1359 476 1423 laetantibus
488 1361 524 1422 in
539 1361 678 1422 Domino
692 1359 856 1437 perbonas
868 1356 1082 1419 conscientiae
1136 1355 1257 1418 dicitur
1280 1371 1340 1432 per
1367 1354 1579 1418 psalmistam
1594 1375 1601 1416 :
1615 1353 1784 1416 Peccatori
1799 1351 1887 1412 cutem

284 1457 522 1530 testimonium,
540 1459 690 1535 superest
703 1456 739 1520 ut
752 1456 881 1518 moneri
895 1454 1036 1517 debeant
1050 1454 1083 1516 et
1135 1455 1225 1516 dimit
1258 1458 1362 1527 Deus,
1388 1469 1497 1528 quare
1526 1453 1564 1515 tu
1595 1465 1740 1515 enarras
1762 1448 1886 1522 amcam

285 1554 450 1619 instanter
472 1555 611 1630 hortari,
635 1556 799 1633 quatenus
825 1569 866 1616 ea
895 1569 967 1631 qum
991 1551 1081 1613 retro
1135 1568 1232 1616 meas
1253 1553 1287 1616 et
1305 1555 1457 1614 assumis
1472 1551 1716 1614 testamentum
1732 1557 1888 1616 meamper

285 1652 365 1714 sunt
388 1651 493 1726 obliti,
510 1653 707 1732 temporalia
735 1653 863 1714 scilicet
884 1651 918 1713 et
943 1649 1081 1718 caduca,
1135 1664 1173 1712 os
1185 1651 1307 1712 tuum?
1319 1648 1389 1729 (Ps.
1407 1650 1459 1721 49,
1485 1647 1548 1728 16).
1563 1649 1604 1712 Et
1617 1661 1744 1710 rursum
1759 1665 1767 1705 ε
1781 1640 1888 1704 ervitio

286 1749 327 1811 ad
342 1750 503 1813 interiora
519 1767 555 1814 se
570 1766 701 1828 semper
717 1749 908 1820 extendant,
922 1749 964 1810 ad
982 1747 1083 1825 spiri·
1135 1747 1359 1824 subjectorum
1371 1761 1438 1810 vox
1454 1746 1706 1824 praedicantium
1719 1739 1888 1821 prohibetur,

284 1849 390 1910 tualia
414 1849 570 1911 videlicet
597 1850 630 1910 et
658 1849 803 1920 eterna,
840 1846 946 1908 donec
978 1847 1082 1907 Deum
1135 1846 1221 1908 sicut
1247 1845 1289 1908 ad
1315 1844 1520 1908 Ezechielem
1545 1844 1703 1906 Dominus
1725 1839 1815 1902 dicit:
1830 1837 1891 1898 lin-
1928 1866 1930 1870 ·

285 1945 423 2008 deorum
432 1946 545 2009 videre
555 1946 689 2009 valeant
701 1947 735 2006 in
749 1946 841 2008 Sion.
1134 1959 1239 2021 gaam
1250 1944 1347 2006 taam
1355 1946 1592 2006 concrescere
1600 1933 1889 2017 (melampobrloltw.

324 2046 454 2122 Regem
468 2061 552 2122 erpo
565 2047 752 2107 Dominum
765 2046 901 2115 messis,
914 2043 953 2104 ut
966 2042 1082 2103 mittat
1135 2043 1170 2104 et
1190 2044 1262 2104 eris
1275 2043 1374 2116 catast
1388 2041 1517 2113 mutus,
1534 2055 1597 2102 nee
1609 2041 1708 2114 quase
1732 2039 1784 2098 etr
1801 2034 1891 2103 obur-

237 2140 240 2148 ’
284 2146 464 2216 operarios
477 2145 514 2204 ira
534 2157 795 2205 messemsuam
808 2140 937 2221 (Mattb.
953 2155 1001 2213 rx,
1015 2138 1081 2217 38).
1135 2155 1233 2217 paras,
1247 2143 1329 2215 quea
1354 2143 1476 2202 domas
1493 2149 1710 2214 emasperaas
1732 2125 1892 2210 mainel·

283 2240 444 2302 Dominus
469 2241 588 2301 messis
616 2241 753 2316 rogatus
775 2238 954 2317 aliquando
984 2235 1083 2299 mittit
1136 2253 1186 2310 111,
1211 2236 1277 2317 26).
1302 2240 1350 2300 Ac
1376 2237 1405 2298 si
1431 2237 1546 2316 aperte
1569 2235 1691 2298 dicat:
1719 2231 1830 2294 idcirco
1849 2221 1892 2286 tibi

284 2335 455 2412 operarios
467 2337 502 2398 in
518 2336 759 2409 misericordia,
774 2336 954 2412 aliquando
968 2336 1004 2396 in
1018 2335 1079 2396 ira.
1137 2335 1384 2413 praedicationis
1411 2349 1521 2396 sermo
1539 2333 1679 2405 tollitur,
1695 2330 1769 2410 quia
1782 2327 1847 2388 dun
1858 2335 1895 2382 ne

283 2433 470 2511 Aliquando
499 2433 646 2512 operarii
674 2434 790 2496 volunt
807 2433 940 2510 operari
962 2434 995 2497 et
1016 2449 1082 2495 non
1137 2434 1172 2496 in
1200 2434 1271 2496 suis
1299 2431 1428 2496 actibus
1457 2431 1551 2509 plebs
1579 2429 1764 2509 exasperat,
1786 2437 1842 2486 non
1860 2417 1896 2478 est

284 2532 530 2608 permittuntur.
552 2531 739 2610 Aliquando
754 2533 872 2593 nolunt
896 2531 1030 2608 operari
1051 2531 1084 2592 et
1137 2531 1238 2608 digna
1253 2531 1308 2594 cui
1320 2530 1509 2594 exhortatio
1523 2530 1677 2594 veritatis
1690 2527 1754 2590 liat.
1770 2526 1813 2586 lix
1824 2520 1896 2594 cujus

285 2630 461 2705 coguntur.
476 2630 636 2691 Dominus
662 2629 781 2690 messis
797 2629 896 2690 mittit
911 2629 1083 2707 operarios
1136 2644 1217 2705 ergo
1227 2629 1320 2702 vitia,
1329 2627 1576 2706 praedicationis
1585 2642 1696 2690 sermo
1705 2617 1894 2688 subtrabatur,

284 2725 319 2787 in
339 2727 579 2799 misericordia,
596 2726 728 2805 quando
743 2725 799 2788 dat
817 2727 967 2803 pastores
979 2726 1083 2788 bonos
1138 2743 1203 2788 non
1232 2726 1331 2788 tacile'
1360 2725 1581 2804 cognoscitur.
1610 2726 1705 2789 Unde
1728 2715 1895 2795 Gregoriu⁸=

286 2825 341 2903 qui
357 2826 496 2902 pascant
508 2825 676 2902 populum,
699 2824 841 2886 seientia
865 2824 897 2885 et
919 2823 1082 2885 doctrina.
1137 2841 1155 2885 ‹
1178 2823 1298 2887 Subtili
1313 2825 1507 2901 occultoque
1524 2824 1655 2902 jndicio
1675 2839 1695 2886 a
1718 2811 1899 2898 quorumdam

285 2923 446 2985 Dominus
474 2922 575 2985 mittit
602 2922 773 3001 operarios
801 2923 838 2984 in
864 2922 927 2994 ira,
951 2921 1083 3000 quando
1137 2921 1274 2986 auribus
1287 2922 1480 3000 praedicatio
1491 2923 1607 2985 sancta
1621 2917 1829 2984 subtrahitur,
1843 2906 1900 2986 llll

289 3020 346 3082 dat
355 3022 505 3099 pastores
521 3021 638 3084 malos.
652 3021 747 3084 Unde
767 3021 850 3084 dicit
860 3034 921 3099 per
935 3022 1057 3082 oseam
1074 3040 1082 3080 ε
1138 3021 1294 3084 suscitari
1309 3020 1523 3098 pergratiam
1535 3035 1602 3082 non
1615 3018 1820 3082 merantur.»
1837 3011 1901 3082 Oli·

290 3124 384 3182 Dabo
397 3121 456 3182 tibi
469 3135 587 3197 regem
600 3123 637 3182 te
650 3121 771 3194 furore
789 3135 866 3182 meo
888 3117 986 3199 (Osee
1007 3135 1082 3190 1111,
1138 3119 1219 3182 rarii
1233 3119 1344 3182 autem
1367 3117 1484 3180 volunt
1506 3117 1652 3195 operari,
1669 3117 1703 3180 et
1715 3129 1781 3196 non
1792 3101 1900 3188 pernit-

287 3214 352 3295 11).
369 3219 409 3278 Et
419 3216 481 3279 lob
495 3238 504 3276 ε
520 3219 745 3293 (intremuere
759 3218 843 3292 facit
867 3218 1084 3292 hypocritam
1138 3217 1264 3289 tuntur,
1276 3216 1354 3294 quia
1369 3214 1499 3293 prelati
1509 3215 1543 3278 et
1555 3215 1744 3278 sacerdotes
1753 3198 1900 3285 aliquando

286 3316 433 3390 propter
461 3315 603 3390 peecata
624 3317 742 3388 pepedi
766 3312 853 3393 (lob.
880 3329 998 3386 xxxiv,
1015 3311 1082 3392 30).
1138 3314 1254 3376 volunt
1268 3297 1902 3391 praedicaraetnonpermitanturjusto

285 3413 326 3475 Et
340 3411 541 3488 Gregorius:
556 3427 576 3472 s
592 3411 782 3473 Secundum
796 3411 915 3474 merita
933 3409 1085 3474 subdito·¹
1138 3413 1196 3474 Dei
1208 3411 1347 3489 judicio.
1364 3413 1434 3473 lloc
1449 3411 1560 3472 autem
1582 3410 1658 3473 ideo
1675 3405 1779 3488 potest
1791 3401 1902 3476 dispen-

285 3526 360 3572 rum
387 3508 577 3587 praelatum
599 3508 794 3571 tribuuntur
821 3510 1021 3586 regentium,
1048 3511 1085 3572 ut
1138 3510 1206 3572 sari
1222 3526 1242 3572 a
1256 3511 1336 3583 Deo,
1353 3524 1396 3570 ne
1410 3508 1551 3587 populus
1566 3508 1708 3571 audiens
1723 3493 1903 3584 praediciiw·

286 3623 375 3686 saepe
391 3608 447 3686 qui
460 3607 617 3670 videntur
630 3607 721 3678 boni,
741 3621 819 3669 mox
831 3608 967 3685 accepto
987 3607 1083 3684 regi·-
1139 3623 1215 3670 nem
1225 3607 1333 3670 etnon
1347 3607 1486 3679 taciens,
1500 3605 1637 3683 gravius
1645 3603 1821 3685 judicetur.
1835 3587 1906 3656 Ubde

284 3706 376 3768 mine
412 3705 647 3783 permittantur
680 3704 864 3768 deteriores
901 3705 1022 3768 tisri.»
1049 3704 1083 3767 Si
1137 3697 1904 3784 legimusdespostolisiuactibusapostolorum,

287 3804 468 3877 secundum
502 3803 621 3866 merita
655 3803 770 3866 nostra
805 3803 957 3882 pastores
978 3803 1085 3866 malos
1138 3805 1224 3882 quod
1239 3803 1452 3868 tentaverunt
1469 3803 1520 3866 ire
1539 3803 1732 3882 Bytbiniam
1751 3797 1790 3862 ad
1804 3785 1906 3873 pradi-

286 3902 481 3978 accipimus,
506 3901 544 3962 in
568 3901 703 3964 illorum
729 3901 859 3966 actione
897 3901 1085 3978 colligimus
1138 3902 1290 3974 candum,
1308 3903 1419 3964 etnon
1432 3901 1584 3979 permisit
1604 3917 1664 3964 eos
1686 3897 1819 3978 spiritus
1837 3891 1907 3952 Jasu.

287 3998 374 4077 quod
389 4014 432 4060 ex
457 3998 572 4059 nostra
586 4013 727 4075 pensare
748 3997 959 4060 debebamus.
984 3998 1086 4061 Vide-
1140 4001 1300 4065 Similiter
1321 4000 1416 4062 multi
1441 3999 1559 4062 volunt
1581 3999 1681 4062 bodie
1705 3992 1874 4074 praedicare
1887 3977 1911 4041 at

289 4096 367 4158 licet
381 4096 438 4157 :Si
452 4095 603 4172 pastores
617 4094 745 4158 iaciunt
756 4095 843 4158 mala
859 4111 971 4173 opera,
986 4096 1084 4158 etnos
1138 4114 1205 4161 non
1217 4097 1454 4177 permittuntur
1465 4097 1519 4160 vel
1533 4099 1670 4175 propter
1680 4109 1775 4158 suam
1787 4095 1909 4160 occupa·

289 4193 471 4270 accipimus
484 4193 635 4270 pastores
651 4192 758 4254 malos
771 4193 951 4255 secundum
966 4195 1084 4257 merita
1139 4197 1274 4269 tionem,
1289 4195 1344 4257 vel
1354 4197 1489 4272 propter
1496 4195 1610 4272 populi
1623 4193 1830 4271 pravitatem·
1839 4185 1910 4257 Oli·

289 4291 417 4362 nostra,
431 4291 558 4352 certum
579 4290 630 4352 ost
653 4290 740 4368 quod
765 4306 827 4354 nos
841 4289 982 4353 iacimus
996 4292 1084 4354 mala
1138 4294 1221 4358 rarii
1246 4293 1357 4356 autern
1381 4293 1580 4370 quandoque
1604 4291 1725 4354 nolunt
1744 4279 1866 4366 operari
1888 4272 1912 4334 et

290 4403 403 4468 opera,
418 4390 455 4452 ut
468 4404 529 4451 nos
549 4387 628 4450 mali
642 4388 748 4450 malos
758 4389 908 4467 pastores
932 4390 1083 4468 accipia-
1138 4393 1313 4468 coguntur,
1342 4391 1422 4469 quia
1450 4391 1585 4469 quidam
1605 4389 1687 4452 boni
1711 4386 1777 4452 viri
1803 4371 1913 4456 fugiunt

289 4504 375 4550 mus.
1138 4489 1298 4552 bonorem
1328 4488 1549 4567 praelationis,
1574 4489 1608 4551 et
1633 4489 1748 4552 tamma
1772 4475 1912 4557 coguntur

330 4588 434 4648 Ovos
453 4583 582 4663 praelati
604 4584 638 4646 et
665 4583 871 4648 sacerdotes!
888 4584 1083 4649 circumcisa
1137 4587 1318 4666 praesidere
1345 4585 1595 4664 dispensatione
1625 4581 1805 4648 creatoris.
1837 4569 1913 4638 Unde

290 4683 386 4746 debet
413 4697 486 4744 esse
514 4681 582 4744 rite
608 4685 733 4745 vestra.
758 4683 833 4744 Non
858 4681 946 4744 enim
964 4681 1086 4746 suflicit
1138 4689 1270 4764 Moyses
1299 4683 1407 4748 noluit
1429 4699 1504 4746 esse
1524 4684 1694 4762 praelatus,
1716 4682 1850 4744 dicens:
1865 4669 1915 4732 ob·

289 4780 384 4842 vobis
398 4781 467 4843 vita
488 4780 523 4841 in
543 4781 646 4854 terra,
674 4779 813 4852 scilicet,
839 4779 875 4842 ut
898 4795 972 4842 cum
989 4779 1085 4842 bonis
1137 4799 1246 4857 secra,
1266 4785 1423 4855 Domine,
1448 4783 1548 4845 mitte
1576 4797 1679 4857 parem
1704 4782 1871 4842 marsicam
1890 4775 1918 4824 et

291 4878 423 4942 faciatis
434 4876 612 4955 aliquando
619 4878 720 4951 mala,
729 4877 786 4940 sed
794 4893 902 4956 neque
909 4878 1083 4956 eclyptica,
1140 4879 1256 4961 (Exod.
1272 4898 1318 4955 ιν,
1333 4878 1398 4961 13).
1423 4880 1487 4943 Sed
1502 4879 1613 4944 tamen
1627 4879 1766 4942 coactus
1780 4861 1917 4936 obedivit.

292 4976 329 5038 ut
341 4974 537 5052 quandoque
559 4975 733 5038 declinetis
756 4991 777 5038 a
800 4974 887 5038 bono
906 4977 940 5038 et
953 4976 1085 5040 faciatis

290 5073 427 5136 malum.
440 5072 661 5134 Circumcisus
675 5072 728 5135 est
738 5071 904 5136 Abrabam
919 5089 1034 5148 senex,
1053 5076 1087 5138 et
1470 5057 1605 5148 XXJJI

290 5186 375 5250 puer
383 5172 492 5232 Jesus.
516 5169 604 5232 Sane
622 5183 683 5232 vos
709 5169 791 5232 estis
805 5185 903 5234 senos
917 5172 951 5234 et
986 5174 1083 5235 arvi:

291 5285 389 5334 senes
402 5269 437 5330 in
453 5267 612 5346 quantum
625 5267 777 5332 custodes
797 5267 876 5332 dliae
899 5189 989 5334 simp·
1010 5271 1086 5334 Nisi
1243 5221 1289 5283 IN
1310 5219 1588 5285 DEDICATIONE
1609 5211 1836 5280 ECCLESIAE'

291 5371 402 5432 tamen
416 5365 610 5430 efficiamini
627 5366 714 5430 sicut
738 5367 871 5445 pannuli
893 5383 959 5430 non
975 5369 1084 5434 intra·
1184 5371 1272 5434 Vidit
1289 5373 1392 5434 Jacob
1415 5373 1453 5434 ta
1475 5371 1620 5434 somatis
1642 5355 1921 5432 eademeadem

289 5465 368 5530 bitis
380 5466 415 5527 in
430 5481 570 5542 regnum
582 5465 752 5528 coelorum.
770 5466 829 5528 Vas
845 5467 1008 5544 operariis
1020 5468 1084 5530 do·
1137 5483 1244 5543 super
1264 5470 1414 5542 terram,
1442 5469 1476 5532 ct
1496 5481 1663 5532 commeat
1686 5467 1766 5539 ejus
1794 5460 1921 5532 labiim

289 5564 420 5631 minicae
433 5564 562 5639 messis,
576 5564 606 5627 si
631 5579 706 5628 cum
727 5562 834 5642 paleis
846 5565 925 5628 sunt
949 5565 1103 5628 combu-'
1137 5573 1271 5640 coelam,
1286 5573 1565 5644 angelosqeopue
1581 5567 1646 5629 Det
1663 5555 1883 5626 ascendentes
1894 5545 1922 5609 et

289 5661 407 5730 rendit
663 5679 665 5684 ·
1138 5666 1379 5736 descendentes
1388 5679 1457 5740 per-
1472 5679 1552 5727 eam
1573 5661 1668 5742 (Gen.
1684 5672 1807 5731 xxvru,
1824 5648 1883 5730 12)-
