4106 6328
307 375 348 436 aa
772 338 950 442 nouonn
972 379 1018 440 111
1039 379 1188 442 ornat.
1203 407 1245 426 -
1259 377 1493 442 snauonns
1902 387 1934 446 h

305 534 488 614 propheta,
500 533 732 614 egrediebatur
745 539 904 602 recedens
914 537 956 602 ab
970 555 1021 602 eo.
1040 538 1104 602 Sed
1159 539 1261 602 maris
1275 539 1532 620 interpretatur,
1548 539 1582 604 et
1600 539 1723 618 ipsein
1738 541 1822 603 mari
1837 543 1934 604 mundi
2014 541 2015 544 ’

306 649 485 698 occurrens
504 635 725 715 archangelus
745 638 872 714 angelo
894 639 1052 718 pracepit
1072 639 1104 701 ei
1158 638 1375 716 singulariter
1395 638 1498 713 fulsit,
1524 639 1558 702 et
1581 654 1624 700 ex
1648 654 1684 702 se
1705 639 1834 701 radium
1853 639 1934 702 thum

305 732 342 796 ut
356 735 516 806 curreret,
530 735 626 808 idest,
642 735 803 801 uelociter
819 739 1044 799 reverteretur
1062 738 1103 800 ad
1158 737 1268 798 emisit
1283 737 1337 814 qui
1359 753 1433 798 cum
1451 737 1495 799 sit
1507 737 1565 798 lux
1579 753 1672 808 vera,
1688 736 1851 798 illuminat
1870 754 1932 798 om·

304 828 557 904 prophetamet
572 832 774 908 praecepitei
791 848 857 892 non
873 832 978 894 solum
995 835 1031 895 ut
1047 833 1102 895 lo·
1158 850 1233 895 nem
1248 835 1417 896 hominem
1432 835 1620 896 venientem
1633 835 1669 896 in
1679 835 1767 897 hunc
1778 835 1934 900 mundum.
2015 902 2016 912 ρ

306 925 473 1006 queretur,
491 927 548 989 sed
565 929 690 1005 etquid
705 929 908 1007 loqueretur.
1197 933 1242 993 nt
1257 936 1436 1008 inpressas
1450 936 1600 1010 Aropclns
1614 949 1674 1010 per
1690 950 1759 994 suae
1776 932 1934 1008 legationis

343 1024 491 1099 Angelus
514 1027 658 1088 mittitur
685 1043 705 1088 a
727 1031 810 1100 Deo,
831 1028 917 1092 sicut
943 1028 1102 1091 habemus
1158 1030 1432 1108 complexionem,
1454 1035 1498 1092 od
1521 1046 1599 1092 eona
1623 1047 1683 1108 per
1708 1031 1934 1106 visitationem

305 1120 341 1182 in
368 1120 431 1182 hoc
454 1123 527 1186 loco
550 1125 636 1201 quod
659 1125 780 1186 missus
796 1126 846 1188 est
868 1127 1007 1202 angelus
1032 1131 1101 1189 Ga·
1157 1129 1243 1190 dixit
1265 1145 1325 1206 ρετ
1352 1129 1596 1202 salutationem,
1626 1133 1699 1191 Aac
1724 1144 1784 1207 ρετ
1806 1130 1933 1189 nominis
2016 1129 2017 1204 l

302 1217 386 1280 briel
401 1235 421 1280 a
436 1223 515 1282 Deo.
534 1222 597 1283 Sed
613 1239 717 1300 quare
732 1223 854 1286 missus
869 1241 888 1286 a
904 1228 972 1286 Deo
988 1227 1020 1287 et
1036 1241 1101 1287 non
1157 1228 1258 1288 Herae
1281 1226 1509 1299 mutationem,
1527 1227 1645 1304 pratia
1656 1233 1759 1302 plano
1773 1241 1831 1304 per
1843 1227 1937 1288 virtu·

302 1314 732 1397 abalioaliquoiPrimum
748 1323 881 1400 quidem
897 1323 983 1401 quod
999 1325 1101 1386 Beata
1156 1325 1226 1387 tum
1252 1324 1529 1398 cumulationem,
1556 1328 1726 1387 Dominus
1754 1326 1861 1386 tecam
1886 1339 1936 1402 per

301 1415 411 1478 Maria
426 1417 525 1480 tantae
541 1420 613 1481 erat
627 1421 814 1482 sanctitatis
833 1423 866 1484 et
885 1423 1051 1500 puritatis,
1068 1426 1103 1485 ut
1157 1421 1435 1494 Inoarnationem‚
1464 1423 1652 1484 Benedicta
1673 1439 1734 1500 per
1746 1422 1936 1499 virginitatis
2017 1475 2018 1484 .

302 1527 417 1576 omnes
441 1516 577 1592 angelos
593 1518 782 1592 excelleret,
804 1518 837 1580 et
857 1519 926 1583 tota
949 1521 985 1582 in
998 1523 1102 1582 Deum
1156 1518 1416 1592 foecunditatem,
1429 1521 1466 1582 tn
1481 1535 1540 1598 ρετ
1555 1520 1798 1596 singularitatis
1815 1535 1936 1597 expres·

301 1613 411 1675 mente
436 1613 469 1676 et
489 1613 665 1678 deuotione
691 1617 860 1680 transiret.
886 1619 956 1681 Nec
981 1619 1102 1680 mirum
1157 1617 1299 1690 sionem,
1320 1622 1358 1678 tn
1371 1621 1573 1681 mutieribus
1587 1633 1647 1696 ρετ
1661 1619 1804 1680 aliarum
1824 1633 1938 1696 compa·

302 1709 332 1772 si
346 1727 445 1788 super
458 1713 594 1788 angelos
607 1729 681 1776 eam
696 1714 837 1777 dicimus
850 1715 965 1789 luisse,
980 1732 1053 1793 quae
1069 1716 1103 1779 et
1156 1716 1330 1777 rationem.

304 1809 365 1870 Dei
381 1808 486 1871 tilium
501 1812 624 1875 meruit
637 1813 824 1891 concipere,
842 1815 1009 1878 aimundo
1025 1830 1103 1891 per·
1197 1811 1320 1874 Missus
1335 1813 1386 1874 est
1400 1812 1545 1891 Angelus
1561 1813 1596 1872 in
1610 1812 1778 1874 civitatem
1793 1811 1935 1874 Galilaea.
2018 1835 2019 1864 ;

302 1905 370 1970 dito
394 1909 537 1984 gratiam
564 1925 734 1988 reparare.
762 1913 838 1974 Non
861 1913 965 1988 igitur
990 1912 1103 1975 debuit
1157 1911 1296 1972 Galilaea
1314 1910 1551 1987 interpretatur
1563 1909 1812 1986 transmigratio
1822 1909 1901 1970 facta
1910 1908 1937 1970 et

303 2006 442 2083 angelus
464 2007 550 2070 mitti
572 2008 613 2071 ab
639 2008 706 2071 alio
726 2009 794 2071 nisi
817 2026 837 2072 a
858 2013 937 2082 Deo,
962 2011 1048 2090 quod
1072 2011 1101 2072 si
1157 2007 1324 2084 significat
1338 2007 1445 2084 legem
1467 2008 1591 2086 Moysis
1608 2008 1641 2070 et
1661 2008 1938 2071 caeremoniaslu-

302 2103 343 2166 ab
357 2105 424 2167 alio
437 2105 634 2179 mitteretur,
652 2107 740 2169 esset
752 2124 838 2170 unus
851 2109 892 2170 de
904 2108 1099 2170 minoribus.
1157 2105 1315 2178 daeorum,
1332 2105 1409 2184 quia
1434 2105 1490 2167 lex
1511 2104 1651 2168 debebat
1669 2105 1901 2190 transmigrare
1920 2119 1937 2164 a

303 2203 389 2264 Nam
412 2207 557 2283 majores
580 2205 714 2268 mittunt
739 2207 897 2268 minores.
923 2208 998 2269 Non
1023 2222 1101 2284 ergo
1156 2203 1301 2278 Judaeis3
1316 2219 1393 2264 nam
1415 2204 1549 2282 propter
1571 2205 1707 2282 peccata
1733 2205 1765 2266 et
1787 2203 1890 2264 locum
1910 2211 1937 2263 et

306 2299 466 2366 debuerat
493 2304 577 2366 mitti
603 2305 742 2380 angelus
769 2304 834 2365 nisi
861 2321 881 2366 a
909 2307 988 2378 Deo,
1014 2304 1101 2383 quod
1156 2303 1287 2378 gentem
1303 2301 1335 2362 et
1350 2301 1573 2362 sacerdotium
1589 2303 1621 2363 et
1636 2302 1744 2377 legem
1759 2299 1936 2362 amiserunt.

303 2398 396 2461 tanta
410 2400 481 2462 erat
495 2399 640 2477 dignitas
653 2403 686 2464 et
701 2402 897 2466 excellentia
909 2404 1019 2466 Beatae
1035 2404 1103 2464 Ma·
1158 2399 1251 2462 Unde
1272 2399 1307 2460 in
1332 2400 1416 2460 Osee
1439 2401 1687 2462 :Diosnndtos
1707 2399 1867 2462 sedebant
1885 2399 1938 2472 {itii
2020 2420 2021 2492 ρ

301 2497 374 2566 riae,
390 2499 475 2577 quod
495 2516 561 2560 non
577 2499 714 2562 decebat
731 2501 905 2563 Dominum
926 2501 991 2564 nisi
1011 2518 1103 2562 sum·
1156 2502 1268 2560 Israel
1290 2501 1468 2574 sincrage
1491 2498 1618 2559 cisino
1639 2497 1852 2572 principari
1873 2498 1939 2557 sinc
2020 2555 2021 2558 ,

303 2611 376 2656 mos
404 2597 625 2674 archangelos
651 2600 684 2660 in
713 2603 786 2676 ejus
818 2599 1018 2663 salutatione
1047 2600 1101 2661 vel
1156 2597 1328 2667 sacrificio
1351 2595 1386 2656 et
1407 2598 1483 2656 sinc
1508 2596 1614 2657 altari
1644 2591 1939 2674 (Ose.111,4).1lic

302 2691 468 2770 colloquio
484 2695 647 2771 delegare.
671 2697 797 2759 Deinde
811 2699 939 2760 tantum
954 2699 1026 2759 erat
1039 2697 1101 2757 hoc
1157 2691 1354 2770 completum
1369 2693 1420 2754 est
1442 2692 1525 2754 illud
1549 2692 1723 2754 Proverbii
1744 2690 1938 2754 Salomonis:

303 2791 510 2870 mysterium,
527 2792 612 2871 quod
628 2811 693 2856 non
715 2795 851 2858 decebat
873 2795 1022 2858 nuntiari
1035 2794 1101 2856 nisi
1157 2793 1250 2858 Quod
1287 2791 1386 2852 timet
1422 2794 1550 2866 irnptns
1586 2791 1701 2854 certici
1736 2806 1841 2867 snper
1871 2802 1939 2851 enm
2021 2786 2022 2878 l

304 2904 365 2968 ρετ
391 2905 555 2952 summum
584 2893 833 2970 archangelum.
861 2893 956 2956 Unde
979 2893 1101 2954 missus
1157 2887 1271 2967 (Prou-
1295 2903 1329 2960 x,
1352 2885 1418 2966 24).
1440 2887 1635 2950 Timuerunt
1654 2888 1765 2951 Judaei
1787 2886 1938 2950 dicentes:
2021 2881 2022 2920 ³

303 2987 354 3049 est
375 2986 523 3061 Gabriel,
552 2990 609 3067 qui
633 2991 882 3069 interpretatur,
908 2993 994 3054 sicut
1012 2991 1103 3052 dixi-
1155 2989 1193 3048 Si
1213 2987 1421 3048 dimittimus
1433 3001 1511 3048 cuna
1533 2990 1593 3059 sic,
1617 3001 1736 3049 omncs
1750 2985 1886 3048 medani
1908 2986 1940 3043 in

302 3101 387 3158 mus,
405 3085 562 3151 fortitudo
577 3089 648 3162 Dei,
666 3089 751 3166 quod
769 3089 935 3151 Christum
950 3089 1010 3152 Dei
1027 3089 1100 3150 lor·
1155 3099 1246 3156 ctam,
1262 3085 1295 3146 et
1323 3084 1462 3146 veniant
1478 3083 1630 3146 ‘Romani
1651 3085 1684 3145 et
1710 3085 1827 3147 tonent
1842 3087 1940 3146 norom

302 3183 478 3245 titudinem
493 3186 648 3247 nuntiare
663 3186 827 3250 veniebat.
844 3190 890 3249 De
908 3203 972 3264 quo
994 3187 1102 3264 scrip·
1155 3183 1314 3244 nostrum
1334 3183 1524 3259 etgantcm.
1540 3197 1559 3242 n
1574 3181 1658 3253 Quia
1670 3197 1738 3242 non
1753 3177 1939 3243 dimiserunt

300 3282 371 3344 tum
384 3283 435 3343 est
449 3299 457 3337 ε
472 3286 641 3346 Dominus
657 3285 760 3358 fortis
781 3285 815 3348 ct
833 3286 966 3360 poteras,
979 3288 1100 3346 Domi·-
1155 3295 1230 3340 eum
1251 3280 1310 3352 sic,
1335 3279 1498 3341 venerunt
1515 3280 1658 3341 Romani
1676 3283 1709 3342 et
1724 3280 1835 3341 omnia
1859 3276 1940 3340 tule—
2022 3275 2023 3282 ’

301 3393 367 3446 ntes
378 3380 500 3454 potens
514 3385 551 3441 in
561 3386 683 3456 proelz'c
697 3381 801 3461 (Psal.
818 3385 869 3450 23,
884 3380 931 3462 8.)
1155 3379 1233 3438 runt
1248 3394 1322 3454 quae
1337 3392 1404 3438 non
1420 3376 1575 3440 tulissent
1598 3378 1627 3438 si
1651 3377 1700 3438 sio
1715 3393 1791 3438 eum
1806 3373 1942 3438 dimisis-

343 3477 468 3553 Itaque,
505 3478 637 3546 fratres,
674 3480 786 3543 notate
821 3480 952 3556 singula
977 3479 1098 3553 verba,
1156 3475 1243 3549 sent;
1260 3461 1541 3552 propterea‘bene
1565 3473 1943 3536 diciturza'nciottotcrn

303 3574 433 3650 signate
448 3576 610 3652 profunda
632 3578 805 3655 mysteria,
828 3578 987 3640 attendite
1011 3579 1101 3640 litte-
1155 3575 1305 3634 Goldaeoe
1332 3575 1389 3634 ont
1420 3587 1545 3634 nornen
1570 3573 1761 3637 errrorem.
1788 3568 1942 3633 Nazareth

301 3687 373 3732 ram
385 3673 571 3735 foecundam
584 3675 618 3736 in
630 3676 772 3752 virginis
785 3675 1008 3738 foecunditate.
1020 3678 1101 3738 Con·
1155 3669 1392 3748 interpretatur
1418 3669 1495 3743 dos,
1521 3671 1554 3732 et
1575 3669 1727 3746 designat
1754 3669 1941 3746 virginalem

301 3771 445 3834 siderate
460 3758 720 3850 verba'gravida
742 3775 777 3835 in
794 3775 998 3853 praegnantis
1012 3773 1101 3837 inte-
1155 3768 1363 3829 munditiam·
1380 3770 1468 3830 Bene
1488 3782 1567 3844 ⁰1⁸th
1583 3767 1705 3830 dieitur
1720 3769 1815 3844 virgo
1830 3768 1863 3828 1¹1
1876 3767 1942 3826 Na*

301 3869 439 3942 gritate:
457 3871 639 3948 conspicite
655 3873 775 3936 seriem
792 3873 935 3936 sertitem
951 3872 1099 3950 invirgae
1154 3867 1268 3928 zareth
1285 3865 1447 3938 habitare,
1465 3881 1562 3944 quam
1577 3865 1612 3926 in
1637 3865 1718 3928 flore
1742 3864 1901 3928 castitatis
1915 3859 1944 3922 et

301 3967 424 4027 nostrae
450 3967 629 4029 viriditate.
656 3971 835 4045 intelligite
854 3971 955 4031 uerba
980 3971 1101 4047 spiritu
1156 3963 1327 4025 munditiae
1340 3963 1493 4024 novimus
1509 3963 1649 4026 Domino
1664 3963 1841 4040 placuisse.

303 4062 402 4140 plena
419 4063 453 4124 in
475 4065 605 4141 virgine
629 4067 738 4142 gratia
757 4067 866 4144 plena.
892 4067 1003 4144 Inquit
1021 4082 1100 4143 ergo
1195 4061 1233 4118 In
1244 4074 1307 4136 (1¹10
1324 4059 1406 4120 flOPO
1428 4058 1493 4119 (1¹10
1511 4058 1667 4120 debemus
1689 4059 1817 4132 notare,
1832 4053 1944 4121 00¹⁰fi⁵

260 4199 268 4210 -
303 4164 432 4228 panissas
446 4163 498 4222 ast
510 4178 570 4238 ρετ
581 4163 758 4225 ministerii
772 4164 1022 4236 exhibitionem,
1039 4181 1101 4225 an·
1155 4155 1448 4233 pulchritudinem,
1473 4157 1505 4218 θῑ
1527 4157 1638 4218 0d01¹is
1663 4157 1871 4220 suavitatem·
1887 4155 1944 4214 CO·

303 4257 398 4334 gelus
415 4258 546 4320 Gabriel
560 4276 619 4337 per
631 4260 734 4324 officii
745 4263 1100 4338 praelationemabeo
1156 4254 1239 4314 loris
1265 4253 1566 4330 pulchritudinem,
1593 4253 1672 4332 quia
1700 4255 1809 4316 omnis
1838 4251 1944 4314 sancta

305 4371 366 4434 per
379 4356 588 4418 auctoritatis
594 4359 796 4436 jussionem3
812 4359 847 4421 in
862 4360 1028 4422 civitatem
1040 4364 1102 4421 Ga·
1155 4351 1332 4428 Virginitas
1361 4351 1500 4428 pulchra
1529 4352 1580 4414 est
1607 4351 1640 4413 et
1674 4352 1848 4430 pulchram
1873 4346 1945 4410 facit

304 4453 404 4519 literae
436 4471 495 4532 per
522 4455 587 4516 loci
611 4457 931 4530 determinationem,
961 4459 1015 4522 cui
1039 4475 1102 4520 no-
1155 4449 1317 4525 virginem
1339 4449 1373 4510 in
1394 4449 1522 4512 tantum
1548 4451 1584 4511 ut
1601 4451 1754 4511 Summus
1776 4452 1848 4511 Rex
1862 4444 1946 4508 desi·

302 4565 378 4611 men
392 4551 569 4625 Nazareth,
587 4553 880 4616 commendandam
894 4554 1029 4632 propter
1044 4571 1101 4615 no·
1155 4547 1248 4609 deret
1261 4549 1333 4624 ejus
1348 4547 1507 4624 speciem.
1522 4547 1617 4609 Unde
1628 4546 1838 4609 Ambrosius:
1850 4563 1867 4606 o
1877 4542 1945 4606 Pul·

300 4649 401 4710 minis
416 4648 743 4727 interpretationem:
772 4651 937 4714 Nazareth
957 4668 1100 4730 namque
1156 4645 1377 4707 chritudinem
1393 4645 1466 4722 quis
1482 4645 1590 4724 potest
1605 4645 1774 4708 aestimare
1791 4649 1943 4724 majorem

301 4747 540 4824 interpretatur
566 4749 638 4823 iios,
667 4750 752 4827 quod
779 4750 936 4812 videlicet
965 4749 1012 4811 ibi
1039 4750 1100 4812 flos
1155 4743 1274 4804 decore
1293 4746 1382 4821 eJus,
1406 4759 1479 4822 quae
1504 4744 1635 4804 amatur
1655 4759 1675 4804 a
1697 4744 1803 4820 Rege,
1827 4741 1944 4822 proba-

302 4846 412 4922 campi
445 4849 478 4906 et
511 4847 619 4908 lilium
654 4848 855 4910 convallium
888 4847 1098 4924 germinavit,
1155 4842 1210 4903 tur
1231 4841 1391 4909 aiudice,
1417 4841 1547 4903 dicatur
1568 4839 1946 4914 Domin0,consecratur

303 4941 433 5020 quando
449 4959 582 5019 egressa
598 4944 649 5006 est
664 4961 682 5005 e
699 4945 794 5022 virga
814 4945 853 5006 de
869 4945 981 5006 radice
993 4947 1098 5015 desse,
1155 4940 1243 5001 Deoi
1262 4957 1280 5000 a
1300 4939 1402 5012 Quasi
1428 4939 1554 5000 diceret
1581 4961 1588 5002 ι
1616 4939 1716 5000 Nulla
1740 4935 1944 5016 pulchritudo

302 5036 336 5099 et
350 5037 411 5098 flos
425 5039 590 5100 deradice
605 5045 677 5118 ejus
692 5041 860 5117 ascendit3
875 5042 916 5104 ad
929 5042 1100 5118 Virginem
1154 5037 1263 5115 potest
1277 5037 1429 5114 praeierri
1444 5035 1685 5114 pulchritudini
1701 5036 1877 5114 cujuslibet
1890 5049 1945 5094 sa-

304 5151 366 5219 per
379 5136 580 5214 integritatis
602 5139 1101 5216 conservationem3desponsa·
1155 5151 1220 5197 orae
1246 5135 1406 5211 uirginis,
1434 5135 1512 5211 quia
1543 5150 1638 5196 sacra
1665 5135 1761 5210 virgo
1793 5135 1875 5195 adeo
1900 5128 1947 5192 est

302 5235 370 5296 tam
394 5233 467 5295 viro
487 5234 528 5295 ad
552 5235 786 5298 removendam
810 5236 957 5299 infamiae
985 5237 1100 5315 suspi-
1155 5233 1286 5305 decora,
1304 5233 1390 5311 quod
1405 5234 1536 5296 amatur
1553 5248 1573 5293 a
1591 5232 1722 5294 Christo
1743 5235 1833 5310 Rege
1848 5231 1946 5293 etlu-

302 5332 443 5404 cionem,
461 5334 515 5400 cui
527 5349 646 5394 nomen
662 5332 734 5394 erat
745 5336 763 5395 J
766 5333 869 5411 oseph
882 5351 942 5412 per
956 5336 1100 5397 nominis
1155 5330 1239 5404 dice,
1254 5333 1287 5392 et
1299 5331 1350 5392 est
1364 5331 1502 5393 Domino
1514 5329 1718 5392 consecrata.
1734 5329 1797 5391 Sed
1813 5344 1854 5390 ne
1867 5325 1945 5388 forte

301 5431 568 5508 appellationem,
599 5431 639 5492 de
661 5431 757 5492 domo
776 5433 880 5493 David
903 5448 962 5511 per
986 5433 1099 5511 stirpis
1155 5429 1346 5506 putaremus
1374 5444 1449 5489 eum
1479 5427 1605 5488 dixisse
1634 5426 1673 5488 de
1704 5424 1945 5506 pulchritudine

300 5529 402 5604 regiae
431 5529 714 5606 propagationem,
740 5531 773 5592 et
798 5547 919 5592 nomen
949 5532 1100 5607 Virginis
1155 5527 1314 5604 corporis,
1346 5526 1378 5587 et
1402 5541 1468 5586 non
1490 5525 1529 5586 de
1555 5525 1802 5602 pulchritudine
1818 5523 1943 5590 mentis

303 5643 364 5708 per
391 5628 593 5703 integritatis
614 5628 876 5701 inuiolationem,
890 5629 1015 5702 blaria,
1042 5646 1101 5707 per
1155 5625 1241 5685 idem
1263 5624 1384 5686 Ductor
1398 5624 1464 5685 ait:
1489 5622 1658 5684 «Habetis
1676 5639 1767 5695 sane,
1797 5639 1856 5683 vos
1877 5621 1943 5681 vir-

300 5725 415 5794 mundi
427 5725 839 5802 illuminationern;htaria
852 5726 1099 5810 namquestella
1156 5723 1263 5800 gipes,
1279 5722 1432 5786 militiam
1453 5721 1726 5801 pulchritudinis,
1745 5719 1800 5782 cui
1819 5715 1946 5781 uirtutis
