4058 6308
134 395 193 454 269

134 551 366 630 appellationis
392 551 561 615 obstaculo
589 551 817 616 ecclesiastica
846 569 927 616 cen-

132 667 209 714 sura
235 651 445 730 compellant.
471 653 591 714 Datum
613 652 780 724 Laterani,
816 652 926 714 idibus

132 749 301 822 februarii,
327 750 537 828 pontificatus
561 751 666 812 nostri
695 767 783 812 anno
805 751 923 828 primo.

427 1057 623 1144 CCXVIII

261 1335 314 1394 Ad
325 1336 577 1410 Linooncnsem
589 1336 795 1409 episcopum.

374 1551 380 1560 '
417 1553 450 1612 13
468 1552 539 1612 febr.
563 1554 641 1612 leit.

171 1699 287 1762 [Regest.
297 1697 343 1748 lib.
354 1698 374 1756 l,
385 1697 459 1762 epist.
474 1698 529 1748 119.
542 1698 600 1748 1133.
609 1699 646 1750 Le
653 1698 728 1750 Porta
739 1699 774 1750 du
786 1697 879 1762 Thoti]

127 1884 307 1958 lingonensi
317 1883 451 1958 episcopo
464 1884 589 1955 mandat,
606 1893 637 1944 ut
650 1886 812 1945 cessionem
822 1887 925 1948 Vindu-

161 1973 264 2030 nensis
276 1974 402 2046 episcopi
418 1973 454 2031 oh
470 1974 650 2032 Incommode
663 1977 827 2035 senectutis·
836 1984 864 2035 ct
876 1977 925 2038 de·

160 2060 257 2119 fectus
276 2061 347 2119 elios
364 2063 500 2120 emissem
518 2064 645 2137 recipiat,
666 2079 790 2138 eumque
808 2066 928 2126 absolvit

160 2150 202 2208 ab
216 2151 513 2209 excommunicatione
527 2167 583 2225 que
598 2168 664 2211 eum
680 2155 711 2212 P.
727 2155 799 2212 tituli
817 2157 928 2214 Sanctae

159 2239 350 2298 Pudentianae
365 2240 459 2313 presb.
479 2240 632 2300 cardinalis
652 2242 823 2316 Apostolicae
847 2245 928 2304 Sedis

157 2331 279 2404 legatus
294 2329 492 2388 adstrinxerit.

163 2511 350 2583 Honorius,
378 2511 454 2584 etc,
481 2483 666 2574 venerabili
687 2511 783 2574 fratri
804 2513 928 2590 Lingo-

125 2625 208 2670 nen.
225 2608 393 2685 episcopo.
889 2657 894 2666 .

165 2706 325 2767 sentiens
339 2706 541 2768 venerabilis
564 2705 668 2768 frater
678 2706 791 2770 noster
805 2708 929 2769 virdu-

126 2818 210 2862 nen.
228 2803 405 2880 episcopus
426 2819 495 2866 suae
521 2803 728 2866 incommoda
749 2805 927 2868 senectutis

123 2915 164 2961 ac
178 2899 332 2962 defectus
348 2917 425 2962 suos
438 2901 524 2963 alios
535 2917 786 2978 recognoscens,
799 2903 929 2964 nolens·

124 3015 189 3075 que
216 2998 266 3060 sic
290 3014 434 3074 praeesse
455 2999 637 3062 virdunen.
662 3001 824 3074 ecolesiae,
842 3002 926 3078 quod

91 3085 100 3100 '
125 3113 193 3158 non
216 3097 334 3174 prosit,
356 3099 562 3174 separatum
582 3097 699 3160 cedere
716 3100 813 3175 juxta
832 3098 928 3161 bonae

125 3196 300 3258 memorIae
329 3196 514 3259 innocentii
549 3213 644 3273 papae
672 3197 928 3274 praedecessoris

125 3294 236 3356 nostri
251 3293 444 3355 mandatum
461 3294 502 3355 ab
519 3293 817 3374 administrationis
832 3295 928 3357 solli-

124 3391 280 3453 citudine
294 3405 355 3467 per
365 3391 521 3454 dilectum
535 3391 640 3454 fllium
653 3395 716 3454 Hu.
733 3394 930 3470 procurato-

125 3503 197 3550 rem
223 3505 334 3560 suum,
355 3488 397 3548 ad
423 3489 486 3551 hoo
508 3491 699 3568 specialiter
714 3491 925 3564 destinatum,

125 3586 313 3664 postulavit
326 3586 466 3659 absolvi,
488 3589 523 3649 31
539 3589 575 3648 11
598 3588 676 3650 ritae
692 3588 754 3649 sibi
768 3605 927 3651 necessa·

124 3685 185 3746 riis
198 3684 241 3746 de
249 3683 432 3746 virdunen.
446 3685 596 3748 ecolesiae
605 3687 818 3762 proventibus
828 3688 930 3748 mise-

124 3780 308 3845 ricorditer
321 3783 500 3858 provideri.
512 3785 632 3846 Petens
644 3785 782 3860 insuper
789 3800 930 3862 suspen·

123 3879 234 3942 3131113
271 3883 305 3942 31
336 3881 689 3944 excommunicationis
732 3881 926 3953 sententias,

115 3976 250 4054 quibus
277 3991 352 4038 eum
376 3976 515 4040 dilectus
538 3979 626 4040 tilius
646 3980 762 4040 hoster
783 3981 820 4039 P.
840 3978 928 4041 tituli

123 4075 255 4135 sanctae
289 4074 505 4136 Pudentianae
538 4075 712 4154 presbyter
735 4076 927 4148 cardinalis,

123 4173 207 4232 tuno
222 4171 423 4247 Apostolioae
438 4173 532 4234 Sedis
551 4173 693 4248 legatus,
713 4173 927 4245 astrinxerat,

124 4268 296 4344 relaxari;
311 4285 370 4346 pro
385 4285 448 4347 quo
459 4269 559 4332 etiam
569 4287 670 4346 super
682 4271 734 4331 1113
745 4271 927 4334 virdunen.

125 4367 315 4445 capitulum
335 4367 544 4444 supplicavit.
559 4369 628 4428 Nos
642 4370 752 4430 autem
768 4368 930 4430 senectuti

124 4465 371 4542 compatientes
394 4465 511 4542 ipsius,
536 4465 738 4528 fraternitati
773 4467 838 4528 tuae
870 4480 930 4541 per

767 391 995 452 EPISTOLAE.
1019 392 1097 452 LIB.
1121 393 1145 452 I.

1314 561 1465 648 CCXIX

1027 770 1079 829 Ad
1099 769 1254 829 abbatem
1273 768 1478 828 morsosterit
1496 768 1615 830 soracti
1629 767 1730 828 Petri

1268 876 1492 935 corbeiensis.

1271 1049 1390 1108 131311.
1408 1050 1487 1107 leli.

1013 1183 1212 1249 [negassent
1227 1182 1301 1249 epist.
1320 1181 1376 1234 113.
1391 1185 1449 1234 llss.
1462 1184 1499 1235 La
1510 1184 1586 1234 Porto
1602 1183 1637 1234 du
1652 1182 1746 1248 Thebi]

982 1319 1093 1393 Recipit
1121 1334 1171 1378 eos
1194 1318 1247 1378 sub
1274 1319 1451 1393 protectione
1480 1320 1511 1376 B.
1547 1318 1622 1376 Petri
1648 1325 1676 1376 et
1703 1331 1776 1377 euu-

1017 1416 1163 1468 merantur
1173 1406 1249 1466 bona
1264 1407 1300 1466 ad
1315 1409 1427 1466 illorum
1445 1409 1684 1467 monasteriorum
1699 1424 1779 1483 spec·

1018 1499 1116 1556 1311113.

1021 1625 1200 1698 1131311113,
1221 1625 1308 1688 etc...
1336 1625 1466 1688 dilectis
1490 1624 1569 1686 liliis
1592 1627 1643 1688 Jo.
1667 1625 1779 1690 abbati

982 1723 1177 1786 monasterii
1201 1724 1307 1786 sancti
1322 1724 1507 1796 corbeien,
1525 1723 1610 1802 quod
1633 1723 1668 1784 in
1695 1737 1778 1799 pago

981 1821 1178 1883 Ambianen.
1193 1822 1292 1883 situm
1307 1823 1367 1894 est,
1382 1825 1521 1900 ejusque
1537 1820 1694 1882 fratribus
1709 1821 1778 1882 tam

982 1919 1200 1996 presentibus
1215 1935 1314 1996 quam
1330 1917 1461 1991 futuris,
1474 1918 1661 1994 regularem
1675 1917 1778 1980 vitam

982 2017 1142 2095 professis
1157 2018 1191 2078 in
1207 2018 1413 2095 perpetuum.

1026 2115 1223 2192 spostolicae
1251 2115 1345 2176 Sedis
1376 2115 1573 2177 auctoritate
1603 2113 1781 2192 debltoque

983 2212 1212 2290 compellimur
1226 2229 1286 2290 pro
1302 2213 1535 2274 universarum
1561 2212 1778 2275 ecclesiarum

982 2312 1070 2373 statu
1084 2313 1247 2388 satagere,
1267 2313 1300 2373 et
1314 2327 1428 2374 earum
1448 2311 1593 2372 maxime
1608 2327 1681 2388 quae
1696 2327 1776 2388 spe-

980 2399 1100 2472 cialius
1116 2409 1223 2470 eidam
1247 2409 1325 2471 Sedi
1351 2408 1532 2479 adhaerent,
1557 2425 1596 2470 ao
1619 2411 1778 2487 tanquam

982 2508 1116 2586 proprio
1147 2509 1224 2584 jure
1261 2506 1417 2585 subjeotae
1458 2509 1536 2568 sunt
1577 2507 1776 2569 utilitatibus

982 2606 1168 2684 providere.
1198 2606 1391 2684 Eapropter,
1423 2604 1535 2667 dilecti
1567 2605 1603 2666 in
1638 2605 1777 2667 Domino

983 2706 1054 2778 dlii,
1066 2704 1187 2768 vestris
1198 2704 1297 2781 justis
1310 2703 1585 2780 postulationihus
1597 2704 1778 2767 clementer

982 2804 1172 2875 annuimus,
1194 2805 1227 2864 et
1248 2802 1289 2863 ad
1308 2802 1480 2879 exemplar
1496 2801 1781 2879 praedecessorum

983 2902 1171 2964 nostrorum
1193 2899 1300 2962 felicis
1319 2899 1488 2961 memorie
1507 2899 1650 2968 Nicolai,
1671 2903 1779 2964 Bene·

982 3001 1073 3072 dicti,
1088 2999 1219 3070 Leonis,
1247 2998 1385 3070 Urbani,
1405 2997 1588 3070 paschalis,
1611 3001 1776 3061 innocen-

982 3098 1021 3160 tii
1046 3100 1089 3170 ll,
1115 3096 1447 3173 superinsistant,
1473 3097 1672 3169 Alexandri,
1698 3098 1779 3158 Cle·

983 3195 1113 3268 mentis,
1131 3194 1300 3266 celestini,
1318 3195 1352 3257 et
1372 3194 1556 3257 innocentii
1580 3197 1637 3267 111,
1656 3197 1779 3256 Roma-

983 3310 1101 3356 norum
1138 3293 1354 3364 Pontificum,
1393 3291 1567 3370 praefatum
1604 3292 1776 3354 corbeien.

983 3391 1231 3464 monasterium,
1256 3391 1292 3452 in
1323 3405 1407 3468 pago
1435 3390 1630 3452 Ambianen.
1665 3391 1777 3464 situm,

984 3489 1069 3568 quod
1095 3489 1136 3550 ad
1162 3491 1218 3566 Jus
1246 3489 1279 3550 et
1308 3487 1543 3566 proprietatem
1573 3488 1662 3550 beati
1689 3489 1779 3550 Petri

984 3587 1174 3665 specialiter
1201 3587 1354 3664 pertinet,
1381 3587 1416 3647 in
1452 3602 1516 3663 quo
1552 3587 1632 3648 estis
1665 3587 1780 3647 divino

983 3684 1141 3762 obsequio
1156 3684 1346 3762 mancipati,
1364 3683 1425 3743 sub
1439 3683 1528 3745 beati
1546 3684 1635 3744 Petri
1651 3685 1781 3745 31133-

981 3785 1034 3844 tra
1067 3781 1271 3858 protectione
1305 3781 1515 3858 suscipimus,
1544 3781 1577 3842 et
1604 3781 1779 3857 praesentis

984 3879 1101 3957 scripti
1123 3879 1308 3956 patrocinio
1332 3878 1583 3940 communimus.
1601 3881 1639 3939 In
1662 3879 1780 3956 primis

984 3976 1146 4055 siquidem
1159 3976 1352 4048 statuentes,
1365 3975 1440 4048 etc,
1454 3991 1561 4049 usque
1574 3977 1779 4039 observetur.

984 4076 1151 4137 Praeterea
1180 4089 1402 4152 quascumque
1432 4075 1671 4151 possessiones,
1702 4075 1793 4148 etc.,.

983 4187 1091 4247 usquc
1118 4172 1345 4249 permaneant.
1377 4174 1413 4234 ln
1442 4172 1561 4252 quibus
1587 4172 1675 4245 haec,
1703 4173 1778 4245 etc,

983 4286 1090 4344 usque
1122 4270 1305 4332 vocabulis.
1340 4273 1460 4333 Omnes
1492 4272 1669 4349 parochias
1694 4273 1779 4333 Cor-

984 4368 1079 4440 beiae,
1106 4371 1141 4431 et
1168 4369 1362 4446 parochiam
1382 4371 1567 4441 Pratorum,
1590 4369 1782 4446 parochiam

983 4466 1025 4528 de
1051 4468 1171 4539 Naum,
1195 4467 1388 4545 parochiam
1415 4467 1455 4528 de
1482 4469 1559 4537 Bus,
1589 4467 1782 4543 parochiam

124 4562 315 4640 apostolica
335 4563 458 4641 scripta
480 4565 703 4642 praecipiendo
721 4564 927 4636 mandamus,
985 4565 1025 4625 de
1052 4565 1199 4637 Thenas,
1230 4566 1263 4626 et
1294 4565 1486 4642 parochiam
1522 4563 1562 4626 de
1597 4564 1700 4625 Ustia.
1733 4563 1782 4625 Ad

125 4662 295 4738 quatenus
308 4662 477 4739 praedictis
492 4662 665 4723 sententiis
676 4662 775 4737 juxta
789 4662 930 4723 formam
985 4663 1057 4724 haec
1086 4663 1281 4741 adjicientes
1315 4661 1543 4724 interdicimus
1574 4663 1611 4723 ut
1643 4677 1781 4738 posses-

125 4761 289 4823 Ecclesiae
309 4761 479 4832 relaxatis,
496 4759 569 4822 vice
587 4759 701 4821 nostra
720 4760 824 4837 ipsius
843 4761 931 4821 reci·
985 4761 1100 4821 siones
1122 4762 1155 4822 et
1177 4759 1341 4821 beneficia
1360 4759 1466 4836 ipsius
1490 4758 1642 4821 ecclesiae
1658 4759 1785 4837 absque

125 4857 202 4934 pias
223 4858 420 4930 cessionem,
449 4858 482 4919 et
501 4857 608 4919 eidem
630 4858 821 4934 provisione
844 4857 930 4920 fecta
985 4857 1114 4919 abbatis
1136 4859 1169 4920 31
1187 4855 1328 4918 fratrum
1348 4873 1513 4919 consensu
1535 4858 1648 4918 nullus
1670 4857 1784 4918 homi·-

125 4955 168 5016 de
183 4955 402 5033 proventibus
415 4956 634 5018 Virdunonsis
658 4957 819 5029 ecclesiae,
835 4957 932 5034 prout
986 4970 1066 5014 num
1090 4955 1124 5016 in
1150 4955 1312 5016 11133113
1336 4955 1376 5016 in·
1399 4956 1505 5017 morte
1529 4954 1606 5018 aliis
1630 4955 1784 5018 ecclesiis

127 5053 198 5115 tam
214 5053 280 5114 sibi
299 5069 398 5130 quam
419 5054 485 5131 ipsi
510 5054 659 5116 ecclesiae
681 5055 805 5116 videris
825 5068 930 5130 expe·
986 5053 1076 5125 dare,
1092 5055 1149 5114 ant
1164 5051 1231 5114 alio
1249 5053 1396 5130 quolibet
1414 5053 1511 5116 modo
1530 5055 1680 5116 alienare
1696 5071 1784 5132 prae·

126 5150 215 5224 dire,
234 5149 433 5212 auctoritate
461 5151 577 5212 nostra
610 5152 755 5229 capitulo
775 5151 931 5228 injungas
987 5151 1095 5211 sumat
1118 5149 1159 5210 ab
1181 5150 1265 5228 ipsa.
1286 5153 1356 5213 Neo
1371 5152 1471 5214 liceat
1488 5155 1624 5214 Reman.
1648 5153 1785 5215 archie—

126 5248 284 5310 ecclesiae
298 5248 532 5317 virdunensis,
546 5249 582 5310 ut
596 5249 636 5310 de
651 5265 793 5326 persona
812 5249 932 5309 idonea
987 5248 1133 5326 piscopo,
1150 5263 1211 5310 nec
1226 5248 1420 5311 Ambianen.
1438 5265 1500 5312 nec
1513 5251 1614 5312 alicui
1630 5251 1785 5328 episcopo

126 5361 205 5423 quae
226 5347 321 5407 tanto
343 5347 520 5408 conveniat
542 5347 636 5408 oneri
660 5348 694 5408 et
717 5347 847 5418 honori,
873 5361 933 5421 per
987 5346 1022 5407 in
1037 5344 1155 5408 abbate
1181 5348 1213 5408 et
1237 5345 1396 5409 fratribus
1413 5349 1465 5409 131
1481 5349 1613 5410 clericis
1636 5349 1785 5412 311313-

126 5443 329 5506 electionem
344 5445 538 5506 canonicam
563 5445 627 5505 sibi
642 5445 683 5506 de
698 5445 832 5506 licentia
849 5461 931 5506 nos·
987 5445 1086 5504 mulis
1099 5445 1157 5506 aut
1173 5445 1208 5506 in
1223 5445 1319 5506 laicis
1334 5445 1422 5507 infra
1438 5446 1594 5523 praefatas
1608 5447 1785 5523 parochias

127 5542 183 5602 tra
196 5542 371 5618 provideat
384 5543 418 5602 in
433 5544 609 5619 pastorem.
631 5545 749 5604 Datum
763 5542 930 5614 Laterani,
988 5543 1176 5603 constitutis
1187 5543 1447 5605 dominationem
1458 5543 1602 5620 aliquam
1614 5561 1785 5620 exercere,

128 5638 241 5700 idibus
271 5639 443 5714 februarii,
474 5641 684 5718 pontificatus
711 5640 817 5702 nostri
844 5656 932 5702 anno
988 5641 1046 5703 aut
1059 5657 1116 5702 eos
1131 5642 1421 5704 excommunicare
1437 5642 1488 5702 vel
1502 5641 1712 5717 interdicere,
1729 5647 1788 5708 aut

129 5735 250 5811 primo.
989 5739 1227 5816 appellationes
1245 5739 1351 5802 abeis
1369 5741 1422 5803 131
1439 5741 1581 5802 invicem
1594 5742 1646 5803 131
1667 5745 1784 5806 contra
