4142 6312
156 365 215 425 781
789 364 1018 428 EPISTOLAE.
1042 367 1120 426 LIB.
1144 367 1184 426 II.
1747 371 1808 430 782

156 525 219 586 siae
234 522 376 584 utilitate
390 523 539 600 pensata,
553 521 702 586 videntes
720 522 806 600 quod
815 523 857 585 ad
869 539 958 600 prae·
1011 507 1159 602 adeptus,
1187 523 1274 588 idem
1301 525 1392 588 nulla
1421 527 1461 588 de
1487 527 1550 588 boc
1573 526 1686 589 habita
1713 544 1808 589 men·

157 638 237 684 sens
264 636 411 697 nequeas
446 622 558 682 votum
591 621 731 699 exsequi
764 623 862 698 jnxta
889 621 955 682 tuae
1011 623 1110 694 tione,
1137 638 1237 700 super
1262 623 1439 699 praehenda
1464 625 1577 686 Sancti
1591 625 1753 687 lobannis
1770 627 1807 687 in
1936 629 1941 640 '

156 719 363 796 exigentiam
384 718 566 795 dignitatis,
593 721 623 780 et
648 720 677 780 si
703 735 799 780 secus
827 733 954 796 ageres,
986 707 987 712 ’
1010 719 1114 797 burgo
1130 721 1342 782 Laudunensi
1355 721 1396 782 ad
1413 721 1520 798 ipsum
1533 725 1664 784 nostras
1678 724 1807 785 litteras

157 818 300 879 forsitan
316 817 449 894 portare
467 831 599 878 crucem
613 815 649 877 in
668 817 806 892 angaria
824 817 957 878 videre-
1011 818 1210 894 impetravlt.
1245 821 1452 895 Quapropter
1483 819 1571 880 idem
1600 821 1657 897 qui
1687 823 1808 896 praeter

158 916 220 988 ric,
234 915 427 976 dilationem
439 913 507 976 voti
518 930 624 992 usque
635 914 677 975 ad
687 915 770 975 duos
781 929 886 976 annos
896 914 956 976 tibi
1012 915 1204 992 praebendas
1217 915 1301 976 nihil
1316 916 1457 978 habetiu
1469 933 1528 978 sua
1540 917 1716 979 donatione
1727 934 1808 980 con·-

158 1014 314 1075 duximus
334 1011 580 1088 indulgendam,
604 1011 798 1074 discretioni
817 1014 883 1074 tuae
898 1027 957 1089 per
1011 1012 1157 1083 terreae
1171 1029 1271 1091 super
1284 1015 1475 1091 provisione
1487 1016 1731 1092 quamplurium
1745 1016 1808 1077 cle-

157 1111 349 1188 Apostolica
355 1111 479 1188 scripta
485 1110 691 1178 mandantes,
699 1111 860 1188 quatenus
867 1111 956 1172 circa
1011 1111 1156 1172 ricorum
1170 1113 1226 1188 qui
1239 1129 1260 1173 a
1271 1113 1342 1172 suis
1351 1110 1651 1189 praedecessoribus
1662 1113 1807 1175 ordinati

160 1208 510 1286 praedictasetclesias
525 1209 685 1270 adhibeas
699 1207 956 1270 sollicitudinem
1011 1207 1163 1280 luerunt,
1190 1225 1255 1270 non
1282 1211 1449 1271 modicum
1486 1209 1687 1288 aggravatur
1712 1211 1808 1272 nobis

159 1306 354 1383 diligentem
367 1307 471 1376 tuam,
488 1306 609 1370 deinde
622 1322 830 1384 nequaquam
845 1305 957 1366 dimit·
1011 1306 1182 1369 humiliter
1203 1307 1412 1384 supplicavit,
1425 1309 1461 1370 ut
1480 1309 1511 1369 ei
1526 1323 1626 1386 super
1644 1309 1707 1370 hoo
1728 1325 1808 1386 pro-

157 1404 212 1466 tas
234 1405 306 1465 sine
329 1404 423 1465 Sedis
449 1404 647 1480 apostolicae
661 1403 807 1465 licentia.
837 1405 956 1465 Datum
988 1403 1123 1466 'videre
1153 1405 1292 1482 paterna
1325 1405 1548 1467 sollicitudine
1582 1407 1804 1482 dignaremur.

162 1504 289 1574 Romae,
300 1502 387 1580 apud
397 1503 555 1564 Sanctum
564 1503 709 1575 Petrum,
722 1504 765 1563 vl
780 1501 954 1579 kal.Junii‚
1012 1503 1094 1574 Quia
1106 1518 1186 1564 vero
1197 1502 1321 1566 litterae
1332 1519 1392 1579 per
1402 1503 1672 1580 suppressionem
1683 1505 1808 1566 verita-

159 1600 374 1680 pontificatus
388 1600 495 1662 nostri
514 1616 602 1662 anno
618 1599 774 1662 secundo.
1012 1600 1055 1662 tis
1070 1600 1211 1664 obtentae
1228 1600 1357 1662 nullum
1372 1600 1491 1662 debent
1507 1600 1630 1662 habere
1644 1600 1803 1677 vigorem,

445 1777 669 1866 CCLXXIII

161 1924 214 1984 Ad
227 1921 414 1996 capitulum
424 1921 543 1982 Sancti
552 1923 701 2016 dndrcoe
709 1919 955 1996 diminuentis.

459 2041 494 2100 27
504 2043 573 2099 maii
589 2041 667 2099 lala.

323 2147 413 2214 [hang
424 2149 530 2212 liegesta
539 2161 624 2200 rerum
638 2144 793 2212 Belcarum]

203 2249 371 2310 Honorius
398 2263 483 2325 papa
507 2249 554 2308 Ill
580 2247 726 2324 capitulo
753 2245 865 2308 Sancti
883 2249 956 2308 An-

160 2345 250 2408 dreae
276 2345 501 2422 Frisingensis
525 2359 633 2417 areas,
657 2343 754 2422 Juxta
780 2343 957 2404 ecclesiam

162 2459 258 2504 suam
274 2445 367 2516 sitas,
393 2441 577 2505 confirmat.
594 2443 712 2503 Datum
733 2443 845 2503 Romae
870 2440 957 2518 apud

163 2541 322 2602 Sanctum
343 2540 490 2614 Petrum,
515 2541 559 2601 VI
582 2539 650 2601 ltal.
669 2538 760 2616 junii
787 2536 840 2618 (27
861 2537 955 2618 maii)

162 2637 280 2716 pontit.
296 2654 384 2700 anno
398 2637 553 2699 secunde.

452 2813 670 2902 cunnnv
744 2760 749 2774 ’

160 2961 213 3022 Ad
232 2961 409 3022 Artdrcam
431 2961 648 3020 Luniensem
665 2957 959 3030 archiepiscopum

362 3055 396 3117 ct
410 3056 650 3131 suffropaucos
671 3056 757 3126 ejus

455 3169 491 3226 28
505 3168 573 3225 maii
588 3167 668 3225 lale.

255 3261 519 3342 [tiltepensvenslt
534 3273 640 3338 diplom.
652 3274 672 3333 l,
685 3273 738 3332 les,
751 3285 778 3322 n.
795 3271 861 3336 no]

420 3373 698 3447 beprobetlouibm.

201 3483 300 3564 (Vide
324 3485 450 3551 acceto
477 3482 688 3557 compilatio,
708 3479 764 3541 lib.
785 3482 828 3553 ΙΙ,
843 3480 893 3543 tit.
908 3481 957 3553 11,

160 3597 235 3660 cap.
255 3584 284 3654 1,
300 3583 378 3644 tom.
396 3583 421 3652 1,
438 3579 500 3642 col.
514 3577 603 3657 220.)

202 3683 321 3742 Datum
349 3682 472 3750 Romae,
508 3677 595 3754 apud
625 3676 783 3737 Sanctum
811 3674 956 3746 Petrum,

1011 1697 1205 1760 discretioni
1233 1701 1353 1761 vestrae
1385 1713 1444 1776 per
1468 1698 1659 1775 apostolica
1681 1699 1806 1776 scriptu

1011 1795 1218 1868 mundamus,
1233 1797 1406 1872 quatenus,
1425 1796 1454 1856 si
1469 1797 1520 1858 est
1537 1795 1595 1867 ita,
1615 1796 1806 1874 episcopum

1012 1895 1120 1970 ipsum
1143 1893 1340 1956 auctoritate
1362 1894 1476 1956 nostra
1491 1894 1692 1956 denuntietis
1707 1911 1808 1971 super

1012 1991 1075 2052 hoc
1092 1991 1134 2052 ab
1146 1991 1351 2068 impetitione
1371 1991 1521 2068 praedicti
1539 1990 1653 2052 clerici
1673 1991 1808 2054 absolu-

1011 2091 1091 2150 tum.
1117 2090 1208 2161 Quod
1235 2089 1265 2150 si
1291 2105 1356 2166 non
1384 2105 1514 2162 omnes,
1541 2089 1615 2161 etc„
1644 2090 1708 2150 duo
1730 2105 1807 2151 ves·
1883 2079 1886 2092 '

1011 2188 1110 2260 trum,
1135 2188 1196 2249 eto.
1226 2187 1346 2249 Datum
1370 2190 1483 2250 Romae
1505 2188 1592 2264 apud
1618 2190 1650 2250 S.
1673 2188 1807 2249 Petrum

1013 2284 1214 2348 Vkalendas
1225 2285 1324 2362 junii,
1342 2299 1431 2346 anuo
1446 2283 1602 2346 secundo.

1301 2461 1521 2549 cdlxxvi

1012 2607 1063 2664 Ad
1075 2607 1599 2679 archiepiscopumcundcnscm
1607 2607 1801 2678 episcopum

1041 2704 1298 2790 Roshttdeescm
1308 2702 1505 2764 etobbctcm
1519 2703 1561 2764 cte
1570 2705 1773 2764 ¹lllcricoocto.

1307 2824 1342 2881 28
1352 2825 1419 2881 maii
1437 2825 1514 2881 lala.

1132 2939 1284 3004 [Bullurium
1295 2941 1380 2998 lium,
1391 2939 1451 2990 edit.
1465 2939 1555 2998 Tutin,
1569 2939 1611 2998 lll,
1625 2939 1693 3005 alt]

1013 3044 1129 3104 nanum
1141 3053 1170 3103 ut
1191 3045 1335 3118 inquirant
1347 3044 1382 3103 de
1399 3046 1456 3103 vita
1472 3053 1500 3102 et
1515 3046 1659 3102 miraculis
1674 3045 1808 3102 willelmi

1252 3131 1362 3190 abbatis
1372 3132 1407 3190 de
1420 3133 1568 3192 Parecllto.

1053 3251 1220 3313 Honorius
1228 3252 1413 3328 episcopus,
1426 3265 1542 3312 servus
1553 3264 1724 3310 servorum
1733 3250 1803 3322 Dei,

1013 3350 1168 3413 venerab.
1192 3348 1351 3411 fratribus
1371 3348 1538 3410 Lundensi
1558 3347 1807 3423 archiepiscopo

1015 3447 1047 3508 et
1056 3447 1211 3523 episcopo
1221 3445 1432 3508 Roshildensi
1445 3445 1478 3506 et
1488 3444 1606 3506 dilecto
1617 3445 1686 3504 illio
1698 3443 1809 3505 abbati

1014 3545 1054 3606 de
1071 3543 1258 3615 Heriwado,
1276 3544 1412 3604 cisterc.
1427 3543 1497 3604 ord.

1054 3643 1146 3703 Licet
1164 3642 1303 3716 angelus
1325 3641 1481 3701 sathanae
1497 3655 1532 3701 se
1554 3638 1751 3715 quandoque
1774 3638 1808 3698 in

1014 3740 1098 3802 lucis
1113 3738 1269 3814 angelum
1283 3735 1508 3812 transfiguret,
1532 3737 1565 3797 et
1579 3735 1728 3813 plerique
1740 3735 1808 3795 im-

160 3781 191 3841 V
208 3777 370 3838 kalendas
394 3776 494 3855 ponii,
511 3773 721 3852 pontificatus
742 3772 849 3834 nostri
870 3787 959 3832 anno

162 3876 320 3938 secundo,
1015 3838 1170 3915 pietatem
1189 3851 1284 3897 suam
1298 3835 1447 3897 velantes
1462 3833 1523 3894 suh
1536 3832 1662 3894 vellere
1677 3833 1809 3910 pietatis

1013 3937 1181 4012 tamquam
1200 3933 1346 4011 parietes
1362 3932 1505 3993 dealbati
1518 3947 1578 4010 per
1591 3929 1710 3992 falsam
1728 3929 1811 3992 reli-

1014 4033 1123 4109 gionis
1147 4033 1292 4110 speciem
1317 4046 1415 4108 quam
1435 4029 1644 4108 praetendunt
1661 4027 1809 4104 ignomi-

1015 4131 1108 4191 niose
1133 4145 1253 4191 nomen
1278 4128 1342 4189 sibi
1369 4127 1554 4189 sanctitatis
1581 4126 1752 4204 usurpent,
1777 4126 1811 4186 et

1015 4224 1167 4289 fallentes
1190 4226 1380 4304 opinionem
1400 4225 1571 4293 hominum
1593 4225 1626 4286 et
1649 4240 1685 4285 se
1705 4224 1806 4300 ipsos.

457 4341 493 4399 itt
504 4338 572 4397 muti
589 4339 668 4396 lil8.
1014 4328 1117 4388 Deum
1127 4325 1183 4403 qui
1194 4341 1261 4387 non
1273 4323 1432 4386 irridetur
1441 4339 1507 4385 non
1517 4323 1646 4394 fallunt,
1655 4321 1711 4382 sed
1718 4321 1810 4398 Justo

189 4450 310 4514 plagast..
321 4448 367 4499 nn.
382 4448 414 4504 11,
427 4446 501 4512 epist.
514 4445 583 4496 liat.
596 4445 700 4496 uscha
711 4443 828 4494 Porrecto
840 4440 932 4507 rnen]
1014 4427 1087 4500 ejus
1107 4423 1235 4501 judicio
1259 4421 1505 4498 relinquuntur,
1521 4421 1615 4497 isque
1637 4418 1694 4495 qui
1718 4417 1810 4478 novit

162 4558 296 4616 Clemens
308 4557 429 4613 clericus
443 4555 472 4612 in
484 4567 536 4611 sua
554 4551 671 4610 dioecesi
686 4548 837 4623 possidens
855 4547 960 4606 beneti-
1015 4522 1105 4584 SOlUS
1117 4514 1729 4593 ab‘³⁰011tffi21fflss‘lbl'al'lunhUJ'USfflOdi
1740 4529 1811 4591 per·

198 4646 274 4704 cium
301 4643 475 4717 permutare,
491 4641 528 4700 αθ
553 4641 609 4698 boo
623 4640 700 4698 nulle
716 4639 863 4696 mentione
883 4635 959 4696 lectu
1014 4635 1186 4682 versorum
1202 4615 1545 4678 malitiamabeorum
1558 4612 1720 4674 fructibus
1736 4627 1809 4673 esse

198 4733 320 4793 obtinuit
329 4734 437 4791 litteras
446 4745 533 4805 super
543 4727 695 4803 praebenda
707 4728 803 4785 Sancti
820 4727 961 4785 lobannis
1015 4714 1166 4778 docuerit
1195 4711 1484 4790 cognoscendam
1508 4713 1545 4772 ut
1580 4711 1690 4772 tamen
1723 4710 1811 4770 inter

200 4826 230 4882 in
244 4825 340 4895 Burgo
351 4837 360 4894 ;
380 4836 468 4894 quum
483 4820 582 4876 littere
601 4834 652 4892 per
667 4817 958 4890 suppressionemve·
1015 4815 1141 4890 lepram
1161 4817 1194 4873 et
1212 4811 1339 4888 lepram
1360 4809 1482 4871 melius
1504 4809 1757 4883 distinguamus,
1780 4808 1812 4869 et

199 4911 428 4970 ritatisobtentse
448 4908 556 4966 nullum
572 4906 679 4964 babent
694 4906 824 4980 vigorem
844 4903 961 4962 mandat
1016 4927 1088 4989 quae
1112 4909 1236 4970 munda
1269 4907 1371 4970 suerit
1398 4908 1431 4969 ot
1462 4907 1632 4968 immunda
1667 4907 1811 4968 sciamus

200 4994 660 5075 l>⁰¹¹²ifffl⁴¹1²1¹¹f⁰f¹¹¹ii¹¹fhi¹⁰t¹e
675 5009 715 5052 fi·
1016 5009 1206 5070 discernere
1230 5005 1416 5084 separando
1435 5007 1617 5083 pretiosum
1632 5021 1652 5066 a
1667 5005 1736 5078 vili,
1757 5019 1813 5064 so-

204 5117 392 5189 Honorius,
428 5116 511 5187 eto,
540 5113 670 5176 dilectis
699 5111 777 5172 tiliis
801 5107 961 5187 magistro
1016 5106 1061 5168 let
1085 5105 1245 5167 Dominus
1263 5103 1365 5166 vitam
1387 5105 1536 5166 sanctam
1556 5120 1670 5166 eorum
1687 5103 1742 5179 qui
1758 5115 1813 5161 se-

163 5221 194 5282 J.
222 5216 254 5278 et
278 5219 316 5278 li.
341 5213 512 5285 Fundano,
534 5210 770 5272 archidiacono
806 5207 962 5270 Catalau-
1016 5205 1227 5267 minaverunt
1252 5203 1287 5264 in
1318 5202 1491 5280 lacrymis,
1514 5218 1554 5264 eo
1576 5201 1661 5278 quod
1685 5199 1812 5260 metunt

163 5314 271 5386 uensi,
285 5314 346 5375 eto.
1016 5302 1050 5364 in
1078 5301 1363 5364 benedictionibus
1390 5300 1596 5362 abundanter
1617 5299 1810 5374 plerumque

204 5409 414 5473 Venerabilis
438 5407 541 5470 frater
556 5409 669 5468 noster
683 5405 857 5483 episcopus
872 5405 963 5464 Lau·
1017 5400 1186 5461 miraculis
1202 5399 1399 5461 confirmare
1412 5397 1580 5474 signisque
1599 5395 1811 5472 sequentibus

164 5509 324 5572 dunensis
338 5507 372 5568 in
388 5509 501 5568 nostra
520 5505 598 5568 fecit
612 5503 790 5582 praesentia
812 5489 959 5572 recitari,
1017 5498 1176 5571 indicare,
1193 5497 1279 5575 quod
1299 5499 1348 5558 eis
1373 5494 1581 5572 splendorem
1601 5509 1660 5570 pro
1685 5493 1812 5554 meritis

165 5608 252 5686 quod
279 5623 378 5684 quum
403 5606 554 5666 Clemens
586 5603 726 5664 clericus
764 5599 960 5661 beneficium
1017 5591 1811 5672 dederitsempiternum.Hacigiturrationecum

165 5703 358 5788 parochiale
391 5704 580 5782 competens
605 5701 640 5762 in
666 5715 725 5761 sua
750 5696 886 5760 dioecesi
920 5695 964 5758 sit
1016 5693 1180 5769 tu‚frater
1197 5693 1457 5770 archiepiscope,
1478 5690 1574 5754 nobis
1596 5689 1716 5768 saepips
1732 5689 1812 5750 inti-

462 3986 672 4092 ccclxv·

223 4123 275 4186 Ad
298 4123 557 4199 propenens.
579 4121 615 4182 ct
635 4121 675 4180 R.
698 4121 900 4180 Fccrtdcllum

262 4223 543 4282 orclctdtocouum
562 4217 857 4280 catalaunensem.
