4082 6342
935 260 1109 352 nononn
1132 290 1175 350 ιιι
1197 283 1346 352 orani.
1889 298 1935 359 ιιι

317 450 536 514 Probihemus
553 450 691 528 insuper
714 454 750 514 ut
769 449 855 512 nulli
876 450 1016 514 fratrum
1039 465 1116 513 ves-
1169 448 1371 528 recipiendis
1386 449 1648 528 professionibus
1664 466 1737 530 quac
1751 467 1770 514 a
1783 450 1937 518 benedictis

315 553 454 623 trorum,
480 549 554 628 post
572 549 693 612 iactam
719 549 754 610 in
778 549 979 613 monasterio
1003 550 1114 613 vestro
1169 547 1222 610 vel
1244 545 1479 610 benedicendis
1490 546 1674 612 abbatibus
1698 549 1891 626 exhibentur,
1907 571 1937 616 ss

316 650 566 726 professionem,
578 647 628 709 ias
644 647 688 710 sit
697 647 769 709 sine
779 645 908 710 abbatis
916 648 969 709 sui
979 648 1114 711 licentia
1169 645 1237 708 sint
1251 645 1399 724 episcopi
1417 646 1523 708 sorma
1543 648 1576 708 et
1590 648 1803 725 expressione
1820 651 1937 713 conteni

315 747 355 808 de
383 746 498 808 eodem
524 745 793 808 locowdiscedere
808 763 816 807 ε
833 743 1021 808 discedente
1034 761 1113 808 vero
1169 759 1243 821 quaa
1267 743 1309 805 ab
1335 743 1466 821 origine
1486 745 1614 807 ordinis
1629 747 1778 808 noscitur
1791 745 1936 824 instituta;

315 845 439 923 absque
465 844 689 907 communium
717 843 904 906 litterarum
927 845 1114 906 vestrarum
1170 841 1206 903 ut
1220 841 1349 905 scilicet
1358 840 1496 905 abbates
1509 842 1573 920 ipsi
1588 842 1683 906 salso
1695 843 1810 906 ordine
1822 860 1938 922 uopro-

314 945 481 1016 cautione,
510 942 622 1003 nullus
649 942 771 1004 audeat
795 941 958 1018 rotinere;
983 940 1114 1020 quodsi
1170 938 1259 1001 litori
1273 938 1427 1013 debeant,
1452 942 1486 1003 st
1499 942 1616 1003 contra
1636 941 1758 1003 statuta
1778 942 1891 1004 ordinis
1901 944 1938 1003 sui

314 1042 388 1120 quis
415 1041 499 1104 iorte
527 1040 672 1103 retinere
696 1041 955 1118 praesumpserit,
985 1039 1114 1102 licitum
1169 1038 1298 1100 nullam
1321 1036 1562 1116 professionem
1582 1039 1693 1102 iacere
1716 1040 1938 1117 compellantur.
2012 1060 2016 1075 ¹

313 1141 407 1202 vobis
420 1140 455 1201 in
470 1140 561 1217 ipsos
573 1137 753 1202 monachos
763 1139 816 1200 rel
826 1153 1005 1200 conversos
1019 1153 1115 1214 regu·
1170 1136 1235 1197 Pro
1251 1133 1501 1199 consecratione
1520 1152 1600 1200 sero
1624 1137 1781 1200 altarium
1795 1137 1844 1199 rel
1857 1139 1942 1200 eccle

2012 919 2015 993 ι

2012 1096 2016 1180 l

313 1239 420 1300 larem
435 1238 634 1301 sententiam
648 1237 869 1314 promulgare.
882 1235 966 1297 illud
981 1235 1116 1299 distric-
1170 1233 1307 1307 siarum,
1334 1234 1405 1296 sive
1430 1250 1489 1313 pro
1512 1235 1584 1297 oleo
1608 1236 1735 1307 sancto,
1751 1236 1803 1298 vel
1823 1234 1942 1313 quolibet
2015 1251 2016 1314 p

312 1337 380 1398 tius
409 1335 597 1398 inhibentes
625 1351 667 1396 ne
697 1336 825 1407 terras,
854 1349 913 1398 seu
947 1333 1116 1413 quodlibet
1170 1332 1398 1395 ecclesiastico
1425 1335 1644 1407 sacramento,
1674 1334 1786 1396 nullus
1812 1350 1831 1395 a
1855 1333 1941 1404 nobb,

314 1435 514 1496 beneficium
529 1433 682 1496 ecclesiae
697 1435 818 1495 vestrae
834 1432 1001 1506 collatum,
1017 1432 1116 1494 liceat
1170 1430 1306 1493 obtentu
1325 1431 1576 1494 consuetudinis
1591 1430 1643 1494 vel
1659 1431 1727 1494 alio
1742 1432 1846 1499 modo,
1862 1431 1942 1507 quid·
2014 1436 2017 1447 '

314 1533 417 1595 alicui
427 1512 648 1609 personaliter
661 1530 747 1603 dari,
761 1531 831 1593 sire
842 1531 910 1592 alio
924 1531 1022 1592 modo
1036 1529 1117 1592 alie-
1171 1544 1269 1605 quam
1278 1529 1401 1592 audeat
1409 1529 1620 1608 extorquere,
1630 1531 1689 1592 sed
1698 1533 1771 1594 baec
1779 1529 1880 1591 omnia
1889 1543 1945 1604 gra·

315 1631 401 1703 nari,
429 1629 554 1707 absque
577 1645 742 1691 consensu
766 1630 868 1691 totius
891 1628 1041 1707 capituli,
1062 1627 1116 1690 vel
1170 1627 1213 1688 tis
1235 1626 1329 1689 vobis
1350 1629 1525 1706 episcopus
1552 1629 1762 1692 dioecesanus
1785 1625 1943 1704 impendar

315 1729 452 1807 majoris
476 1730 534 1790 aut
556 1727 700 1790 sanioris
715 1728 819 1804 partis
841 1727 959 1805 ipsius.
985 1727 1022 1790 Si
1041 1743 1115 1804 quae
1170 1725 1319 1803 alioquin
1329 1725 1428 1788 liceat
1441 1725 1535 1789 vobis
1554 1725 1828 1804 qualemcumque
1840 1723 1946 1785 malua

315 1843 395 1888 vero
409 1825 604 1887 donationes
610 1826 664 1886 rel
676 1825 896 1888 alienationes
907 1824 1005 1886 aliter
1017 1840 1116 1902 quam
1170 1821 1244 1884 ritis
1260 1823 1460 1886 catholicum
1474 1823 1567 1886 adire
1577 1825 1772 1895 antistitem,
1781 1823 1910 1901 gratiam
1920 1823 1945 1880 et

316 1926 439 1988 dictum
463 1925 515 1986 est
541 1921 637 1984 iactae
666 1922 800 1995 luerint,
831 1938 889 1984 eas
908 1922 1023 1985 irritas
1043 1938 1116 1985 esse
1171 1921 1436 1983 communionem
1455 1922 1653 2000 apostolica
1670 1921 1768 1985 setlle
1781 1919 1944 1988 badenim

315 2037 501 2085 censemus.
529 2021 577 2084 lid
604 2019 677 2082 haec
702 2020 803 2083 etism
832 2019 1046 2101 probibemus
1074 2037 1116 2082 ne
1171 2019 1353 2096 quinostra
1368 2019 1472 2083 lietus
1485 2019 1788 2083 auctoritaterobis
1801 2017 1947 2097 quodpos·

315 2122 437 2198 aliquis
452 2119 634 2181 monachus
655 2118 725 2180 sive
747 2133 939 2192 conversus,
957 2119 1018 2181 sub
1038 2135 1117 2197 pro-
1171 2117 1297 2180 tulaiur
1311 2117 1490 2197 impendat

315 2219 461 2282 sessione
475 2219 597 2279 vestrae
613 2217 729 2279 domus
743 2217 933 2290 adstrictus,
950 2218 1023 2279 sine
1036 2233 1118 2280 con-
1212 2215 1303 2288 Quod
1330 2216 1359 2278 si
1385 2215 1481 2277 sedes
1509 2214 1689 2278 dioecesani
1715 2213 1858 2294 episcopi
1880 2209 1947 2273 torte

315 2333 417 2380 sensu
439 2316 472 2378 et
493 2315 629 2377 licentia
648 2314 778 2377 abbatis
797 2316 831 2378 et
850 2317 988 2393 majoris
1012 2316 1116 2393 partis
1171 2312 1351 2386 vacaverit,
1373 2314 1507 2376 interim
1528 2315 1639 2376 omnia
1660 2312 1881 2377 ecclesiastica
1901 2323 1947 2368 ss-

316 2414 454 2492 capituli
469 2413 584 2484 vestri,
603 2428 663 2490 pro
677 2413 790 2491 aliquo
804 2412 992 2492 fidejubeat,
1005 2414 1059 2477 vel
1075 2413 1115 2476 ab
1171 2413 1339 2473 eramenta
1359 2411 1399 2474 de
1421 2412 1540 2474 ricinis
1565 2413 1734 2491 episcopis
1756 2410 1898 2487 accipere
1915 2403 1949 2464 li·

316 2513 430 2590 aliquo
444 2512 621 2589 pecuniam
636 2513 749 2573 mutuo
771 2511 913 2588 accipiat
932 2511 1018 2574 ultra
1034 2528 1115 2589 pre·
1170 2509 1250 2571 here
1267 2510 1301 2572 et
1324 2509 1450 2587 absque
1472 2509 1735 2573 contradictione
1759 2507 1895 2588 possitis,
1911 2503 1949 2562 sic

316 2611 400 2674 tium
411 2608 657 2687 capitulirestri
666 2609 1114 2686 prouidenterconstitutum,
1170 2607 1281 2669 tamen
1297 2608 1333 2669 ut
1344 2622 1387 2668 ex
1401 2607 1463 2669 hoc
1481 2607 1517 2668 in
1532 2609 1702 2684 posterum
1722 2605 1863 2686 propriis
1876 2600 1949 2678 epis·

317 2707 383 2769 nisi
399 2707 535 2784 propter
547 2705 757 2768 manifestam
772 2706 888 2767 domus
910 2707 1029 2768 vestrm
1044 2705 1115 2768 uti-
1171 2705 1263 2782 copis
1276 2703 1404 2765 nullum
1419 2705 1648 2782 praejudicium
1669 2706 1857 2782 generetur.
1881 2695 1949 2772 Quia

318 2805 445 2866 litatem
460 2803 572 2880 ;-quod
585 2802 613 2863 si
630 2801 715 2864 forte
730 2802 840 2864 iacere
855 2803 1113 2880 praesumpserit,
1170 2817 1250 2863 vero
1262 2801 1427 2864 interdum
1442 2803 1651 2880 propriorum
1663 2804 1888 2882 episcoporum
1900 2809 1948 2856 co·

302 2917 384 2963 -non
399 2900 743 2964 teneaturconventus
756 2915 816 2977 pro
828 2899 881 2961 his
905 2900 1115 2978 aliquatenus
1171 2901 1259 2976 piam
1274 2916 1340 2962 non
1356 2900 1496 2969 habetis,
1518 2901 1548 2962 si
1563 2917 1660 2979 quem
1680 2901 1880 2979 episcopum,
1895 2894 1951 2954 Ro·

318 2998 530 3076 respondere.
553 2997 695 3061 Licitum
719 3001 880 3084 praeterea
905 2998 948 3060 sit
970 2999 1063 3062 vobis
1080 2999 1115 3060 in
1171 3014 1277 3060 manae
1300 2998 1405 3070 Sedis,
1425 3002 1462 3060 ut
1483 2999 1639 3071 diximus,
1664 3000 1809 3077 gratiam
1827 2996 1859 3056 et
1875 3003 1950 3053 con·

301 3098 430 3160 causis
445 3096 600 3175 propriis,
618 3096 689 3158 sire
703 3097 845 3168 civitem,
861 3097 933 3160 sive
955 3097 1115 3160 crimina·
1171 3095 1361 3158 munionem
1387 3096 1575 3170 habentem,
1613 3096 1646 3158 et
1673 3098 1715 3160 de
1747 3109 1812 3176 quo
1838 3091 1950 3170 plenam

316 3196 383 3257 lem
397 3195 589 3256 contineant
598 3195 826 3272 quaestionem,
838 3196 977 3256 fratrum
987 3197 1117 3258 restro-
1171 3195 1324 3256 notitiam
1349 3193 1512 3269 habeatis,
1537 3211 1597 3272 por
1620 3211 1679 3258 vos
1695 3192 1841 3258 transire
1861 3182 1951 3250 conti-

318 3309 392 3354 rum
405 3291 607 3354 testimoniis
624 3292 682 3362 uti,
699 3307 741 3353 ne
755 3307 815 3369 pro
831 3291 961 3354 delectu
981 3292 1116 3356 testium
1171 3293 1266 3368 gerit,
1283 3291 1325 3354 ab
1342 3308 1381 3354 eo
1402 3292 1650 3354 benedictiones
1665 3307 1824 3356 vasorum
1842 3286 1873 3348 et
1888 3295 1952 3342 vcs-

303 3421 307 3426 ·
314 3395 372 3470 jus
388 3392 536 3454 vestrum
551 3389 586 3450 in
604 3389 715 3466 aliquo
741 3390 853 3452 valeat
867 3390 1029 3466 deperire.
1055 3393 1116 3452 In·
1171 3389 1263 3463 tium,
1281 3391 1549 3453 consecrationes
1560 3390 1730 3465 altarium,
1745 3382 1950 3453 ordinationes

319 3505 419 3566 super
433 3487 630 3550 auctoritato
653 3487 843 3565 Apostolica
864 3487 1053 3550 inhibemus
1074 3505 1116 3551 ne
1171 3488 1409 3550 monachorum
1434 3489 1630 3551 auctoritate
1653 3473 1951 3566 apostolicaesedis

318 3588 407 3648 ullus
422 3587 608 3664 spiscopus,
624 3586 680 3650 vol
698 3584 856 3663 quaelibet
870 3586 938 3649 alla
961 3602 1114 3664 persona,
1171 3586 1321 3664 recipere
1335 3586 1487 3649 valeatis.
1509 3589 1613 3648 Porro
1630 3586 1657 3648 si
1674 3583 1822 3664 episcopi
1842 3576 1891 3641 rel
1903 3567 1950 3634 alii

298 3686 358 3746 ad
375 3685 520 3764 synodos
541 3684 594 3746 vel
610 3685 795 3746 conventus
816 3685 967 3746 dorenses
980 3701 1039 3747 vos
1054 3686 1114 3759 ire,
1172 3684 1388 3748 ecclesiarum
1404 3685 1550 3748 rectores
1571 3686 1605 3746 in
1630 3681 1868 3748 monasterium
1889 3684 1953 3734 ves·

318 3784 372 3846 vel
392 3783 520 3863 judicio
530 3783 686 3845 saeculari
697 3783 738 3844 de
751 3783 863 3846 restra
876 3784 1011 3861 propria
1026 3785 1118 3847 subs·
1172 3784 1270 3857 trum,
1291 3783 1343 3845 vel
1368 3798 1528 3860 personas
1551 3782 1633 3844 inibi
1658 3779 1863 3847 constitutas,
1887 3781 1951 3871 susj

318 3883 434 3954 tantia,
452 3882 505 3943 vel
524 3881 791 3959 possessionibus
806 3882 926 3944 vestris
945 3881 1117 3958 subiacere
1172 3881 1352 3960 pensionis,
1363 3879 1728 3954 excommunicationis,
1739 3879 1793 3942 vel
1803 3862 1952 3938 interdicti

319 3979 523 4056 compellat3
550 3994 612 4041 nec
640 3979 681 4041 ad
705 3978 820 4042 domos
845 3980 987 4051 uestras,
1016 3995 1117 4042 causa
1174 3979 1374 4041 sententiam
1398 3977 1693 4056 promulgaverint,
1720 3979 1792 4040 sive
1813 3970 1906 4034 etiam
1923 3959 1952 4018 11¹

304 4077 453 4139 ordines
475 4074 682 4147 celebrandi,
707 4091 826 4137 causas
854 4076 1036 4149 tractandi,
1063 4079 1117 4140 vel
1173 4076 1396 4139 mercenarios
1417 4077 1557 4148 vestros,
1573 4091 1634 4154 pro
1654 4092 1693 4138 eo
1709 4074 1796 4154 quod
1810 4065 1951 4164 decimat,

304 4173 450 4250 aliquos
488 4173 670 4235 conventus
710 4171 860 4249 publicos
894 4174 1116 4247 convocandi,
1173 4173 1396 4236 sicutdiotum
1412 4174 1472 4245 est,
1489 4190 1556 4236 non
1569 4173 1809 4251 persolveritis,
1826 4153 1954 4227 sivsal·

319 4271 640 4346 venirepraesumat3
654 4269 1118 4346 necregularemslectionem
1173 4287 1238 4350 qua
1271 4271 1446 4334 occasione
1470 4287 1585 4333 eorum
1609 4289 1683 4350 quas
1709 4272 1752 4334 ab
1783 4253 1952 4344 apostolica

2014 1353 2017 1433 t

320 4367 449 4431 abbatis
472 4367 574 4429 uestri
597 4365 766 4444 impediat,
782 4369 840 4430 aut
861 4367 901 4430 de
917 4369 1118 4434 instituendo
1172 4369 1375 4447 benignitate
1401 4369 1496 4432 vobis
1518 4369 1648 4432 indulta
1670 4371 1758 4444 suni,
1782 4379 1840 4428 seu
1861 4358 1952 4420 bene·

319 4467 373 4529 vel
384 4467 584 4529 removendo
595 4479 634 4527 eo
645 4465 701 4543 qui
711 4481 772 4544 pro
780 4466 928 4544 tempore
936 4467 1036 4530 suerit
1044 4485 1120 4531 con·
1173 4468 1315 4532 factores
1335 4469 1463 4532 vestros
1485 4484 1545 4546 pro
1568 4485 1609 4530 eo
1633 4468 1718 4546 quod
1743 4466 1852 4542 aliqua
1872 4445 1952 4514 vobis
2019 4497 2020 4502 ,

320 4569 372 4628 tra
393 4565 517 4627 statuta
539 4563 769 4626 cisterciensis
789 4565 914 4626 ordinis
932 4581 968 4627 se
986 4567 1119 4645 aliqua·
1173 4567 1345 4638 beneficia,
1362 4567 1415 4628 rel
1431 4565 1602 4645 obsequia,
1619 4582 1662 4628 ex
1677 4551 1816 4630 caritate
1835 4544 1951 4636 praesti-

320 4669 417 4727 tenus
432 4663 642 4726 intromittat.
656 4663 691 4724 Si
701 4677 780 4724 vero
790 4663 1009 4741 episcopusin
1023 4668 1118 4744 cujus
1172 4667 1284 4738 tarint,
1308 4665 1363 4727 rel
1391 4665 1436 4726 ad·
1461 4663 1679 4726 laborandum
1708 4651 1899 4743 adjuverint,
1923 4639 1951 4702 in
2019 4663 2020 4668 ’

320 4761 481 4840 parochia
494 4761 611 4822 domus
623 4763 734 4822 vestra
749 4760 886 4824 fundata
900 4764 1045 4836 osteum
1060 4763 1119 4824 hu·
1172 4764 1240 4824 illis
1262 4761 1377 4824 diebus
1398 4763 1435 4824 in
1458 4761 1578 4840 quibus
1602 4777 1662 4824 vos
1682 4757 1840 4824 laboratis
1853 4748 1883 4811 et
1902 4738 1951 4802 ²¹¹¹

301 4860 462 4922 *militate
488 4875 526 4920 ac
548 4859 722 4922 devotione
746 4876 810 4938 qua
832 4861 987 4924 convenit
1004 4861 1120 4939 requi·
1173 4845 1518 4931 leniantuneamdem
1539 4861 1739 4923 sententiam
1759 4833 1948 4946 protulerint.

302 4957 416 5027 situs,
449 4955 662 5018 substitutum
691 4956 841 5019 abbatem
863 4957 1060 5021 benedicere
1086 4961 1119 5021 et
1173 4959 1278 5037 ipsam
1293 4959 1586 5036 tamquamcontra
1603 4958 1698 5021 Sedis
1713 4945 1952 5040 apostolicam·

321 5053 468 5130 aliaquas
482 5051 523 5113 ad
537 5052 682 5114 osticium
693 5054 840 5133 episcopi
850 5056 1017 5132 pertinent
1025 5054 1119 5118 vobis
1173 5055 1264 5119 dulia
1294 5056 1457 5134 prolatam
1483 5057 1638 5118 duximus
1666 5053 1869 5119 irritandam,
1900 5040 1950 5094 ¹¹0⁰

321 5150 473 5215 conterre
497 5151 655 5222 renuerit,
673 5151 799 5214 licitum
816 5153 860 5216 sit
873 5155 980 5216 eidem
995 5153 1116 5226 abbati,
1173 5153 1292 5217 litteras
1308 5155 1496 5218 firmitatem
1514 5153 1659 5219 babeant
1673 5171 1767 5233 quas,
1787 5142 1883 5214 tacito
1900 5139 1951 5192 110‘

322 5252 350 5312 si
364 5253 476 5313 tamen
503 5247 658 5309 sacerdos
682 5249 793 5324 buerit,
811 5252 961 5329 proprios
976 5251 1119 5314 novitios
1173 5253 1263 5314 mine
1284 5251 1513 5314 cisterciensis
1534 5251 1673 5325 ordinis,
1690 5253 1724 5315 et
1741 5247 1853 5314 contra
1875 5235 1952 5330 tono·

320 5345 539 5419 benedicere,
556 5348 590 5408 et
614 5345 681 5408 alia
704 5363 778 5423 quae
804 5349 844 5410 ad
863 5350 1009 5412 olllcium
1023 5365 1119 5411 suum
1173 5365 1244 5414 rem
1272 5350 1531 5429 apostolicorum
1558 5349 1820 5428 privilegiorum,
1840 5321 1953 5402 coffin‘

321 5446 488 5526 pertinent
511 5457 680 5517 exercere,
704 5447 738 5506 et
760 5443 854 5508 vobis
869 5443 981 5510 omnia
996 5447 1037 5510 ab
1052 5447 1119 5510 alio
1173 5449 1253 5512 terit
1276 5447 1460 5527 impetrari.
1488 5450 1668 5523 Praeterea,
1698 5464 1773 5510 cum
1796 5428 1950 5505 ccmffl¹¹¹¹⁰

321 5545 477 5624 episcopo
503 5543 674 5622 percipere
705 5557 779 5622 puae
808 5560 829 5606 s
857 5549 968 5609 vestro
995 5545 1121 5610 luerint
1175 5545 1386 5610 interdictum
1406 5549 1505 5610 terras
1531 5545 1643 5621 fuerit,
1669 5547 1768 5609 liceat
1791 5531 1878 5604 vobis
1903 5529 1950 5624 ¹¹¹.

321 5641 469 5706 indebite
497 5641 669 5718 denegata.
694 5640 778 5706 lllud
807 5642 1002 5720 sdJicientes
1028 5647 1063 5708 ut
1085 5645 1119 5708 in
1174 5628 1354 5708 nilominus
1387 5645 1422 5708 in
1446 5647 1557 5707 vestro
1586 5643 1798 5716 monasterio,
1822 5623 1949 5696 οπως
