<?xml version="1.0" encoding="UTF-8"?>
<!DOCTYPE html PUBLIC "-//W3C//DTD XHTML 1.0 Transitional//EN"
    "http://www.w3.org/TR/xhtml1/DTD/xhtml1-transitional.dtd">
<html xmlns="http://www.w3.org/1999/xhtml" xml:lang="en" lang="en">
 <head>
  <title>
</title>
<meta http-equiv="Content-Type" content="text/html;charset=utf-8" />
  <meta name='ocr-system' content='tesseract 3.04.00' />
  <meta name='ocr-capabilities' content='ocr_page ocr_carea ocr_par ocr_line ocrx_word'/>
</head>
<body>
  <div class='ocr_page' id='page_1' title='image "./mediiaevibiblio01unkngoog_0410.png"; bbox 0 0 4058 6308; ppageno 0'>
   <div class='ocr_carea' id='block_1_1' title="bbox 4 4779 6 4864">
    <p class='ocr_par' dir='ltr' id='par_1_1' title="bbox 4 4779 6 4864">
     <span class='ocr_line' id='line_1_1' title="bbox 4 4779 6 4864; baseline 0 0"><span class='ocrx_word' id='word_1_1' title='bbox 4 4779 6 4864; x_wconf 90' lang='lat' dir='ltr'>l</span> 
     </span>
    </p>
   </div>
   <div class='ocr_carea' id='block_1_2' title="bbox 709 316 1853 436">
    <p class='ocr_par' dir='ltr' id='par_1_2' title="bbox 709 316 1853 436">
     <span class='ocr_line' id='line_1_2' title="bbox 709 316 1853 436; baseline 0.013 -14"><span class='ocrx_word' id='word_1_2' title='bbox 709 358 938 424; x_wconf 80' lang='lat' dir='ltr'>EPISTOLAE.</span> <span class='ocrx_word' id='word_1_3' title='bbox 962 361 1041 424; x_wconf 87' lang='lat' dir='ltr'>LIB.</span> <span class='ocrx_word' id='word_1_4' title='bbox 1055 365 1081 425; x_wconf 92' lang='lat'>1.</span> <span class='ocrx_word' id='word_1_5' title='bbox 1677 373 1737 436; x_wconf 77' lang='lat' dir='ltr'>alo</span> <span class='ocrx_word' id='word_1_6' title='bbox 1850 316 1853 325; x_wconf 52' lang='lat'>¹</span> 
     </span>
    </p>
   </div>
   <div class='ocr_carea' id='block_1_3' title="bbox 279 495 635 618">
    <p class='ocr_par' dir='ltr' id='par_1_3' title="bbox 279 495 635 618">
     <span class='ocr_line' id='line_1_3' title="bbox 279 495 635 618; baseline -0.003 0"><span class='ocrx_word' id='word_1_7' title='bbox 279 495 281 498; x_wconf 75' lang='grc'><strong>’</strong></span> <span class='ocrx_word' id='word_1_8' title='bbox 376 495 635 618; x_wconf 80' lang='lat' dir='ltr'>conmuni</span> 
     </span>
    </p>
   </div>
   <div class='ocr_carea' id='block_1_4' title="bbox 157 745 818 822">
    <p class='ocr_par' dir='ltr' id='par_1_4' title="bbox 157 745 818 822">
     <span class='ocr_line' id='line_1_4' title="bbox 157 745 818 822; baseline -0.005 -15"><span class='ocrx_word' id='word_1_9' title='bbox 157 747 210 807; x_wconf 83' lang='lat' dir='ltr'>Ad</span> <span class='ocrx_word' id='word_1_10' title='bbox 224 746 383 806; x_wconf 70' lang='lat' dir='ltr'>consitam</span> <span class='ocrx_word' id='word_1_11' title='bbox 398 747 439 806; x_wconf 81' lang='grc'>66</span> <span class='ocrx_word' id='word_1_12' title='bbox 451 747 517 806; x_wconf 89' lang='lat' dir='ltr'>Los</span> <span class='ocrx_word' id='word_1_13' title='bbox 531 745 818 822; x_wconf 75' lang='lat' dir='ltr'>crucesignatum.</span> 
     </span>
    </p>
   </div>
   <div class='ocr_carea' id='block_1_5' title="bbox 246 939 731 1122">
    <p class='ocr_par' dir='ltr' id='par_1_5' title="bbox 246 939 731 1122">
     <span class='ocr_line' id='line_1_5' title="bbox 367 939 603 1002; baseline -0.013 -4"><span class='ocrx_word' id='word_1_14' title='bbox 367 940 402 998; x_wconf 77' lang='grc'>11</span> <span class='ocrx_word' id='word_1_15' title='bbox 420 947 506 1002; x_wconf 90' lang='lat' dir='ltr'>marl.</span> <span class='ocrx_word' id='word_1_16' title='bbox 526 939 603 996; x_wconf 78' lang='grc'><strong>1117.</strong></span> 
     </span>
     <span class='ocr_line' id='line_1_6' title="bbox 246 1051 731 1122; baseline -0.004 -16"><span class='ocrx_word' id='word_1_17' title='bbox 246 1055 286 1122; x_wconf 88' lang='grc'>[16</span> <span class='ocrx_word' id='word_1_18' title='bbox 301 1055 388 1118; x_wconf 81' lang='lat' dir='ltr'>Quint.</span> <span class='ocrx_word' id='word_1_19' title='bbox 404 1055 511 1118; x_wconf 83' lang='lat' dir='ltr'>Compil.</span> <span class='ocrx_word' id='word_1_20' title='bbox 526 1053 574 1105; x_wconf 84' lang='lat' dir='ltr'>rol.</span> <span class='ocrx_word' id='word_1_21' title='bbox 592 1051 648 1113; x_wconf 76' lang='lat'>238,</span> <span class='ocrx_word' id='word_1_22' title='bbox 667 1053 731 1119; x_wconf 74' lang='grc'>11]</span> 
     </span>
    </p>
   </div>
   <div class='ocr_carea' id='block_1_6' title="bbox 87 1250 889 1594">
    <p class='ocr_par' dir='ltr' id='par_1_6' title="bbox 87 1250 889 1594">
     <span class='ocr_line' id='line_1_7' title="bbox 87 1250 889 1329; baseline -0.001 -17"><span class='ocrx_word' id='word_1_23' title='bbox 87 1255 165 1328; x_wconf 87' lang='lat' dir='ltr'>Papa</span> <span class='ocrx_word' id='word_1_24' title='bbox 180 1254 323 1312; x_wconf 87' lang='lat' dir='ltr'>Honorius</span> <span class='ocrx_word' id='word_1_25' title='bbox 335 1255 376 1314; x_wconf 88' lang='lat' dir='ltr'>Ill</span> <span class='ocrx_word' id='word_1_26' title='bbox 392 1250 538 1312; x_wconf 77' lang='lat' dir='ltr'><strong>arbitrium</strong></span> <span class='ocrx_word' id='word_1_27' title='bbox 549 1253 671 1329; x_wconf 84' lang='lat' dir='ltr'>Philippi</span> <span class='ocrx_word' id='word_1_28' title='bbox 684 1252 889 1313; x_wconf 87' lang='lat' dir='ltr'>Namuroensis</span> 
     </span>
     <span class='ocr_line' id='line_1_8' title="bbox 121 1343 885 1402; baseline 0 -2"><span class='ocrx_word' id='word_1_29' title='bbox 121 1344 199 1400; x_wconf 87' lang='lat' dir='ltr'>inter</span> <span class='ocrx_word' id='word_1_30' title='bbox 214 1343 388 1401; x_wconf 86' lang='lat' dir='ltr'>Ludovicum</span> <span class='ocrx_word' id='word_1_31' title='bbox 404 1343 574 1400; x_wconf 88' lang='lat' dir='ltr'>Lossensem</span> <span class='ocrx_word' id='word_1_32' title='bbox 590 1350 619 1401; x_wconf 84' lang='lat' dir='ltr'>et</span> <span class='ocrx_word' id='word_1_33' title='bbox 631 1343 817 1402; x_wconf 84' lang='lat' dir='ltr'>wilhelmum</span> <span class='ocrx_word' id='word_1_34' title='bbox 837 1357 885 1400; x_wconf 93' lang='lat' dir='ltr'>co·</span> 
     </span>
     <span class='ocr_line' id='line_1_9' title="bbox 121 1429 886 1490; baseline 0 -2"><span class='ocrx_word' id='word_1_35' title='bbox 121 1432 226 1488; x_wconf 87' lang='lat' dir='ltr'>mitem</span> <span class='ocrx_word' id='word_1_36' title='bbox 242 1432 340 1489; x_wconf 80' lang='lat' dir='ltr'>Frisie</span> <span class='ocrx_word' id='word_1_37' title='bbox 362 1432 397 1489; x_wconf 88' lang='lat' dir='ltr'>de</span> <span class='ocrx_word' id='word_1_38' title='bbox 417 1431 566 1489; x_wconf 87' lang='lat' dir='ltr'>llollandie</span> <span class='ocrx_word' id='word_1_39' title='bbox 586 1438 616 1489; x_wconf 87' lang='lat' dir='ltr'>el</span> <span class='ocrx_word' id='word_1_40' title='bbox 636 1431 787 1490; x_wconf 84' lang='lat' dir='ltr'>Zeelandla</span> <span class='ocrx_word' id='word_1_41' title='bbox 814 1429 886 1489; x_wconf 90' lang='lat' dir='ltr'>divi·</span> 
     </span>
     <span class='ocr_line' id='line_1_10' title="bbox 120 1518 714 1594; baseline 0.005 -18"><span class='ocrx_word' id='word_1_42' title='bbox 120 1519 218 1577; x_wconf 90' lang='lat' dir='ltr'>denda</span> <span class='ocrx_word' id='word_1_43' title='bbox 231 1519 343 1590; x_wconf 85' lang='lat' dir='ltr'>initum,</span> <span class='ocrx_word' id='word_1_44' title='bbox 360 1518 498 1594; x_wconf 86' lang='lat' dir='ltr'>approbat</span> <span class='ocrx_word' id='word_1_45' title='bbox 512 1525 541 1577; x_wconf 90' lang='lat' dir='ltr'>et</span> <span class='ocrx_word' id='word_1_46' title='bbox 554 1519 714 1579; x_wconf 88' lang='lat' dir='ltr'>confirmat.</span> 
     </span>
    </p>
   </div>
   <div class='ocr_carea' id='block_1_7' title="bbox 84 1723 890 4245">
    <p class='ocr_par' dir='ltr' id='par_1_7' title="bbox 85 1723 889 1997">
     <span class='ocr_line' id='line_1_11' title="bbox 127 1723 886 1808; baseline 0.003 -23"><span class='ocrx_word' id='word_1_47' title='bbox 127 1723 299 1786; x_wconf 89' lang='lat' dir='ltr'>Honorius</span> <span class='ocrx_word' id='word_1_48' title='bbox 310 1723 495 1803; x_wconf 70' lang='lat' dir='ltr'>episcopus</span> <span class='ocrx_word' id='word_1_49' title='bbox 506 1739 622 1787; x_wconf 89' lang='lat' dir='ltr'>servus</span> <span class='ocrx_word' id='word_1_50' title='bbox 635 1742 806 1790; x_wconf 88' lang='lat' dir='ltr'>servorum</span> <span class='ocrx_word' id='word_1_51' title='bbox 813 1725 886 1808; x_wconf 89' lang='lat' dir='ltr'>Dei,</span> 
     </span>
     <span class='ocr_line' id='line_1_12' title="bbox 86 1821 889 1900; baseline 0.004 -19"><span class='ocrx_word' id='word_1_52' title='bbox 86 1821 194 1882; x_wconf 93' lang='lat' dir='ltr'>nobili</span> <span class='ocrx_word' id='word_1_53' title='bbox 206 1821 278 1883; x_wconf 88' lang='lat' dir='ltr'>viro</span> <span class='ocrx_word' id='word_1_54' title='bbox 293 1821 406 1884; x_wconf 91' lang='lat' dir='ltr'>comiti</span> <span class='ocrx_word' id='word_1_55' title='bbox 421 1821 460 1884; x_wconf 90' lang='lat' dir='ltr'>de</span> <span class='ocrx_word' id='word_1_56' title='bbox 473 1824 536 1884; x_wconf 87' lang='lat' dir='ltr'>Los</span> <span class='ocrx_word' id='word_1_57' title='bbox 548 1823 788 1900; x_wconf 89' lang='lat' dir='ltr'>crucesignato,</span> <span class='ocrx_word' id='word_1_58' title='bbox 803 1824 889 1885; x_wconf 89' lang='lat' dir='ltr'>salu·</span> 
     </span>
     <span class='ocr_line' id='line_1_13' title="bbox 85 1918 723 1997; baseline 0.005 -17"><span class='ocrx_word' id='word_1_59' title='bbox 85 1919 154 1981; x_wconf 86' lang='lat' dir='ltr'>tem</span> <span class='ocrx_word' id='word_1_60' title='bbox 170 1920 204 1981; x_wconf 90' lang='lat' dir='ltr'>et</span> <span class='ocrx_word' id='word_1_61' title='bbox 218 1920 434 1997; x_wconf 86' lang='lat' dir='ltr'>apostolicam</span> <span class='ocrx_word' id='word_1_62' title='bbox 448 1918 723 1984; x_wconf 76' lang='lat' dir='ltr'>benedictionem.</span> 
     </span>
    </p>

    <p class='ocr_par' dir='ltr' id='par_1_8' title="bbox 84 2018 890 3854">
     <span class='ocr_line' id='line_1_14' title="bbox 129 2018 886 2094; baseline 0.004 -17"><span class='ocrx_word' id='word_1_63' title='bbox 129 2018 886 2094; x_wconf 78' lang='lat' dir='ltr'>sacrosanctaRomanaEcclesia,etc.,usque:</span> 
     </span>
     <span class='ocr_line' id='line_1_15' title="bbox 86 2115 888 2194; baseline 0.004 -18"><span class='ocrx_word' id='word_1_64' title='bbox 86 2115 255 2177; x_wconf 87' lang='lat' dir='ltr'>inclinati.</span> <span class='ocrx_word' id='word_1_65' title='bbox 269 2115 318 2177; x_wconf 81' lang='lat' dir='ltr'>nd</span> <span class='ocrx_word' id='word_1_66' title='bbox 332 2117 504 2194; x_wconf 88' lang='lat' dir='ltr'>exemplar</span> <span class='ocrx_word' id='word_1_67' title='bbox 523 2116 631 2179; x_wconf 89' lang='lat' dir='ltr'>felicis</span> <span class='ocrx_word' id='word_1_68' title='bbox 647 2117 888 2180; x_wconf 87' lang='lat' dir='ltr'>recordationis</span> 
     </span>
     <span class='ocr_line' id='line_1_16' title="bbox 85 2214 888 2292; baseline 0.002 -18"><span class='ocrx_word' id='word_1_69' title='bbox 85 2214 276 2275; x_wconf 86' lang='grc'><strong>1666666111</strong></span> <span class='ocrx_word' id='word_1_70' title='bbox 289 2217 388 2291; x_wconf 86' lang='lat' dir='ltr'>Papae</span> <span class='ocrx_word' id='word_1_71' title='bbox 402 2214 658 2292; x_wconf 89' lang='lat' dir='ltr'>praedecessoris</span> <span class='ocrx_word' id='word_1_72' title='bbox 675 2215 780 2278; x_wconf 74' lang='lat' dir='ltr'>nostri</span> <span class='ocrx_word' id='word_1_73' title='bbox 796 2232 888 2277; x_wconf 89' lang='lat' dir='ltr'>com-</span> 
     </span>
     <span class='ocr_line' id='line_1_17' title="bbox 86 2311 889 2388; baseline -0.001 -15"><span class='ocrx_word' id='word_1_74' title='bbox 86 2311 290 2388; x_wconf 82' lang='lat' dir='ltr'>positionem</span> <span class='ocrx_word' id='word_1_75' title='bbox 304 2311 392 2373; x_wconf 87' lang='lat' dir='ltr'>inter</span> <span class='ocrx_word' id='word_1_76' title='bbox 410 2312 443 2373; x_wconf 91' lang='grc'>16</span> <span class='ocrx_word' id='word_1_77' title='bbox 462 2328 502 2374; x_wconf 86' lang='grc'>66</span> <span class='ocrx_word' id='word_1_78' title='bbox 517 2311 661 2374; x_wconf 90' lang='lat' dir='ltr'>nobilem</span> <span class='ocrx_word' id='word_1_79' title='bbox 679 2314 788 2375; x_wconf 88' lang='lat' dir='ltr'>virum</span> <span class='ocrx_word' id='word_1_80' title='bbox 802 2314 889 2374; x_wconf 92' lang='lat' dir='ltr'>Wil-</span> 
     </span>
     <span class='ocr_line' id='line_1_18' title="bbox 86 2409 889 2488; baseline 0.004 -18"><span class='ocrx_word' id='word_1_81' title='bbox 86 2409 237 2470; x_wconf 89' lang='lat' dir='ltr'>belmum</span> <span class='ocrx_word' id='word_1_82' title='bbox 257 2409 298 2470; x_wconf 92' lang='lat' dir='ltr'>de</span> <span class='ocrx_word' id='word_1_83' title='bbox 316 2410 509 2482; x_wconf 89' lang='lat' dir='ltr'>Hollandia,</span> <span class='ocrx_word' id='word_1_84' title='bbox 528 2411 751 2488; x_wconf 67' lang='grc' dir='ltr'>Γ116666166616</span> <span class='ocrx_word' id='word_1_85' title='bbox 770 2411 889 2473; x_wconf 85' lang='lat' dir='ltr'>dioece·</span> 
     </span>
     <span class='ocr_line' id='line_1_19' title="bbox 86 2507 888 2585; baseline 0.002 -17"><span class='ocrx_word' id='word_1_86' title='bbox 86 2509 146 2581; x_wconf 90' lang='lat' dir='ltr'>sis,</span> <span class='ocrx_word' id='word_1_87' title='bbox 164 2523 268 2585; x_wconf 91' lang='lat' dir='ltr'>super</span> <span class='ocrx_word' id='word_1_88' title='bbox 280 2507 378 2585; x_wconf 88' lang='lat' dir='ltr'>raptu</span> <span class='ocrx_word' id='word_1_89' title='bbox 395 2507 516 2569; x_wconf 92' lang='lat' dir='ltr'>nobilis</span> <span class='ocrx_word' id='word_1_90' title='bbox 537 2507 689 2570; x_wconf 88' lang='lat' dir='ltr'>mulieris</span> <span class='ocrx_word' id='word_1_91' title='bbox 710 2512 748 2571; x_wconf 77' lang='lat' dir='ltr'>A.</span> <span class='ocrx_word' id='word_1_92' title='bbox 769 2510 888 2570; x_wconf 88' lang='lat' dir='ltr'>uxoris</span> 
     </span>
     <span class='ocr_line' id='line_1_20' title="bbox 84 2604 889 2679; baseline 0.002 -12"><span class='ocrx_word' id='word_1_93' title='bbox 84 2606 164 2678; x_wconf 86' lang='lat' dir='ltr'>tuae,</span> <span class='ocrx_word' id='word_1_94' title='bbox 182 2621 245 2667; x_wconf 92' lang='grc'>666</span> <span class='ocrx_word' id='word_1_95' title='bbox 261 2621 326 2666; x_wconf 89' lang='grc'>666</span> <span class='ocrx_word' id='word_1_96' title='bbox 338 2604 527 2679; x_wconf 89' lang='grc' dir='ltr'><strong>Η61166116,</strong></span> <span class='ocrx_word' id='word_1_97' title='bbox 546 2607 578 2668; x_wconf 91' lang='grc'>61</span> <span class='ocrx_word' id='word_1_98' title='bbox 597 2605 673 2668; x_wconf 86' lang='grc'><strong>61116</strong></span> <span class='ocrx_word' id='word_1_99' title='bbox 687 2606 786 2670; x_wconf 88' lang='lat' dir='ltr'>terris</span> <span class='ocrx_word' id='word_1_100' title='bbox 800 2607 842 2668; x_wconf 92' lang='lat' dir='ltr'>ad</span> <span class='ocrx_word' id='word_1_101' title='bbox 856 2608 889 2669; x_wconf 91' lang='lat' dir='ltr'>te</span> 
     </span>
     <span class='ocr_line' id='line_1_21' title="bbox 86 2702 890 2782; baseline 0.004 -19"><span class='ocrx_word' id='word_1_102' title='bbox 86 2703 220 2765; x_wconf 87' lang='lat' dir='ltr'>ratione</span> <span class='ocrx_word' id='word_1_103' title='bbox 244 2702 359 2764; x_wconf 92' lang='lat' dir='ltr'>uxoris</span> <span class='ocrx_word' id='word_1_104' title='bbox 384 2704 531 2782; x_wconf 91' lang='lat' dir='ltr'>ejusdem</span> <span class='ocrx_word' id='word_1_105' title='bbox 553 2703 792 2782; x_wconf 80' lang='lat' dir='ltr'>spectantibus,</span> <span class='ocrx_word' id='word_1_106' title='bbox 818 2721 890 2766; x_wconf 90' lang='grc'>66-</span> 
     </span>
     <span class='ocr_line' id='line_1_22' title="bbox 86 2800 888 2879; baseline 0.004 -19"><span class='ocrx_word' id='word_1_107' title='bbox 86 2800 203 2861; x_wconf 87' lang='grc'><strong>116616</strong></span> <span class='ocrx_word' id='word_1_108' title='bbox 237 2800 378 2878; x_wconf 88' lang='lat' dir='ltr'>quodam</span> <span class='ocrx_word' id='word_1_109' title='bbox 412 2800 565 2879; x_wconf 80' lang='lat' dir='ltr'>Philippo</span> <span class='ocrx_word' id='word_1_110' title='bbox 592 2801 786 2863; x_wconf 89' lang='lat' dir='ltr'>Marcbione</span> <span class='ocrx_word' id='word_1_111' title='bbox 814 2803 888 2863; x_wconf 89' lang='lat' dir='ltr'>Na-</span> 
     </span>
     <span class='ocr_line' id='line_1_23' title="bbox 85 2896 890 2976; baseline 0.001 -18"><span class='ocrx_word' id='word_1_112' title='bbox 85 2896 447 2969; x_wconf 85' lang='lat' dir='ltr'>murcensi,Tebaluco</span> <span class='ocrx_word' id='word_1_113' title='bbox 459 2898 577 2976; x_wconf 89' lang='lat' dir='ltr'>Bajulo</span> <span class='ocrx_word' id='word_1_114' title='bbox 599 2897 775 2961; x_wconf 85' lang='lat' dir='ltr'>comitatus</span> <span class='ocrx_word' id='word_1_115' title='bbox 794 2900 890 2960; x_wconf 84' lang='lat' dir='ltr'>Flan-</span> 
     </span>
     <span class='ocr_line' id='line_1_24' title="bbox 86 2996 888 3074; baseline 0.001 -18"><span class='ocrx_word' id='word_1_116' title='bbox 86 2996 220 3056; x_wconf 90' lang='lat' dir='ltr'>drensis</span> <span class='ocrx_word' id='word_1_117' title='bbox 240 2996 461 3058; x_wconf 81' lang='lat' dir='ltr'>amicabiliter</span> <span class='ocrx_word' id='word_1_118' title='bbox 482 2997 610 3069; x_wconf 89' lang='lat' dir='ltr'>initam,</span> <span class='ocrx_word' id='word_1_119' title='bbox 635 2998 668 3059; x_wconf 90' lang='grc'>61</span> <span class='ocrx_word' id='word_1_120' title='bbox 687 2997 888 3074; x_wconf 89' lang='lat' dir='ltr'>juramentis</span> 
     </span>
     <span class='ocr_line' id='line_1_25' title="bbox 86 3093 888 3171; baseline 0.002 -17"><span class='ocrx_word' id='word_1_121' title='bbox 86 3093 249 3171; x_wconf 84' lang='lat' dir='ltr'>praestitis</span> <span class='ocrx_word' id='word_1_122' title='bbox 278 3094 357 3156; x_wconf 92' lang='lat' dir='ltr'>binc</span> <span class='ocrx_word' id='word_1_123' title='bbox 385 3094 463 3156; x_wconf 92' lang='lat' dir='ltr'>inde</span> <span class='ocrx_word' id='word_1_124' title='bbox 493 3095 673 3168; x_wconf 88' lang='lat' dir='ltr'>firmatam,</span> <span class='ocrx_word' id='word_1_125' title='bbox 699 3095 786 3157; x_wconf 91' lang='lat' dir='ltr'>sicut</span> <span class='ocrx_word' id='word_1_126' title='bbox 815 3095 888 3156; x_wconf 89' lang='lat' dir='ltr'>sine</span> 
     </span>
     <span class='ocr_line' id='line_1_26' title="bbox 86 3189 889 3271; baseline 0.005 -20"><span class='ocrx_word' id='word_1_127' title='bbox 86 3191 257 3268; x_wconf 77' lang='lat' dir='ltr'>pravitate</span> <span class='ocrx_word' id='word_1_128' title='bbox 270 3189 408 3268; x_wconf 91' lang='lat' dir='ltr'>provide</span> <span class='ocrx_word' id='word_1_129' title='bbox 426 3191 514 3254; x_wconf 87' lang='lat' dir='ltr'>facta</span> <span class='ocrx_word' id='word_1_130' title='bbox 533 3193 630 3262; x_wconf 87' lang='lat' dir='ltr'>esset,</span> <span class='ocrx_word' id='word_1_131' title='bbox 647 3193 679 3253; x_wconf 90' lang='lat' dir='ltr'>et</span> <span class='ocrx_word' id='word_1_132' title='bbox 692 3192 733 3254; x_wconf 89' lang='lat' dir='ltr'>ab</span> <span class='ocrx_word' id='word_1_133' title='bbox 749 3192 889 3271; x_wconf 86' lang='lat' dir='ltr'>utraque</span> 
     </span>
     <span class='ocr_line' id='line_1_27' title="bbox 88 3288 890 3369; baseline 0.001 -20"><span class='ocrx_word' id='word_1_134' title='bbox 88 3289 185 3366; x_wconf 88' lang='lat' dir='ltr'>parte</span> <span class='ocrx_word' id='word_1_135' title='bbox 200 3288 317 3366; x_wconf 88' lang='lat' dir='ltr'>sponte</span> <span class='ocrx_word' id='word_1_136' title='bbox 334 3290 481 3366; x_wconf 87' lang='lat' dir='ltr'>accepta,</span> <span class='ocrx_word' id='word_1_137' title='bbox 497 3290 582 3351; x_wconf 92' lang='lat' dir='ltr'>utin</span> <span class='ocrx_word' id='word_1_138' title='bbox 598 3289 731 3369; x_wconf 87' lang='lat' dir='ltr'>scriptis</span> <span class='ocrx_word' id='word_1_139' title='bbox 746 3289 890 3352; x_wconf 87' lang='lat' dir='ltr'>authen-</span> 
     </span>
     <span class='ocr_line' id='line_1_28' title="bbox 85 3384 889 3464; baseline 0.002 -18"><span class='ocrx_word' id='word_1_140' title='bbox 85 3385 165 3446; x_wconf 90' lang='lat' dir='ltr'>ticis</span> <span class='ocrx_word' id='word_1_141' title='bbox 179 3385 258 3446; x_wconf 90' lang='lat' dir='ltr'>inde</span> <span class='ocrx_word' id='word_1_142' title='bbox 273 3385 432 3447; x_wconf 90' lang='lat' dir='ltr'>confectis</span> <span class='ocrx_word' id='word_1_143' title='bbox 447 3384 577 3464; x_wconf 87' lang='lat' dir='ltr'>plenius</span> <span class='ocrx_word' id='word_1_144' title='bbox 593 3387 791 3460; x_wconf 83' lang='lat' dir='ltr'>continetur,</span> <span class='ocrx_word' id='word_1_145' title='bbox 808 3403 889 3449; x_wconf 90' lang='lat' dir='ltr'>auo-</span> 
     </span>
     <span class='ocr_line' id='line_1_29' title="bbox 86 3481 886 3562; baseline 0.003 -18"><span class='ocrx_word' id='word_1_146' title='bbox 86 3483 227 3544; x_wconf 86' lang='lat' dir='ltr'>toritate</span> <span class='ocrx_word' id='word_1_147' title='bbox 250 3481 440 3560; x_wconf 87' lang='lat' dir='ltr'>Apostolica</span> <span class='ocrx_word' id='word_1_148' title='bbox 465 3485 677 3562; x_wconf 88' lang='lat' dir='ltr'>praecipimus</span> <span class='ocrx_word' id='word_1_149' title='bbox 703 3484 886 3548; x_wconf 90' lang='lat' dir='ltr'>observari.</span> 
     </span>
     <span class='ocr_line' id='line_1_30' title="bbox 87 3580 888 3658; baseline 0.001 -17"><span class='ocrx_word' id='word_1_150' title='bbox 87 3581 135 3641; x_wconf 89' lang='lat' dir='ltr'>Ut</span> <span class='ocrx_word' id='word_1_151' title='bbox 147 3580 260 3641; x_wconf 90' lang='lat' dir='ltr'>autem</span> <span class='ocrx_word' id='word_1_152' title='bbox 276 3580 390 3642; x_wconf 89' lang='lat' dir='ltr'>eadem</span> <span class='ocrx_word' id='word_1_153' title='bbox 415 3581 608 3658; x_wconf 86' lang='lat' dir='ltr'>compositio</span> <span class='ocrx_word' id='word_1_154' title='bbox 628 3581 756 3644; x_wconf 88' lang='lat' dir='ltr'>firmius</span> <span class='ocrx_word' id='word_1_155' title='bbox 774 3581 888 3644; x_wconf 90' lang='lat' dir='ltr'>obser-</span> 
     </span>
     <span class='ocr_line' id='line_1_31' title="bbox 86 3679 886 3758; baseline 0.001 -19"><span class='ocrx_word' id='word_1_156' title='bbox 86 3679 198 3749; x_wconf 88' lang='lat' dir='ltr'>vetur,</span> <span class='ocrx_word' id='word_1_157' title='bbox 214 3679 364 3740; x_wconf 91' lang='lat' dir='ltr'>tenorem</span> <span class='ocrx_word' id='word_1_158' title='bbox 379 3679 484 3756; x_wconf 88' lang='lat' dir='ltr'>ipsius</span> <span class='ocrx_word' id='word_1_159' title='bbox 497 3680 715 3756; x_wconf 87' lang='lat' dir='ltr'>praesentibus</span> <span class='ocrx_word' id='word_1_160' title='bbox 726 3679 886 3758; x_wconf 91' lang='lat' dir='ltr'>jussimus</span> 
     </span>
     <span class='ocr_line' id='line_1_32' title="bbox 87 3776 506 3854; baseline 0.002 -17"><span class='ocrx_word' id='word_1_161' title='bbox 87 3777 257 3847; x_wconf 85' lang='lat' dir='ltr'>annotari,</span> <span class='ocrx_word' id='word_1_162' title='bbox 272 3777 329 3854; x_wconf 85' lang='lat' dir='ltr'>qui</span> <span class='ocrx_word' id='word_1_163' title='bbox 340 3776 419 3836; x_wconf 90' lang='lat' dir='ltr'>talis</span> <span class='ocrx_word' id='word_1_164' title='bbox 435 3777 486 3838; x_wconf 89' lang='grc'>661</span> <span class='ocrx_word' id='word_1_165' title='bbox 500 3799 506 3837; x_wconf 93' lang='lat'><strong>:</strong></span> 
     </span>
    </p>

    <p class='ocr_par' dir='ltr' id='par_1_9' title="bbox 87 3869 888 4245">
     <span class='ocr_line' id='line_1_33' title="bbox 129 3869 886 3953; baseline 0.001 -21"><span class='ocrx_word' id='word_1_166' title='bbox 129 3891 148 3932; x_wconf 77' lang='grc'>6</span> <span class='ocrx_word' id='word_1_167' title='bbox 165 3869 339 3952; x_wconf 85' lang='lat' dir='ltr'>(Sequitur</span> <span class='ocrx_word' id='word_1_168' title='bbox 354 3874 428 3952; x_wconf 90' lang='lat' dir='ltr'>ipsa</span> <span class='ocrx_word' id='word_1_169' title='bbox 445 3872 575 3936; x_wconf 90' lang='lat' dir='ltr'>arbitrii</span> <span class='ocrx_word' id='word_1_170' title='bbox 595 3872 737 3953; x_wconf 89' lang='lat' dir='ltr'>charta).</span> <span class='ocrx_word' id='word_1_171' title='bbox 759 3891 778 3934; x_wconf 74' lang='lat' dir='ltr'>r</span> <span class='ocrx_word' id='word_1_172' title='bbox 794 3872 886 3934; x_wconf 94' lang='lat' dir='ltr'>Nulli</span> 
     </span>
     <span class='ocr_line' id='line_1_34' title="bbox 88 3970 885 4050; baseline -0.003 -17"><span class='ocrx_word' id='word_1_173' title='bbox 88 3987 171 4048; x_wconf 87' lang='lat' dir='ltr'>ergo</span> <span class='ocrx_word' id='word_1_174' title='bbox 190 3971 325 4033; x_wconf 91' lang='lat' dir='ltr'>omnino</span> <span class='ocrx_word' id='word_1_175' title='bbox 347 3971 519 4033; x_wconf 91' lang='lat' dir='ltr'>bominum</span> <span class='ocrx_word' id='word_1_176' title='bbox 540 3971 650 4042; x_wconf 89' lang='lat' dir='ltr'>liceat,</span> <span class='ocrx_word' id='word_1_177' title='bbox 673 3974 735 4034; x_wconf 92' lang='lat' dir='ltr'>etc.</span> <span class='ocrx_word' id='word_1_178' title='bbox 758 3970 793 4033; x_wconf 89' lang='lat' dir='ltr'>Si</span> <span class='ocrx_word' id='word_1_179' title='bbox 812 3971 885 4050; x_wconf 86' lang='lat' dir='ltr'>quis</span> 
     </span>
     <span class='ocr_line' id='line_1_35' title="bbox 87 4067 888 4156; baseline -0.001 -26"><span class='ocrx_word' id='word_1_180' title='bbox 87 4069 211 4140; x_wconf 89' lang='lat' dir='ltr'>autem,</span> <span class='ocrx_word' id='word_1_181' title='bbox 225 4070 286 4130; x_wconf 90' lang='lat' dir='ltr'>eto.</span> <span class='ocrx_word' id='word_1_182' title='bbox 298 4070 416 4131; x_wconf 87' lang='lat' dir='ltr'>Datum</span> <span class='ocrx_word' id='word_1_183' title='bbox 432 4069 667 4141; x_wconf 85' lang='lat' dir='ltr'>Laterani,Xll</span> <span class='ocrx_word' id='word_1_184' title='bbox 681 4067 888 4156; x_wconf 78' lang='lat' dir='ltr'>kabaprilis,</span> 
     </span>
     <span class='ocr_line' id='line_1_36' title="bbox 87 4165 655 4245; baseline -0.002 -17"><span class='ocrx_word' id='word_1_185' title='bbox 87 4165 301 4244; x_wconf 85' lang='lat' dir='ltr'>pontificatus</span> <span class='ocrx_word' id='word_1_186' title='bbox 314 4167 420 4229; x_wconf 85' lang='lat' dir='ltr'>nostri</span> <span class='ocrx_word' id='word_1_187' title='bbox 432 4183 521 4228; x_wconf 89' lang='lat' dir='ltr'>anno</span> <span class='ocrx_word' id='word_1_188' title='bbox 536 4167 655 4245; x_wconf 92' lang='lat' dir='ltr'>primo.</span> 
     </span>
    </p>
   </div>
   <div class='ocr_carea' id='block_1_8' title="bbox 382 4399 602 4488">
    <p class='ocr_par' dir='ltr' id='par_1_10' title="bbox 382 4399 602 4488">
     <span class='ocr_line' id='line_1_37' title="bbox 382 4399 602 4488; baseline -0.009 0"><span class='ocrx_word' id='word_1_189' title='bbox 382 4399 602 4488; x_wconf 75' lang='lat' dir='ltr'>cccxxix</span> 
     </span>
    </p>
   </div>
   <div class='ocr_carea' id='block_1_9' title="bbox 202 4624 769 4697">
    <p class='ocr_par' dir='ltr' id='par_1_11' title="bbox 202 4624 769 4697">
     <span class='ocr_line' id='line_1_38' title="bbox 202 4624 769 4697; baseline -0.002 -14"><span class='ocrx_word' id='word_1_190' title='bbox 202 4624 255 4683; x_wconf 81' lang='lat' dir='ltr'>Ad</span> <span class='ocrx_word' id='word_1_191' title='bbox 268 4625 548 4697; x_wconf 76' lang='lat' dir='ltr'>Mopoloaensem</span> <span class='ocrx_word' id='word_1_192' title='bbox 563 4624 769 4697; x_wconf 71' lang='lat' dir='ltr'>episcopum.</span> 
     </span>
    </p>
   </div>
   <div class='ocr_carea' id='block_1_10' title="bbox 372 4803 599 4864">
    <p class='ocr_par' dir='ltr' id='par_1_12' title="bbox 372 4803 599 4864">
     <span class='ocr_line' id='line_1_39' title="bbox 372 4803 599 4864; baseline -0.009 0"><span class='ocrx_word' id='word_1_193' title='bbox 372 4803 409 4863; x_wconf 88' lang='grc'>30</span> <span class='ocrx_word' id='word_1_194' title='bbox 422 4811 505 4864; x_wconf 86' lang='lat' dir='ltr'>mart.</span> <span class='ocrx_word' id='word_1_195' title='bbox 520 4806 599 4863; x_wconf 78' lang='grc'><strong>1117.</strong></span> 
     </span>
    </p>
   </div>
   <div class='ocr_carea' id='block_1_11' title="bbox 4 4935 848 5024">
    <p class='ocr_par' dir='ltr' id='par_1_13' title="bbox 4 4935 848 5024">
     <span class='ocr_line' id='line_1_40' title="bbox 4 4935 848 5024; baseline -0.002 -35"><span class='ocrx_word' id='word_1_196' title='bbox 4 4989 6 5024; x_wconf 34' lang='lat' dir='ltr'>k</span> <span class='ocrx_word' id='word_1_197' title='bbox 124 4939 237 5004; x_wconf 75' lang='lat' dir='ltr'>[blegent.</span> <span class='ocrx_word' id='word_1_198' title='bbox 250 4937 296 4989; x_wconf 89' lang='lat' dir='ltr'>lib.</span> <span class='ocrx_word' id='word_1_199' title='bbox 312 4938 332 4998; x_wconf 94' lang='lat'>1,</span> <span class='ocrx_word' id='word_1_200' title='bbox 348 4937 422 5002; x_wconf 88' lang='lat' dir='ltr'>epist.</span> <span class='ocrx_word' id='word_1_201' title='bbox 435 4938 490 4990; x_wconf 83' lang='grc'><strong>100.</strong></span> <span class='ocrx_word' id='word_1_202' title='bbox 507 4939 564 4988; x_wconf 85' lang='grc'><strong>1166.</strong></span> <span class='ocrx_word' id='word_1_203' title='bbox 578 4939 615 4990; x_wconf 81' lang='lat' dir='ltr'>La</span> <span class='ocrx_word' id='word_1_204' title='bbox 626 4938 703 4989; x_wconf 86' lang='lat' dir='ltr'>Parte</span> <span class='ocrx_word' id='word_1_205' title='bbox 716 4935 751 4988; x_wconf 86' lang='lat' dir='ltr'>da</span> <span class='ocrx_word' id='word_1_206' title='bbox 766 4936 848 4988; x_wconf 84' lang='lat' dir='ltr'>Theil.</span> 
     </span>
    </p>
   </div>
   <div class='ocr_carea' id='block_1_12' title="bbox 257 5017 715 5084">
    <p class='ocr_par' dir='ltr' id='par_1_14' title="bbox 257 5017 715 5084">
     <span class='ocr_line' id='line_1_41' title="bbox 257 5017 715 5084; baseline -0.002 -15"><span class='ocrx_word' id='word_1_207' title='bbox 257 5017 286 5069; x_wconf 93' lang='lat' dir='ltr'>ln</span> <span class='ocrx_word' id='word_1_208' title='bbox 300 5017 387 5080; x_wconf 84' lang='lat' dir='ltr'>Quint.</span> <span class='ocrx_word' id='word_1_209' title='bbox 400 5018 506 5083; x_wconf 78' lang='lat' dir='ltr'>Gmnpil.</span> <span class='ocrx_word' id='word_1_210' title='bbox 520 5017 667 5078; x_wconf 57' lang='grc'><strong>6611001.</strong></span> <span class='ocrx_word' id='word_1_211' title='bbox 680 5019 715 5084; x_wconf 87' lang='grc'>1].</span> 
     </span>
    </p>
   </div>
   <div class='ocr_carea' id='block_1_13' title="bbox 4 5153 884 5367">
    <p class='ocr_par' dir='ltr' id='par_1_15' title="bbox 4 5153 884 5367">
     <span class='ocr_line' id='line_1_42' title="bbox 4 5153 6 5180; baseline 0 0"><span class='ocrx_word' id='word_1_212' title='bbox 4 5153 6 5180; x_wconf 82' lang='grc'>1</span> 
     </span>
     <span class='ocr_line' id='line_1_43' title="bbox 4 5183 884 5282; baseline -0.002 -16"><span class='ocrx_word' id='word_1_213' title='bbox 4 5183 5 5196; x_wconf 37' lang='lat'>³</span> <span class='ocrx_word' id='word_1_214' title='bbox 86 5209 125 5266; x_wconf 85' lang='lat' dir='ltr'>Ul</span> <span class='ocrx_word' id='word_1_215' title='bbox 139 5207 287 5265; x_wconf 75' lang='grc'><strong>61616666</strong></span> <span class='ocrx_word' id='word_1_216' title='bbox 299 5221 397 5281; x_wconf 88' lang='lat' dir='ltr'>prava,</span> <span class='ocrx_word' id='word_1_217' title='bbox 409 5205 544 5281; x_wconf 83' lang='lat' dir='ltr'>exigendi</span> <span class='ocrx_word' id='word_1_218' title='bbox 558 5207 709 5282; x_wconf 89' lang='lat' dir='ltr'>pecuniam</span> <span class='ocrx_word' id='word_1_219' title='bbox 724 5219 775 5280; x_wconf 88' lang='lat' dir='ltr'>pro</span> <span class='ocrx_word' id='word_1_220' title='bbox 790 5205 884 5279; x_wconf 80' lang='lat' dir='ltr'>sepul·</span> 
     </span>
     <span class='ocr_line' id='line_1_44' title="bbox 124 5293 884 5367; baseline -0.001 -13"><span class='ocrx_word' id='word_1_221' title='bbox 124 5305 187 5354; x_wconf 86' lang='lat' dir='ltr'>ture</span> <span class='ocrx_word' id='word_1_222' title='bbox 199 5303 388 5367; x_wconf 89' lang='lat' dir='ltr'>mortuorum,</span> <span class='ocrx_word' id='word_1_223' title='bbox 399 5294 604 5355; x_wconf 82' lang='lat' dir='ltr'>consuetudine</span> <span class='ocrx_word' id='word_1_224' title='bbox 615 5297 733 5354; x_wconf 89' lang='grc'><strong>666166</strong></span> <span class='ocrx_word' id='word_1_225' title='bbox 747 5293 884 5354; x_wconf 88' lang='lat' dir='ltr'>inhibeat.</span> 
     </span>
    </p>
   </div>
   <div class='ocr_carea' id='block_1_14' title="bbox 89 5447 889 5823">
    <p class='ocr_par' dir='ltr' id='par_1_16' title="bbox 90 5447 887 5626">
     <span class='ocr_line' id='line_1_45' title="bbox 129 5447 887 5525; baseline -0.001 -14"><span class='ocrx_word' id='word_1_226' title='bbox 129 5451 313 5523; x_wconf 87' lang='lat' dir='ltr'>Honorius,</span> <span class='ocrx_word' id='word_1_227' title='bbox 340 5450 415 5524; x_wconf 92' lang='grc'><strong>616.,</strong></span> <span class='ocrx_word' id='word_1_228' title='bbox 440 5450 625 5513; x_wconf 86' lang='lat' dir='ltr'>venerabili</span> <span class='ocrx_word' id='word_1_229' title='bbox 652 5447 748 5512; x_wconf 89' lang='lat' dir='ltr'>fratri</span> <span class='ocrx_word' id='word_1_230' title='bbox 771 5450 887 5525; x_wconf 88' lang='lat' dir='ltr'>Maga-</span> 
     </span>
     <span class='ocr_line' id='line_1_46' title="bbox 90 5547 388 5626; baseline 0.003 -18"><span class='ocrx_word' id='word_1_231' title='bbox 90 5547 202 5609; x_wconf 91' lang='lat' dir='ltr'>lonen.</span> <span class='ocrx_word' id='word_1_232' title='bbox 219 5547 388 5626; x_wconf 90' lang='lat' dir='ltr'>episcopo.</span> 
     </span>
    </p>

    <p class='ocr_par' dir='ltr' id='par_1_17' title="bbox 89 5642 889 5823">
     <span class='ocr_line' id='line_1_47' title="bbox 130 5642 889 5718; baseline -0.004 -11"><span class='ocrx_word' id='word_1_233' title='bbox 130 5645 309 5708; x_wconf 80' lang='lat' dir='ltr'>Abolendae</span> <span class='ocrx_word' id='word_1_234' title='bbox 322 5643 582 5718; x_wconf 87' lang='lat' dir='ltr'>consuetudinis,</span> <span class='ocrx_word' id='word_1_235' title='bbox 599 5643 700 5706; x_wconf 92' lang='lat' dir='ltr'>immo</span> <span class='ocrx_word' id='word_1_236' title='bbox 714 5642 889 5706; x_wconf 88' lang='lat' dir='ltr'>abomina-</span> 
     </span>
     <span class='ocr_line' id='line_1_48' title="bbox 89 5741 888 5823; baseline 0 -19"><span class='ocrx_word' id='word_1_237' title='bbox 89 5742 167 5805; x_wconf 87' lang='lat' dir='ltr'>bilis</span> <span class='ocrx_word' id='word_1_238' title='bbox 183 5743 381 5822; x_wconf 88' lang='lat' dir='ltr'>corruptelae</span> <span class='ocrx_word' id='word_1_239' title='bbox 403 5743 489 5823; x_wconf 86' lang='lat' dir='ltr'>apud</span> <span class='ocrx_word' id='word_1_240' title='bbox 509 5744 653 5806; x_wconf 85' lang='lat' dir='ltr'>Mentem</span> <span class='ocrx_word' id='word_1_241' title='bbox 670 5741 888 5805; x_wconf 78' lang='lat' dir='ltr'>pessulanum</span> 
     </span>
    </p>
   </div>
   <div class='ocr_carea' id='block_1_15' title="bbox 940 523 1738 2172">
    <p class='ocr_par' dir='ltr' id='par_1_18' title="bbox 940 523 1738 2172">
     <span class='ocr_line' id='line_1_49' title="bbox 941 523 1737 602; baseline 0.009 -14"><span class='ocrx_word' id='word_1_242' title='bbox 941 523 1069 598; x_wconf 90' lang='lat' dir='ltr'>vilium,</span> <span class='ocrx_word' id='word_1_243' title='bbox 1089 525 1125 587; x_wconf 94' lang='grc'>61</span> <span class='ocrx_word' id='word_1_244' title='bbox 1147 524 1279 602; x_wconf 90' lang='lat' dir='ltr'>dicitur,</span> <span class='ocrx_word' id='word_1_245' title='bbox 1292 527 1441 602; x_wconf 89' lang='lat' dir='ltr'>inolevit,</span> <span class='ocrx_word' id='word_1_246' title='bbox 1459 529 1495 593; x_wconf 90' lang='lat' dir='ltr'>ut</span> <span class='ocrx_word' id='word_1_247' title='bbox 1506 529 1661 595; x_wconf 84' lang='lat' dir='ltr'>videlicet</span> <span class='ocrx_word' id='word_1_248' title='bbox 1674 531 1737 595; x_wconf 85' lang='lat' dir='ltr'>de-</span> 
     </span>
     <span class='ocr_line' id='line_1_50' title="bbox 942 623 1736 704; baseline 0.008 -19"><span class='ocrx_word' id='word_1_249' title='bbox 942 623 1133 686; x_wconf 89' lang='lat' dir='ltr'>cedentibus</span> <span class='ocrx_word' id='word_1_250' title='bbox 1168 641 1235 686; x_wconf 88' lang='lat' dir='ltr'>uon</span> <span class='ocrx_word' id='word_1_251' title='bbox 1268 626 1359 702; x_wconf 89' lang='lat' dir='ltr'>prius</span> <span class='ocrx_word' id='word_1_252' title='bbox 1392 627 1602 704; x_wconf 88' lang='lat' dir='ltr'>permittatur</span> <span class='ocrx_word' id='word_1_253' title='bbox 1635 629 1736 691; x_wconf 83' lang='lat' dir='ltr'>effodi</span> 
     </span>
     <span class='ocr_line' id='line_1_51' title="bbox 942 722 1735 805; baseline 0.008 -23"><span class='ocrx_word' id='word_1_254' title='bbox 942 722 1122 798; x_wconf 86' lang='lat' dir='ltr'>sepultura,</span> <span class='ocrx_word' id='word_1_255' title='bbox 1148 739 1246 801; x_wconf 85' lang='lat' dir='ltr'>quam</span> <span class='ocrx_word' id='word_1_256' title='bbox 1270 740 1330 800; x_wconf 89' lang='lat' dir='ltr'>pro</span> <span class='ocrx_word' id='word_1_257' title='bbox 1355 725 1456 799; x_wconf 88' lang='lat' dir='ltr'>terra,</span> <span class='ocrx_word' id='word_1_258' title='bbox 1486 726 1522 786; x_wconf 91' lang='lat' dir='ltr'>in</span> <span class='ocrx_word' id='word_1_259' title='bbox 1548 743 1612 803; x_wconf 86' lang='lat' dir='ltr'>qua</span> <span class='ocrx_word' id='word_1_260' title='bbox 1637 743 1735 805; x_wconf 81' lang='lat' dir='ltr'>sepe-</span> 
     </span>
     <span class='ocr_line' id='line_1_52' title="bbox 941 817 1734 901; baseline 0.008 -23"><span class='ocrx_word' id='word_1_261' title='bbox 941 817 1044 879; x_wconf 91' lang='lat' dir='ltr'>liendi</span> <span class='ocrx_word' id='word_1_262' title='bbox 1066 820 1152 890; x_wconf 90' lang='lat' dir='ltr'>sunt,</span> <span class='ocrx_word' id='word_1_263' title='bbox 1170 822 1296 882; x_wconf 90' lang='lat' dir='ltr'>certum</span> <span class='ocrx_word' id='word_1_264' title='bbox 1317 821 1458 897; x_wconf 89' lang='lat' dir='ltr'>pretium</span> <span class='ocrx_word' id='word_1_265' title='bbox 1482 821 1638 884; x_wconf 86' lang='lat' dir='ltr'>Ecclesiae</span> <span class='ocrx_word' id='word_1_266' title='bbox 1653 840 1734 901; x_wconf 89' lang='lat' dir='ltr'>per-</span> 
     </span>
     <span class='ocr_line' id='line_1_53' title="bbox 941 916 1735 997; baseline 0.006 -21"><span class='ocrx_word' id='word_1_267' title='bbox 941 916 1100 978; x_wconf 86' lang='lat' dir='ltr'>solvatur.</span> <span class='ocrx_word' id='word_1_268' title='bbox 1118 917 1200 988; x_wconf 90' lang='lat' dir='ltr'>Quia</span> <span class='ocrx_word' id='word_1_269' title='bbox 1219 918 1323 993; x_wconf 93' lang='lat' dir='ltr'>igitur</span> <span class='ocrx_word' id='word_1_270' title='bbox 1339 919 1372 978; x_wconf 94' lang='lat' dir='ltr'>id</span> <span class='ocrx_word' id='word_1_271' title='bbox 1387 919 1484 994; x_wconf 85' lang='lat' dir='ltr'>longe</span> <span class='ocrx_word' id='word_1_272' title='bbox 1503 920 1555 981; x_wconf 90' lang='grc'>661</span> <span class='ocrx_word' id='word_1_273' title='bbox 1577 936 1597 981; x_wconf 90' lang='grc'>6</span> <span class='ocrx_word' id='word_1_274' title='bbox 1618 921 1735 997; x_wconf 84' lang='lat' dir='ltr'>regula</span> 
     </span>
     <span class='ocr_line' id='line_1_54' title="bbox 941 1015 1735 1096; baseline 0.005 -20"><span class='ocrx_word' id='word_1_275' title='bbox 941 1015 1074 1092; x_wconf 88' lang='lat' dir='ltr'>pietalis</span> <span class='ocrx_word' id='word_1_276' title='bbox 1090 1015 1124 1077; x_wconf 92' lang='grc'>61</span> <span class='ocrx_word' id='word_1_277' title='bbox 1137 1015 1177 1076; x_wconf 83' lang='grc'>61</span> <span class='ocrx_word' id='word_1_278' title='bbox 1193 1016 1420 1078; x_wconf 87' lang='grc'><strong>6661661661166</strong></span> <span class='ocrx_word' id='word_1_279' title='bbox 1438 1016 1622 1091; x_wconf 88' lang='lat' dir='ltr'>honestate,</span> <span class='ocrx_word' id='word_1_280' title='bbox 1643 1034 1735 1096; x_wconf 87' lang='lat' dir='ltr'>prae-</span> 
     </span>
     <span class='ocr_line' id='line_1_55' title="bbox 942 1113 1737 1193; baseline 0.004 -20"><span class='ocrx_word' id='word_1_281' title='bbox 942 1113 1082 1174; x_wconf 90' lang='lat' dir='ltr'>sentium</span> <span class='ocrx_word' id='word_1_282' title='bbox 1105 1113 1166 1175; x_wconf 90' lang='lat' dir='ltr'>tibi</span> <span class='ocrx_word' id='word_1_283' title='bbox 1192 1115 1389 1176; x_wconf 87' lang='lat' dir='ltr'>auctoritate</span> <span class='ocrx_word' id='word_1_284' title='bbox 1417 1117 1627 1188; x_wconf 87' lang='lat' dir='ltr'>mandamus,</span> <span class='ocrx_word' id='word_1_285' title='bbox 1654 1131 1737 1193; x_wconf 86' lang='lat' dir='ltr'>qua-</span> 
     </span>
     <span class='ocr_line' id='line_1_56' title="bbox 940 1211 1736 1287; baseline 0.003 -15"><span class='ocrx_word' id='word_1_286' title='bbox 940 1211 1038 1272; x_wconf 86' lang='lat' dir='ltr'>tenus</span> <span class='ocrx_word' id='word_1_287' title='bbox 1051 1227 1125 1272; x_wconf 91' lang='lat' dir='ltr'>cum</span> <span class='ocrx_word' id='word_1_288' title='bbox 1140 1212 1205 1274; x_wconf 92' lang='lat' dir='ltr'>loci</span> <span class='ocrx_word' id='word_1_289' title='bbox 1218 1213 1425 1274; x_wconf 89' lang='lat' dir='ltr'>dioecesanus</span> <span class='ocrx_word' id='word_1_290' title='bbox 1436 1215 1571 1287; x_wconf 83' lang='lat' dir='ltr'>existas,</span> <span class='ocrx_word' id='word_1_291' title='bbox 1585 1214 1736 1276; x_wconf 86' lang='lat' dir='ltr'>inhibeas</span> 
     </span>
     <span class='ocr_line' id='line_1_57' title="bbox 942 1309 1738 1389; baseline 0.006 -20"><span class='ocrx_word' id='word_1_292' title='bbox 942 1309 1085 1383; x_wconf 85' lang='lat' dir='ltr'>clericis,</span> <span class='ocrx_word' id='word_1_293' title='bbox 1111 1324 1153 1370; x_wconf 89' lang='lat' dir='ltr'>ne</span> <span class='ocrx_word' id='word_1_294' title='bbox 1177 1309 1352 1388; x_wconf 86' lang='lat' dir='ltr'>quicquam</span> <span class='ocrx_word' id='word_1_295' title='bbox 1376 1312 1511 1373; x_wconf 88' lang='lat' dir='ltr'>omnino</span> <span class='ocrx_word' id='word_1_296' title='bbox 1534 1311 1738 1389; x_wconf 77' lang='lat' dir='ltr'>praesumant</span> 
     </span>
     <span class='ocr_line' id='line_1_58' title="bbox 941 1407 1738 1486; baseline 0.006 -19"><span class='ocrx_word' id='word_1_297' title='bbox 941 1407 1077 1482; x_wconf 80' lang='lat' dir='ltr'>exigere</span> <span class='ocrx_word' id='word_1_298' title='bbox 1098 1407 1161 1468; x_wconf 90' lang='lat' dir='ltr'>bac</span> <span class='ocrx_word' id='word_1_299' title='bbox 1184 1407 1224 1468; x_wconf 90' lang='lat' dir='ltr'>de</span> <span class='ocrx_word' id='word_1_300' title='bbox 1248 1424 1359 1481; x_wconf 89' lang='lat' dir='ltr'>causa,</span> <span class='ocrx_word' id='word_1_301' title='bbox 1382 1409 1560 1486; x_wconf 84' lang='lat' dir='ltr'>injungens</span> <span class='ocrx_word' id='word_1_302' title='bbox 1581 1408 1677 1470; x_wconf 88' lang='lat' dir='ltr'>laicis</span> <span class='ocrx_word' id='word_1_303' title='bbox 1701 1410 1738 1472; x_wconf 93' lang='grc'>61</span> 
     </span>
     <span class='ocr_line' id='line_1_59' title="bbox 941 1504 1735 1584; baseline 0.004 -19"><span class='ocrx_word' id='word_1_304' title='bbox 941 1504 1141 1567; x_wconf 83' lang='lat' dir='ltr'>laudabilem</span> <span class='ocrx_word' id='word_1_305' title='bbox 1161 1506 1429 1568; x_wconf 88' lang='lat' dir='ltr'>cousuetudinem</span> <span class='ocrx_word' id='word_1_306' title='bbox 1445 1523 1524 1584; x_wconf 82' lang='lat' dir='ltr'>erga</span> <span class='ocrx_word' id='word_1_307' title='bbox 1540 1505 1600 1568; x_wconf 92' lang='lat' dir='ltr'>Dei</span> <span class='ocrx_word' id='word_1_308' title='bbox 1617 1507 1735 1568; x_wconf 84' lang='lat' dir='ltr'>Eccle-</span> 
     </span>
     <span class='ocr_line' id='line_1_60' title="bbox 942 1601 1735 1690; baseline 0.001 -26"><span class='ocrx_word' id='word_1_309' title='bbox 942 1601 1025 1665; x_wconf 88' lang='lat' dir='ltr'>siam</span> <span class='ocrx_word' id='word_1_310' title='bbox 1055 1602 1111 1690; x_wconf 92' lang='lat' dir='ltr'>pia</span> <span class='ocrx_word' id='word_1_311' title='bbox 1144 1603 1318 1667; x_wconf 88' lang='lat' dir='ltr'>devotione</span> <span class='ocrx_word' id='word_1_312' title='bbox 1342 1603 1489 1666; x_wconf 87' lang='lat' dir='ltr'>fidelium</span> <span class='ocrx_word' id='word_1_313' title='bbox 1512 1604 1735 1667; x_wconf 88' lang='lat' dir='ltr'>introductam</span> 
     </span>
     <span class='ocr_line' id='line_1_61' title="bbox 942 1701 1737 1781; baseline 0 -19"><span class='ocrx_word' id='word_1_314' title='bbox 942 1701 1127 1776; x_wconf 86' lang='lat' dir='ltr'>observent,</span> <span class='ocrx_word' id='word_1_315' title='bbox 1142 1717 1184 1764; x_wconf 92' lang='grc'>66</span> <span class='ocrx_word' id='word_1_316' title='bbox 1198 1702 1360 1765; x_wconf 89' lang='lat' dir='ltr'>fermento</span> <span class='ocrx_word' id='word_1_317' title='bbox 1381 1703 1547 1766; x_wconf 84' lang='lat' dir='ltr'>baereticae</span> <span class='ocrx_word' id='word_1_318' title='bbox 1562 1701 1737 1781; x_wconf 88' lang='lat' dir='ltr'>pravitatis</span> 
     </span>
     <span class='ocr_line' id='line_1_62' title="bbox 942 1799 1738 1879; baseline 0.001 -20"><span class='ocrx_word' id='word_1_319' title='bbox 942 1799 1033 1861; x_wconf 88' lang='lat' dir='ltr'>illam</span> <span class='ocrx_word' id='word_1_320' title='bbox 1059 1816 1270 1879; x_wconf 89' lang='lat' dir='ltr'>corrumpere</span> <span class='ocrx_word' id='word_1_321' title='bbox 1291 1801 1466 1864; x_wconf 89' lang='lat' dir='ltr'>videantur</span> <span class='ocrx_word' id='word_1_322' title='bbox 1487 1801 1548 1862; x_wconf 91' lang='lat' dir='ltr'>sub</span> <span class='ocrx_word' id='word_1_323' title='bbox 1573 1800 1738 1878; x_wconf 84' lang='lat' dir='ltr'>praetextu</span> 
     </span>
     <span class='ocr_line' id='line_1_63' title="bbox 942 1898 1738 1976; baseline 0 -16"><span class='ocrx_word' id='word_1_324' title='bbox 942 1898 1113 1962; x_wconf 87' lang='lat' dir='ltr'>canonicae</span> <span class='ocrx_word' id='word_1_325' title='bbox 1125 1899 1290 1976; x_wconf 83' lang='lat' dir='ltr'>puritatis.</span> <span class='ocrx_word' id='word_1_326' title='bbox 1303 1900 1422 1960; x_wconf 89' lang='lat' dir='ltr'>Datum</span> <span class='ocrx_word' id='word_1_327' title='bbox 1437 1898 1604 1972; x_wconf 87' lang='lat' dir='ltr'>Laterani,</span> <span class='ocrx_word' id='word_1_328' title='bbox 1619 1900 1665 1960; x_wconf 89' lang='lat'>111</span> <span class='ocrx_word' id='word_1_329' title='bbox 1679 1899 1738 1960; x_wconf 86' lang='lat' dir='ltr'>ka·</span> 
     </span>
     <span class='ocr_line' id='line_1_64' title="bbox 942 1995 1735 2075; baseline 0 -19"><span class='ocrx_word' id='word_1_330' title='bbox 942 1995 1057 2058; x_wconf 85' lang='lat' dir='ltr'>tendas</span> <span class='ocrx_word' id='word_1_331' title='bbox 1091 1996 1227 2075; x_wconf 88' lang='lat' dir='ltr'>aprilis,</span> <span class='ocrx_word' id='word_1_332' title='bbox 1260 1997 1470 2074; x_wconf 87' lang='lat' dir='ltr'>pontificatus</span> <span class='ocrx_word' id='word_1_333' title='bbox 1505 1995 1609 2060; x_wconf 91' lang='lat' dir='ltr'>nostri</span> <span class='ocrx_word' id='word_1_334' title='bbox 1648 2011 1735 2058; x_wconf 87' lang='lat' dir='ltr'>anno</span> 
     </span>
     <span class='ocr_line' id='line_1_65' title="bbox 942 2111 1059 2172; baseline 0 -16"><span class='ocrx_word' id='word_1_335' title='bbox 942 2111 1059 2172; x_wconf 86' lang='lat' dir='ltr'>primo.</span> 
     </span>
    </p>
   </div>
   <div class='ocr_carea' id='block_1_16' title="bbox 1228 2420 1425 2506">
    <p class='ocr_par' dir='ltr' id='par_1_19' title="bbox 1228 2420 1425 2506">
     <span class='ocr_line' id='line_1_66' title="bbox 1228 2420 1425 2506; baseline 0 0"><span class='ocrx_word' id='word_1_336' title='bbox 1228 2420 1425 2506; x_wconf 81' lang='lat' dir='ltr'>CCLXXX</span> 
     </span>
    </p>
   </div>
   <div class='ocr_carea' id='block_1_17' title="bbox 1041 2686 1635 2763">
    <p class='ocr_par' dir='ltr' id='par_1_20' title="bbox 1041 2686 1635 2763">
     <span class='ocr_line' id='line_1_67' title="bbox 1041 2686 1635 2763; baseline -0.008 -12"><span class='ocrx_word' id='word_1_337' title='bbox 1041 2691 1093 2751; x_wconf 85' lang='lat' dir='ltr'>Ad</span> <span class='ocrx_word' id='word_1_338' title='bbox 1102 2689 1262 2763; x_wconf 73' lang='lat' dir='ltr'>priorem</span> <span class='ocrx_word' id='word_1_339' title='bbox 1276 2686 1635 2750; x_wconf 78' lang='lat' dir='ltr'>oraaurmonteusem.</span> 
     </span>
    </p>
   </div>
   <div class='ocr_carea' id='block_1_18' title="bbox 978 2916 1772 3129">
    <p class='ocr_par' dir='ltr' id='par_1_21' title="bbox 978 2916 1772 3129">
     <span class='ocr_line' id='line_1_68' title="bbox 1226 2916 1453 2976; baseline -0.004 -1"><span class='ocrx_word' id='word_1_340' title='bbox 1226 2917 1260 2975; x_wconf 87' lang='grc'><strong>31</strong></span> <span class='ocrx_word' id='word_1_341' title='bbox 1276 2925 1359 2976; x_wconf 85' lang='lat' dir='ltr'>mart.</span> <span class='ocrx_word' id='word_1_342' title='bbox 1374 2916 1453 2974; x_wconf 78' lang='grc'><strong>1117.</strong></span> 
     </span>
     <span class='ocr_line' id='line_1_69' title="bbox 978 3055 1772 3129; baseline -0.02 -13"><span class='ocrx_word' id='word_1_343' title='bbox 978 3063 1097 3129; x_wconf 63' lang='grc'><strong>0166661,</strong></span> <span class='ocrx_word' id='word_1_344' title='bbox 1108 3062 1152 3114; x_wconf 83' lang='lat' dir='ltr'>lib.</span> <span class='ocrx_word' id='word_1_345' title='bbox 1163 3062 1182 3122; x_wconf 92' lang='lat' dir='ltr'>I,</span> <span class='ocrx_word' id='word_1_346' title='bbox 1194 3059 1269 3127; x_wconf 89' lang='lat' dir='ltr'>epist.</span> <span class='ocrx_word' id='word_1_347' title='bbox 1282 3059 1337 3112; x_wconf 77' lang='grc'><strong>310.</strong></span> <span class='ocrx_word' id='word_1_348' title='bbox 1354 3060 1460 3110; x_wconf 73' lang='lat' dir='ltr'>blesim</span> <span class='ocrx_word' id='word_1_349' title='bbox 1473 3057 1546 3109; x_wconf 87' lang='lat' dir='ltr'>Porte</span> <span class='ocrx_word' id='word_1_350' title='bbox 1556 3055 1591 3108; x_wconf 91' lang='lat' dir='ltr'>du</span> <span class='ocrx_word' id='word_1_351' title='bbox 1602 3055 1702 3120; x_wconf 79' lang='lat' dir='ltr'>Thali]</span> <span class='ocrx_word' id='word_1_352' title='bbox 1767 3103 1772 3112; x_wconf 66' lang='grc'><strong>,</strong></span> 
     </span>
    </p>
   </div>
   <div class='ocr_carea' id='block_1_19' title="bbox 986 3259 1687 3430">
    <p class='ocr_par' dir='ltr' id='par_1_22' title="bbox 986 3259 1687 3430">
     <span class='ocr_line' id='line_1_70' title="bbox 986 3259 1687 3335; baseline -0.019 -5"><span class='ocrx_word' id='word_1_353' title='bbox 986 3272 1022 3331; x_wconf 89' lang='lat' dir='ltr'>Ut</span> <span class='ocrx_word' id='word_1_354' title='bbox 1035 3269 1131 3328; x_wconf 82' lang='lat' dir='ltr'>visitet</span> <span class='ocrx_word' id='word_1_355' title='bbox 1149 3267 1286 3326; x_wconf 83' lang='lat' dir='ltr'>ecclesias</span> <span class='ocrx_word' id='word_1_356' title='bbox 1305 3267 1349 3324; x_wconf 89' lang='lat' dir='ltr'>sui</span> <span class='ocrx_word' id='word_1_357' title='bbox 1372 3263 1485 3324; x_wconf 88' lang='lat' dir='ltr'>Ordinis</span> <span class='ocrx_word' id='word_1_358' title='bbox 1512 3270 1541 3323; x_wconf 84' lang='lat' dir='ltr'>el</span> <span class='ocrx_word' id='word_1_359' title='bbox 1561 3259 1687 3335; x_wconf 89' lang='lat' dir='ltr'>corrigat</span> 
     </span>
     <span class='ocr_line' id='line_1_71' title="bbox 1247 3354 1429 3430; baseline -0.011 -16"><span class='ocrx_word' id='word_1_360' title='bbox 1247 3354 1429 3430; x_wconf 85' lang='lat' dir='ltr'>corrigenda.</span> 
     </span>
    </p>
   </div>
   <div class='ocr_carea' id='block_1_20' title="bbox 937 3568 1796 5698">
    <p class='ocr_par' dir='ltr' id='par_1_23' title="bbox 981 3568 1657 3650">
     <span class='ocr_line' id='line_1_72' title="bbox 981 3568 1657 3650; baseline -0.015 -12"><span class='ocrx_word' id='word_1_361' title='bbox 981 3575 1161 3648; x_wconf 86' lang='lat' dir='ltr'>Honorius,</span> <span class='ocrx_word' id='word_1_362' title='bbox 1176 3574 1251 3647; x_wconf 78' lang='lat' dir='ltr'>eto,</span> <span class='ocrx_word' id='word_1_363' title='bbox 1267 3568 1370 3650; x_wconf 87' lang='lat' dir='ltr'>priori</span> <span class='ocrx_word' id='word_1_364' title='bbox 1385 3568 1657 3631; x_wconf 85' lang='lat' dir='ltr'>Grandimonten.</span> 
     </span>
    </p>

    <p class='ocr_par' dir='ltr' id='par_1_24' title="bbox 937 3667 1796 5602">
     <span class='ocr_line' id='line_1_73' title="bbox 982 3667 1736 3744; baseline -0.017 -8"><span class='ocrx_word' id='word_1_365' title='bbox 982 3675 1017 3736; x_wconf 86' lang='lat' dir='ltr'>Si</span> <span class='ocrx_word' id='word_1_366' title='bbox 1039 3671 1171 3736; x_wconf 88' lang='lat' dir='ltr'>Ordinis</span> <span class='ocrx_word' id='word_1_367' title='bbox 1185 3671 1235 3733; x_wconf 91' lang='lat' dir='ltr'>tui</span> <span class='ocrx_word' id='word_1_368' title='bbox 1256 3669 1358 3731; x_wconf 91' lang='lat' dir='ltr'>cellas</span> <span class='ocrx_word' id='word_1_369' title='bbox 1380 3667 1546 3730; x_wconf 92' lang='lat' dir='ltr'>interdum</span> <span class='ocrx_word' id='word_1_370' title='bbox 1570 3679 1736 3744; x_wconf 85' lang='lat' dir='ltr'>persona-</span> 
     </span>
     <span class='ocr_line' id='line_1_74' title="bbox 941 3761 1738 3839; baseline -0.014 -6"><span class='ocrx_word' id='word_1_371' title='bbox 941 3773 1018 3834; x_wconf 88' lang='lat' dir='ltr'>liter</span> <span class='ocrx_word' id='word_1_372' title='bbox 1031 3769 1197 3839; x_wconf 89' lang='lat' dir='ltr'>visitares,</span> <span class='ocrx_word' id='word_1_373' title='bbox 1213 3767 1332 3828; x_wconf 88' lang='lat' dir='ltr'>fratres</span> <span class='ocrx_word' id='word_1_374' title='bbox 1352 3763 1532 3826; x_wconf 85' lang='lat' dir='ltr'>existentes</span> <span class='ocrx_word' id='word_1_375' title='bbox 1550 3761 1649 3823; x_wconf 91' lang='lat' dir='ltr'>ineis</span> <span class='ocrx_word' id='word_1_376' title='bbox 1664 3761 1738 3823; x_wconf 88' lang='lat' dir='ltr'>dis-</span> 
     </span>
     <span class='ocr_line' id='line_1_75' title="bbox 941 3857 1735 3948; baseline -0.015 -16"><span class='ocrx_word' id='word_1_377' title='bbox 941 3868 1073 3948; x_wconf 89' lang='lat' dir='ltr'>ciplinis</span> <span class='ocrx_word' id='word_1_378' title='bbox 1096 3865 1333 3928; x_wconf 83' lang='lat' dir='ltr'>informaturus</span> <span class='ocrx_word' id='word_1_379' title='bbox 1354 3860 1574 3938; x_wconf 70' lang='lat' dir='ltr'>regularibus</span> <span class='ocrx_word' id='word_1_380' title='bbox 1595 3859 1629 3920; x_wconf 92' lang='lat' dir='ltr'>in</span> <span class='ocrx_word' id='word_1_381' title='bbox 1651 3857 1735 3937; x_wconf 90' lang='lat' dir='ltr'>ipsis</span> 
     </span>
     <span class='ocr_line' id='line_1_76' title="bbox 940 3958 1735 4047; baseline -0.015 -17"><span class='ocrx_word' id='word_1_382' title='bbox 940 3965 1059 4047; x_wconf 86' lang='lat' dir='ltr'>siquid</span> <span class='ocrx_word' id='word_1_383' title='bbox 1072 3962 1306 4040; x_wconf 83' lang='lat' dir='ltr'>corrigendum</span> <span class='ocrx_word' id='word_1_384' title='bbox 1316 3959 1499 4023; x_wconf 89' lang='lat' dir='ltr'>occurrerit</span> <span class='ocrx_word' id='word_1_385' title='bbox 1512 3958 1735 4032; x_wconf 88' lang='lat' dir='ltr'>correcturus,</span> 
     </span>
     <span class='ocr_line' id='line_1_77' title="bbox 939 4057 1736 4134; baseline -0.016 -5"><span class='ocrx_word' id='word_1_386' title='bbox 939 4083 1006 4130; x_wconf 90' lang='grc'>666</span> <span class='ocrx_word' id='word_1_387' title='bbox 1019 4066 1060 4127; x_wconf 92' lang='grc'>61</span> <span class='ocrx_word' id='word_1_388' title='bbox 1079 4061 1312 4128; x_wconf 87' lang='lat' dir='ltr'>detrimentum</span> <span class='ocrx_word' id='word_1_389' title='bbox 1331 4059 1388 4120; x_wconf 91' lang='lat' dir='ltr'>sed</span> <span class='ocrx_word' id='word_1_390' title='bbox 1409 4057 1652 4119; x_wconf 89' lang='lat' dir='ltr'>incrementum</span> <span class='ocrx_word' id='word_1_391' title='bbox 1671 4070 1736 4134; x_wconf 89' lang='lat' dir='ltr'>po-</span> 
     </span>
     <span class='ocr_line' id='line_1_78' title="bbox 940 4153 1796 4237; baseline -0.016 -10"><span class='ocrx_word' id='word_1_392' title='bbox 940 4164 1069 4228; x_wconf 90' lang='grc'><strong>1166161</strong></span> <span class='ocrx_word' id='word_1_393' title='bbox 1084 4161 1215 4224; x_wconf 90' lang='lat' dir='ltr'>Ordinis</span> <span class='ocrx_word' id='word_1_394' title='bbox 1232 4157 1423 4237; x_wconf 89' lang='lat' dir='ltr'>pertineret,</span> <span class='ocrx_word' id='word_1_395' title='bbox 1441 4155 1477 4217; x_wconf 93' lang='lat' dir='ltr'>ut</span> <span class='ocrx_word' id='word_1_396' title='bbox 1492 4170 1534 4217; x_wconf 89' lang='lat' dir='ltr'>ex</span> <span class='ocrx_word' id='word_1_397' title='bbox 1547 4155 1611 4217; x_wconf 89' lang='lat' dir='ltr'>boc</span> <span class='ocrx_word' id='word_1_398' title='bbox 1628 4153 1733 4215; x_wconf 91' lang='lat' dir='ltr'>robo-</span> <span class='ocrx_word' id='word_1_399' title='bbox 1794 4219 1796 4223; x_wconf 63' lang='grc'><strong>,</strong></span> 
     </span>
     <span class='ocr_line' id='line_1_79' title="bbox 939 4251 1732 4339; baseline -0.019 -13"><span class='ocrx_word' id='word_1_400' title='bbox 939 4266 1072 4326; x_wconf 88' lang='lat' dir='ltr'>raretur</span> <span class='ocrx_word' id='word_1_401' title='bbox 1086 4259 1172 4339; x_wconf 87' lang='lat' dir='ltr'>quod</span> <span class='ocrx_word' id='word_1_402' title='bbox 1194 4255 1341 4320; x_wconf 88' lang='lat' dir='ltr'>validum</span> <span class='ocrx_word' id='word_1_403' title='bbox 1356 4254 1456 4316; x_wconf 91' lang='lat' dir='ltr'>estin</span> <span class='ocrx_word' id='word_1_404' title='bbox 1475 4269 1525 4326; x_wconf 94' lang='lat' dir='ltr'>eo,</span> <span class='ocrx_word' id='word_1_405' title='bbox 1551 4253 1584 4315; x_wconf 92' lang='lat' dir='ltr'>et</span> <span class='ocrx_word' id='word_1_406' title='bbox 1605 4251 1732 4314; x_wconf 88' lang='lat' dir='ltr'>invali-</span> 
     </span>
     <span class='ocr_line' id='line_1_80' title="bbox 940 4347 1740 4432; baseline -0.019 -9"><span class='ocrx_word' id='word_1_407' title='bbox 940 4363 1017 4423; x_wconf 92' lang='lat' dir='ltr'>dum</span> <span class='ocrx_word' id='word_1_408' title='bbox 1028 4358 1218 4432; x_wconf 81' lang='lat' dir='ltr'>sanaretur3</span> <span class='ocrx_word' id='word_1_409' title='bbox 1232 4353 1389 4432; x_wconf 89' lang='lat' dir='ltr'>expedire</span> <span class='ocrx_word' id='word_1_410' title='bbox 1402 4351 1533 4429; x_wconf 87' lang='lat' dir='ltr'>quidem</span> <span class='ocrx_word' id='word_1_411' title='bbox 1546 4349 1611 4427; x_wconf 90' lang='lat' dir='ltr'>ipsi</span> <span class='ocrx_word' id='word_1_412' title='bbox 1620 4347 1740 4410; x_wconf 89' lang='lat' dir='ltr'>Ordini</span> 
     </span>
     <span class='ocr_line' id='line_1_81' title="bbox 939 4445 1738 4531; baseline -0.018 -10"><span class='ocrx_word' id='word_1_413' title='bbox 939 4458 1115 4529; x_wconf 79' lang='grc'><strong>66611666,</strong></span> <span class='ocrx_word' id='word_1_414' title='bbox 1127 4455 1163 4516; x_wconf 90' lang='grc'>61</span> <span class='ocrx_word' id='word_1_415' title='bbox 1176 4468 1276 4531; x_wconf 86' lang='lat' dir='ltr'>quum</span> <span class='ocrx_word' id='word_1_416' title='bbox 1286 4451 1349 4512; x_wconf 92' lang='lat' dir='ltr'>hoc</span> <span class='ocrx_word' id='word_1_417' title='bbox 1360 4447 1518 4525; x_wconf 88' lang='lat' dir='ltr'>exipsius</span> <span class='ocrx_word' id='word_1_418' title='bbox 1529 4445 1738 4508; x_wconf 89' lang='lat' dir='ltr'>institutione</span> 
     </span>
     <span class='ocr_line' id='line_1_82' title="bbox 939 4542 1732 4622; baseline -0.02 -4"><span class='ocrx_word' id='word_1_419' title='bbox 939 4554 1089 4618; x_wconf 91' lang='lat' dir='ltr'>absolute</span> <span class='ocrx_word' id='word_1_420' title='bbox 1103 4568 1170 4615; x_wconf 88' lang='lat' dir='ltr'>nou</span> <span class='ocrx_word' id='word_1_421' title='bbox 1185 4550 1319 4622; x_wconf 88' lang='lat' dir='ltr'>babeas,</span> <span class='ocrx_word' id='word_1_422' title='bbox 1337 4544 1534 4608; x_wconf 90' lang='lat' dir='ltr'>auctoritate</span> <span class='ocrx_word' id='word_1_423' title='bbox 1546 4542 1607 4605; x_wconf 91' lang='lat' dir='ltr'>tibi</span> <span class='ocrx_word' id='word_1_424' title='bbox 1621 4545 1732 4618; x_wconf 87' lang='lat' dir='ltr'>Apos-</span> 
     </span>
     <span class='ocr_line' id='line_1_83' title="bbox 938 4639 1734 4722; baseline -0.025 -4"><span class='ocrx_word' id='word_1_425' title='bbox 938 4655 1039 4718; x_wconf 85' lang='lat' dir='ltr'>tolica</span> <span class='ocrx_word' id='word_1_426' title='bbox 1065 4648 1275 4714; x_wconf 87' lang='lat' dir='ltr'>concedatur.</span> <span class='ocrx_word' id='word_1_427' title='bbox 1312 4643 1495 4722; x_wconf 84' lang='lat' dir='ltr'>Eapropter</span> <span class='ocrx_word' id='word_1_428' title='bbox 1511 4639 1734 4717; x_wconf 83' lang='lat' dir='ltr'>&#39;praesentium</span> 
     </span>
     <span class='ocr_line' id='line_1_84' title="bbox 937 4737 1735 4816; baseline -0.025 0"><span class='ocrx_word' id='word_1_429' title='bbox 937 4753 999 4816; x_wconf 92' lang='lat' dir='ltr'>tibi</span> <span class='ocrx_word' id='word_1_430' title='bbox 1013 4751 1046 4813; x_wconf 91' lang='grc'>61</span> <span class='ocrx_word' id='word_1_431' title='bbox 1058 4744 1305 4811; x_wconf 89' lang='lat' dir='ltr'>successoribus</span> <span class='ocrx_word' id='word_1_432' title='bbox 1317 4741 1384 4804; x_wconf 88' lang='lat' dir='ltr'>tuis</span> <span class='ocrx_word' id='word_1_433' title='bbox 1399 4737 1596 4801; x_wconf 87' lang='lat' dir='ltr'>auctoritate</span> <span class='ocrx_word' id='word_1_434' title='bbox 1609 4751 1735 4797; x_wconf 87' lang='lat' dir='ltr'>conoe-</span> 
     </span>
     <span class='ocr_line' id='line_1_85' title="bbox 939 4835 1734 4922; baseline -0.024 -9"><span class='ocrx_word' id='word_1_435' title='bbox 939 4849 1058 4922; x_wconf 88' lang='lat' dir='ltr'>dimus,</span> <span class='ocrx_word' id='word_1_436' title='bbox 1075 4848 1111 4909; x_wconf 90' lang='lat' dir='ltr'>ut</span> <span class='ocrx_word' id='word_1_437' title='bbox 1132 4845 1232 4907; x_wconf 91' lang='lat' dir='ltr'>cellas</span> <span class='ocrx_word' id='word_1_438' title='bbox 1252 4841 1385 4903; x_wconf 90' lang='lat' dir='ltr'>easdem</span> <span class='ocrx_word' id='word_1_439' title='bbox 1403 4837 1465 4900; x_wconf 89' lang='lat' dir='ltr'>tibi</span> <span class='ocrx_word' id='word_1_440' title='bbox 1486 4835 1587 4898; x_wconf 87' lang='lat' dir='ltr'>liceat</span> <span class='ocrx_word' id='word_1_441' title='bbox 1607 4850 1734 4912; x_wconf 89' lang='lat' dir='ltr'>oppor-</span> 
     </span>
     <span class='ocr_line' id='line_1_86' title="bbox 938 4931 1735 5020; baseline -0.023 -10"><span class='ocrx_word' id='word_1_442' title='bbox 938 4947 1028 5011; x_wconf 89' lang='lat' dir='ltr'>tunis</span> <span class='ocrx_word' id='word_1_443' title='bbox 1061 4941 1265 5020; x_wconf 88' lang='lat' dir='ltr'>temporibus</span> <span class='ocrx_word' id='word_1_444' title='bbox 1290 4937 1438 5008; x_wconf 89' lang='lat' dir='ltr'>visitare,</span> <span class='ocrx_word' id='word_1_445' title='bbox 1466 4933 1676 4996; x_wconf 88' lang='lat' dir='ltr'>correcturus</span> <span class='ocrx_word' id='word_1_446' title='bbox 1700 4931 1735 4993; x_wconf 91' lang='lat' dir='ltr'>et</span> 
     </span>
     <span class='ocr_line' id='line_1_87' title="bbox 938 5029 1732 5114; baseline -0.021 -7"><span class='ocrx_word' id='word_1_447' title='bbox 938 5042 1178 5107; x_wconf 86' lang='lat' dir='ltr'>reformaturus</span> <span class='ocrx_word' id='word_1_448' title='bbox 1193 5039 1229 5100; x_wconf 92' lang='grc'>16</span> <span class='ocrx_word' id='word_1_449' title='bbox 1244 5037 1292 5099; x_wconf 89' lang='grc'>616</span> <span class='ocrx_word' id='word_1_450' title='bbox 1307 5033 1393 5114; x_wconf 84' lang='lat' dir='ltr'>quod</span> <span class='ocrx_word' id='word_1_451' title='bbox 1406 5030 1587 5094; x_wconf 89' lang='lat' dir='ltr'>secundum</span> <span class='ocrx_word' id='word_1_452' title='bbox 1598 5029 1732 5092; x_wconf 91' lang='lat' dir='ltr'>Ordinis</span> 
     </span>
     <span class='ocr_line' id='line_1_88' title="bbox 939 5127 1735 5207; baseline -0.02 -1"><span class='ocrx_word' id='word_1_453' title='bbox 939 5143 988 5207; x_wconf 93' lang='lat' dir='ltr'>tui</span> <span class='ocrx_word' id='word_1_454' title='bbox 1020 5138 1169 5202; x_wconf 87' lang='lat' dir='ltr'>instituta</span> <span class='ocrx_word' id='word_1_455' title='bbox 1198 5133 1404 5198; x_wconf 89' lang='lat' dir='ltr'>correctione</span> <span class='ocrx_word' id='word_1_456' title='bbox 1430 5147 1469 5192; x_wconf 91' lang='lat' dir='ltr'>ac</span> <span class='ocrx_word' id='word_1_457' title='bbox 1497 5127 1735 5191; x_wconf 80' lang='lat' dir='ltr'>reformatione</span> 
     </span>
     <span class='ocr_line' id='line_1_89' title="bbox 940 5228 1734 5318; baseline -0.024 -14"><span class='ocrx_word' id='word_1_458' title='bbox 940 5235 1135 5318; x_wconf 82' lang='lat' dir='ltr'>cognoveris</span> <span class='ocrx_word' id='word_1_459' title='bbox 1168 5232 1329 5310; x_wconf 83' lang='lat' dir='ltr'>indigere.</span> <span class='ocrx_word' id='word_1_460' title='bbox 1357 5228 1622 5292; x_wconf 76' lang='lat' dir='ltr'>contradictores</span> <span class='ocrx_word' id='word_1_461' title='bbox 1649 5242 1734 5288; x_wconf 92' lang='grc'><strong>666-</strong></span> 
     </span>
     <span class='ocr_line' id='line_1_90' title="bbox 940 5321 1736 5403; baseline -0.025 -1"><span class='ocrx_word' id='word_1_462' title='bbox 940 5355 1019 5402; x_wconf 91' lang='lat' dir='ltr'>sura</span> <span class='ocrx_word' id='word_1_463' title='bbox 1060 5331 1287 5396; x_wconf 89' lang='lat' dir='ltr'>ecclesiastica</span> <span class='ocrx_word' id='word_1_464' title='bbox 1326 5327 1457 5391; x_wconf 90' lang='lat' dir='ltr'>sublato</span> <span class='ocrx_word' id='word_1_465' title='bbox 1500 5321 1736 5403; x_wconf 88' lang='lat' dir='ltr'>appellationis</span> 
     </span>
     <span class='ocr_line' id='line_1_91' title="bbox 941 5421 1736 5508; baseline -0.023 -9"><span class='ocrx_word' id='word_1_466' title='bbox 941 5433 1112 5501; x_wconf 91' lang='lat' dir='ltr'>obstaculo</span> <span class='ocrx_word' id='word_1_467' title='bbox 1139 5427 1389 5508; x_wconf 89' lang='lat' dir='ltr'>compescendo.</span> <span class='ocrx_word' id='word_1_468' title='bbox 1417 5423 1509 5486; x_wconf 93' lang='lat' dir='ltr'>Nulli</span> <span class='ocrx_word' id='word_1_469' title='bbox 1537 5435 1628 5497; x_wconf 88' lang='lat' dir='ltr'>ergo,</span> <span class='ocrx_word' id='word_1_470' title='bbox 1658 5421 1736 5493; x_wconf 83' lang='grc'><strong>616,</strong></span> 
     </span>
     <span class='ocr_line' id='line_1_92' title="bbox 941 5518 1738 5602; baseline -0.025 -3"><span class='ocrx_word' id='word_1_471' title='bbox 941 5539 1064 5602; x_wconf 88' lang='lat' dir='ltr'>nostrae</span> <span class='ocrx_word' id='word_1_472' title='bbox 1078 5527 1332 5599; x_wconf 73' lang='lat' dir='ltr'>constitutionis</span> <span class='ocrx_word' id='word_1_473' title='bbox 1342 5527 1405 5588; x_wconf 90' lang='lat' dir='ltr'>etc.</span> <span class='ocrx_word' id='word_1_474' title='bbox 1416 5523 1450 5584; x_wconf 92' lang='lat' dir='ltr'>Si</span> <span class='ocrx_word' id='word_1_475' title='bbox 1458 5520 1532 5600; x_wconf 81' lang='lat' dir='ltr'>quis</span> <span class='ocrx_word' id='word_1_476' title='bbox 1544 5518 1738 5593; x_wconf 89' lang='lat' dir='ltr'>autem,etc.</span> 
     </span>
    </p>

    <p class='ocr_par' dir='ltr' id='par_1_25' title="bbox 981 5616 1741 5698">
     <span class='ocr_line' id='line_1_93' title="bbox 981 5616 1741 5698; baseline -0.029 0"><span class='ocrx_word' id='word_1_477' title='bbox 981 5635 1100 5698; x_wconf 87' lang='lat' dir='ltr'>Datum</span> <span class='ocrx_word' id='word_1_478' title='bbox 1115 5625 1281 5698; x_wconf 87' lang='lat' dir='ltr'>Laterani,</span> <span class='ocrx_word' id='word_1_479' title='bbox 1301 5620 1445 5686; x_wconf 91' lang='lat' dir='ltr'>secundo</span> <span class='ocrx_word' id='word_1_480' title='bbox 1463 5617 1625 5680; x_wconf 87' lang='lat' dir='ltr'>kalendas</span> <span class='ocrx_word' id='word_1_481' title='bbox 1642 5616 1741 5696; x_wconf 90' lang='lat' dir='ltr'>apri-</span> 
     </span>
    </p>
   </div>
   <div class='ocr_carea' id='block_1_21' title="bbox 943 5717 1577 5812">
    <p class='ocr_par' dir='ltr' id='par_1_26' title="bbox 943 5717 1577 5812">
     <span class='ocr_line' id='line_1_94' title="bbox 943 5717 1577 5812; baseline -0.033 -13"><span class='ocrx_word' id='word_1_482' title='bbox 943 5735 996 5810; x_wconf 90' lang='lat' dir='ltr'>lis,</span> <span class='ocrx_word' id='word_1_483' title='bbox 1013 5728 1223 5812; x_wconf 88' lang='lat' dir='ltr'>pontiflcatus</span> <span class='ocrx_word' id='word_1_484' title='bbox 1238 5721 1344 5788; x_wconf 89' lang='lat' dir='ltr'>nostrl</span> <span class='ocrx_word' id='word_1_485' title='bbox 1358 5733 1445 5784; x_wconf 88' lang='grc'><strong>6666</strong></span> <span class='ocrx_word' id='word_1_486' title='bbox 1458 5717 1577 5796; x_wconf 89' lang='lat' dir='ltr'>primo.</span> 
     </span>
    </p>
   </div>
   <div class='ocr_carea' id='block_1_22' title="bbox 0 0 2036 6308">
    <p class='ocr_par' dir='ltr' id='par_1_27' title="bbox 0 0 2036 6308">
     <span class='ocr_line' id='line_1_95' title="bbox 0 0 2036 6308; baseline 0 0"><span class='ocrx_word' id='word_1_487' title='bbox 0 0 2036 6308; x_wconf 95' lang='lat' dir='ltr'> </span> 
     </span>
    </p>
   </div>
  </div>
 </body>
</html>
