3984 6306
277 315 338 376 aas
735 283 913 371 demean
934 309 980 369 111
1001 308 1151 370 ornan.
1166 337 1208 355 -
1229 308 1462 372 sunnonis.
1832 315 1877 377 au

280 471 402 536 Christi
412 469 791 548 scientiamaccepimus,
803 469 952 532 utetnos
967 483 1076 546 quan·
1127 467 1279 542 interius,
1299 467 1345 532 ita
1360 467 1456 530 electi
1469 465 1719 530 amaritudinem
1732 467 1880 545 portantia

280 571 386 650 doque
398 585 622 647 resurgamus,
636 567 733 631 heato
750 568 909 644 Gregorio
920 565 1072 629 dicente:
1128 581 1278 645 corpore,
1300 565 1508 644 spiritualem
1519 564 1721 628 dulcedinem
1734 569 1881 631 serrantia

280 669 462 731 «Ostendit
485 667 580 729 nobis
602 665 755 744 exemplo
769 665 856 744 quod
877 664 1075 744 promiserat
1128 666 1248 727 mente.

280 767 315 827 in
328 765 474 842 praemio.
487 765 574 826 »Est
582 765 686 840 igitur
696 763 831 841 quintus
841 777 954 824 ramus
964 775 1076 822 resur·
1169 762 1321 835 Quotidie
1340 777 1492 838 sponsus,
1509 760 1606 834 idest,
1620 760 1762 824 Christus
1775 761 1884 824 damen-

279 863 383 926 rectio
395 861 528 937 Christi3
543 861 669 922 tructus
680 863 752 937 ejus
766 858 1073 937 spiritusscientiae.
1129 861 1178 923 dit
1195 861 1231 922 in
1255 860 1387 921 hortum
1412 875 1545 931 nucum,
1561 859 1657 931 idest,
1668 859 1776 920 visitat
1793 859 1884 920 Eccle-

320 963 440 1022 Sextus
455 975 569 1020 ramus
582 959 633 1020 θεῖ
645 959 800 1020 ascensio
815 957 953 1032 Christi;
975 955 1075 1018 ethic
1130 960 1214 1021 siam
1229 973 1304 1020 curn
1316 957 1468 1020 ordinata
1484 955 1558 1018 acie
1570 956 1766 1032 angelorum.
1780 956 1886 1032 triplex

281 1057 497 1122 admirandus
522 1058 555 1119 et
573 1056 794 1128 necessarius,
819 1056 855 1116 in
874 1071 939 1133 quo
956 1053 1077 1118 claruit
1130 1060 1180 1120 θεῖ
1192 1057 1308 1119 hortus
1324 1055 1358 1116 in
1373 1071 1438 1132 quo
1454 1054 1568 1116 electae
1583 1055 1704 1116 animae
1720 1053 1886 1130 spatiantur:

283 1157 389 1236 pietas
400 1155 471 1227 Dei,
484 1155 615 1233 quando
623 1155 742 1218 natura
753 1154 811 1215 illa
822 1170 897 1231 quae
907 1153 1074 1215 audierat:
1130 1155 1283 1218 molestia
1305 1152 1531 1230 corruptibilis
1545 1151 1633 1226 vitae,
1656 1151 1712 1229 qui
1731 1151 1777 1212 est
1798 1149 1888 1211 hortus

281 1259 390 1317 Terra
405 1268 452 1326 es,
472 1253 504 1315 et
517 1257 554 1314 ia
568 1254 701 1314 terrum
717 1255 791 1324 this,
806 1251 924 1312 audire
933 1251 1073 1312 meruit:
1131 1269 1265 1325 nucum,
1282 1252 1317 1312 in
1332 1267 1397 1329 quo
1413 1253 1565 1312 Susanna
1587 1249 1732 1325 lavatum
1746 1247 1889 1310 amenitas

280 1355 364 1414 Sede
384 1367 406 1414 a
423 1351 561 1414 destris
574 1353 671 1412 mets.
691 1352 728 1410 ln
742 1349 904 1412 hoceuim
923 1347 1078 1426 apparuit
1127 1350 1347 1429 jucunditatis
1371 1363 1535 1426 supernae,
1552 1347 1609 1425 qui
1632 1348 1683 1409 est
1705 1345 1810 1408 hortus
1822 1343 1889 1406 deli-

279 1449 388 1526 gratia
401 1449 461 1510 Dei
477 1448 510 1508 in
526 1447 632 1522 nohis,
650 1463 724 1510 cum
737 1447 957 1524 nosmetipsos
972 1447 1078 1508 trans·
1132 1449 1271 1518 ciarum,
1285 1448 1320 1509 in
1335 1463 1400 1526 quo
1415 1446 1551 1524 ponitur
1558 1446 1664 1508 Adam
1678 1445 1714 1506 ut
1723 1445 1857 1521 operetur
1867 1443 1891 1503 et

279 1546 356 1610 tulit
372 1548 406 1608 in
422 1545 616 1622 dignitatem
631 1543 753 1608 divinae
773 1547 914 1616 naturae,
935 1545 972 1606 ut
986 1559 1079 1604 esse-
1132 1546 1311 1621 custodiat;
1336 1544 1444 1606 dulcis
1472 1544 1620 1606 suavitas
1636 1542 1772 1606 visionis
1796 1541 1891 1601 divine

279 1661 354 1706 mus
368 1642 488 1706 tratres
508 1643 630 1706 Christi
651 1644 687 1704 in
701 1645 823 1705 natura
837 1641 1029 1704 cohaeredes
1042 1641 1078 1702 in
1133 1646 1189 1723 qui
1204 1645 1254 1706 est
1268 1644 1385 1706 hortus
1400 1642 1588 1710 conclusus,
1602 1641 1638 1702 in
1652 1657 1716 1719 quo
1726 1636 1891 1715 desephsili

279 1742 398 1819 gloria,
416 1741 542 1803 similes
556 1741 591 1802 in
607 1741 801 1802 haereditate
816 1739 939 1802 lutura.
958 1739 1078 1802 Sextus
1133 1743 1249 1805 statuit
1282 1741 1531 1804 monumentum
1564 1739 1600 1800 in
1635 1740 1728 1816 petra
1761 1736 1891 1799 excisum.

280 1855 360 1916 ergo
370 1855 484 1902 ramus
495 1839 546 1901 est
554 1838 705 1902 ascensio
716 1837 851 1914 Christi;
860 1835 987 1900 tructus
993 1839 1077 1914 ejus,
1134 1840 1256 1901 Munda
1270 1855 1401 1918 quoque
1416 1837 1620 1900 conscientia
1637 1851 1699 1914 pro
1714 1834 1764 1896 sui
1777 1832 1893 1894 diversi-

282 1938 419 2015 spiritus
434 1937 578 2014 pietatis.
1132 1939 1202 2001 tate
1214 1936 1275 1999 hos
1285 1937 1321 1998 in
1336 1951 1374 1998 se
1387 1935 1527 2013 suscipit
1538 1935 1664 1997 hortos.
1677 1936 1756 1995 Haec
1766 1931 1894 1994 estsinea

321 2036 488 2113 Septimus
520 2050 634 2096 ramus
669 2033 720 2098 est
749 2032 914 2111 jndicium
943 2031 1077 2105 Christi,
1133 2035 1265 2099 Domini
1281 2033 1436 2096 Sabaoth.
1454 2036 1532 2095 Haec
1552 2029 1895 2094 estlocusdelicianm.

283 2133 415 2213 quando
439 2133 551 2194 veniet
567 2132 720 2210 judicare
745 2131 839 2193 vivos
863 2133 897 2193 ei
918 2131 1078 2199 mortisue,
1134 2138 1213 2196 Haec
1225 2135 1276 2196 est
1289 2131 1406 2196 hortus
1420 2130 1595 2194 conclusus
1618 2130 1654 2192 et
1678 2129 1749 2192 sons
1763 2127 1895 2203 signatus.

284 2231 339 2294 uhi
352 2232 416 2294 erit
425 2233 524 2293 timor
533 2228 835 2305 infinitus3fructns
846 2231 929 2306 ejus,
940 2227 1079 2306 spiritu
1135 2235 1173 2294 ln
1200 2231 1263 2294 hoc
1287 2229 1443 2308 paradiso
1477 2229 1553 2291 sunt
1580 2226 1718 2289 arbores
1744 2225 1851 2295 densa,
1870 2222 1896 2282 in

284 2328 425 2400 timoris,
442 2327 482 2389 de
497 2343 561 2405 qno
580 2327 796 2389 dictumest:
828 2327 981 2404 thtlctc,
999 2329 1082 2400 quic
1135 2345 1275 2407 quarum
1284 2328 1393 2390 medio
1401 2327 1478 2390 sunt
1487 2325 1594 2404 posita
1607 2323 1769 2402 duoligrm
1780 2345 1786 2384 :
1797 2322 1897 2398 lignum

277 2421 1079 2503 ,nescittsdicmoepuchoramtltatthaxv,13).
1135 2427 1291 2490 uidelicet
1308 2425 1396 2500 vitae,
1413 2427 1446 2488 et
1466 2425 1593 2502 lignum
1618 2423 1766 2486 scientia
1789 2419 1857 2482 honi
1875 2415 1898 2478 et

324 2523 495 2601 Sapientia
516 2539 595 2600 ergo
610 2523 737 2599 lignum
752 2523 830 2584 vitae
844 2523 906 2596 est,
925 2521 1003 2600 quia
1022 2535 1082 2598 per
1137 2525 1227 2588 mali.

284 2621 482 2700 sapientiam
497 2623 567 2693 Dei,
584 2635 658 2699 quoe
682 2621 833 2682 Christus
847 2621 907 2686 θεῖ.
924 2619 1080 2682 multica-
1174 2623 1282 2685 arhor
1295 2622 1373 2685 vitae
1386 2622 1437 2684 θεῖ
1449 2621 1623 2700 illa,cujus
1634 2621 1732 2686 radix
1746 2617 1803 2680 tuit
1814 2619 1896 2684 lesse,

284 2721 340 2782 tur
354 2719 513 2780 Ecclesia.
532 2719 616 2790 Quia
630 2717 666 2778 in
679 2718 835 2794 prasenti
848 2716 995 2778 viviticat
1007 2731 1081 2778 eam
1136 2721 1317 2784 secundum
1331 2720 1413 2782 illud
1428 2719 1523 2782 1saiae
1540 2741 1549 2780 ι
1563 2721 1646 2782 Erit
1659 2719 1863 2786 rammasse,
1874 2709 1898 2772 ct

286 2831 425 2894 corpore
440 2817 473 2878 et
487 2815 649 2892 sanguine
665 2831 736 2888 suo,
750 2817 784 2876 et
793 2813 995 2877 beatificabit
1008 2829 1082 2876 eam
1136 2823 1195 2894 qui
1207 2819 1375 2896 escsurpet
1392 2833 1518 2896 repere
1529 2818 1663 2895 centes,
1675 2821 1713 2880 tn
1724 2809 1900 2889 campanies

286 2929 347 2978 sua
356 2913 535 2992 praesentia
543 2913 578 2974 in
586 2912 709 2986 tuturo,
722 2913 800 2990 qnia
809 2911 995 2974 videbimus
1006 2927 1082 2974 eum
1136 2917 1324 2993 speratum
1336 2916 1445 2998 (Rom.
1460 2931 1516 2989 xv,
1530 2914 1595 2995 12).
1610 2917 1763 2976 Truncus
1775 2925 1844 2972 vero
1856 2905 1903 2968 tuit

287 3011 373 3074 facie
387 3012 429 3073 ad
449 3010 579 3083 taciem,
597 3009 696 3072 sicuti
719 3011 778 3074 θεῖ.
801 3010 982 3072 Ecclesiam
999 3009 1084 3087 legi-
1137 3013 1304 3078 Abraham
1325 3015 1358 3077 et
1385 3014 1500 3076 Dauid.
1519 3013 1614 3076 Unde
1637 3013 1673 3077 et
1695 3009 1828 3075 hbreha
1843 3019 1903 3084 pro·

287 3126 361 3172 mus
380 3109 416 3170 in
434 3109 556 3171 Genesi
577 3123 636 3186 per
657 3108 848 3186 paradisum
863 3107 1081 3186 designatam,
1138 3113 1277 3175 missum
1305 3114 1584 3176 est:1osemtnc
1609 3113 1672 3174 tuo
1698 3103 1904 3174 reuocentur
1954 3103 1955 3142 ῑ

287 3207 345 3268 uhi
366 3207 498 3279 dicitur,
524 3205 611 3284 quod
631 3206 794 3283 plantavit
811 3205 972 3269 Dominus
996 3208 1083 3268 Deus
1138 3225 1257 3274 omnes
1270 3211 1389 3289 pentes
1405 3208 1500 3289 (Gen.
1513 3223 1600 3282 xxii,
1616 3205 1683 3288 18).
1698 3202 1840 3270 EtDavid
1852 3223 1858 3260 :
1870 3202 1905 3260 lle

286 3304 478 3384 paradisum
501 3303 681 3381 voluptatis
710 3302 934 3381 aprincipio,
959 3305 995 3366 in
1020 3319 1083 3381 quo
1138 3310 1255 3385 pructu
1281 3309 1416 3370 ventris
1451 3308 1503 3368 tut
1533 3321 1665 3382 ponam
1690 3319 1794 3382 super
1815 3301 1905 3363 sedem

288 3401 399 3480 posuit
412 3401 580 3463 hominem
595 3417 693 3478 quem
712 3399 922 3464 formaverat.
945 3401 1086 3463 Paradi-
1140 3407 1237 3468 tuam
1252 3403 1322 3486 (Ps.
1339 3401 1408 3478 131,
1421 3403 1484 3485 11).
1498 3404 1596 3468 Remi
1610 3419 1654 3466 ex
1669 3404 1732 3468 hoc
1745 3403 1851 3465 trunco
1862 3409 1905 3456 as·
1955 3423 1956 3440 ,

290 3515 348 3560 sus
362 3499 541 3576 voluptatis
566 3498 748 3560 Ecclesiam
767 3497 945 3574 significat,
965 3499 1001 3560 in
1021 3513 1085 3576 qua
1140 3504 1318 3568 condentes
1334 3503 1490 3566 Salomon
1512 3505 1545 3565 et
1570 3502 1694 3580 reliqui
1717 3505 1906 3563 successores,

290 3597 431 3660 diversa
450 3597 528 3658 sunt
543 3595 725 3674 voluptatis
740 3596 988 3674 jncunditates:
1009 3596 1085 3658 alin
1136 3603 1234 3679 juxta
1246 3601 1329 3662 illud
1341 3600 1569 3678 evangelicum
1586 3603 1723 3662 :David
1737 3599 1844 3662 cutem
1856 3601 1906 3652 rea

288 3694 493 3774 percupiam
514 3692 773 3770 scripturarum,
795 3693 871 3755 aliae
886 3709 945 3772 per
959 3693 1088 3771 gratia·
1139 3701 1259 3777 penult
1273 3703 1505 3773 Satcmonem;
1514 3698 1611 3775 virga
1625 3713 1670 3760 ax
1683 3698 1736 3759 his
1746 3693 1841 3758 ramis
1849 3701 1908 3766 pre

289 3809 364 3856 rum
378 3790 627 3864 abundantiam,
644 3791 721 3853 aliae
741 3805 801 3869 per
814 3792 973 3854 virtutum
988 3792 1087 3855 redc-
1141 3797 1235 3859 diens
1245 3797 1348 3872 virgo
1362 3797 1481 3869 Maria,
1492 3798 1590 3874 Juxta
1602 3796 1688 3857 illud
1701 3793 1794 3856 lsaiae
1805 3813 1813 3852 ι
1823 3793 1910 3863 lipre-

290 3889 438 3962 lentiam,
451 3887 526 3950 aliae
542 3903 602 3966 per
611 3888 827 3966 multiplicem
839 3889 1000 3952 honorum
1012 3906 1087 3968 ope·
1141 3896 1257 3958 dictur·
1276 3899 1379 3971 cirac
1403 3897 1443 3958 de
1466 3897 1583 3956 radice
1605 3897 1706 3956 Jesse
1735 3890 1790 3972 (ls.
1814 3903 1856 3954 m,
1877 3879 1908 3958 1).

288 4001 363 4050 rum
392 3985 624 4058 differentiam,
653 3985 729 4047 alia
751 3987 787 4047 in
810 3986 1086 4064 contemplatione
1142 3994 1221 4054 llaec
1246 3992 1297 4054 est
1325 3992 1421 4068 virga
1454 3995 1579 4064 Aaron,
1608 4007 1700 4070 quas,
1730 3988 1806 4052 licet
1833 3977 1912 4046 inerit

290 4083 408 4161 patriae
430 4082 612 4144 coelestis...
638 4084 818 4144 Possumus
839 4097 930 4160 ergo,
953 4083 1085 4157 iratres,
1142 4089 1236 4150 arida
1262 4089 1303 4150 ah
1326 4089 1465 4150 humore
1479 4088 1581 4158 virili,
1597 4088 1708 4152 subito
1732 4087 1837 4150 tarum
1847 4092 1909 4157 ger·

290 4179 380 4242 hll¹1⁰
397 4177 587 4256 Paradisum
604 4178 789 4255 int<illidere
805 4179 960 4242 Sanctam
974 4181 1089 4243 Eccle·
1142 4203 1217 4249 men
1230 4187 1366 4265 protulit
1379 4188 1412 4251 et
1432 4187 1467 4248 in
1482 4186 1625 4248 fructum
1640 4186 1778 4248 uberius
1793 4176 1913 4262 pullula·

292 4277 376 4339 Siam
401 4275 665 4348 immaculatam,
685 4275 782 4349 idest,
798 4279 1088 4354 congregationem
1141 4285 1199 4347 vit.
1216 4288 1295 4348 Haec
1314 4285 1410 4362 virga
1433 4285 1557 4357 floruit,
1571 4283 1721 4347 fronduit
1743 4285 1776 4346 et
1799 4269 1913 4359 protulit

292 4373 439 4436 fidelium
454 4389 520 4434 non
534 4370 713 4436 habentem
728 4373 903 4448 maculam,
918 4391 1026 4454 neque
1036 4391 1089 4438 ru·
1142 4383 1295 4456 fructum,
1313 4383 1392 4461 quia
1414 4385 1514 4446 Beata
1529 4384 1632 4460 Virgo
1656 4383 1765 4445 Maria
1785 4371 1911 4444 credidit

292 4487 379 4549 gam,
401 4471 479 4550 quia
502 4471 641 4548 pulchra
664 4472 715 4534 est
737 4473 770 4534 et
788 4472 919 4536 decora
943 4473 1087 4538 Pulchra
1143 4481 1295 4558 concepit
1311 4481 1343 4542 et
1354 4482 1483 4558 peperit
1495 4481 1674 4543 Christum.
1692 4480 1812 4543 cortex
1823 4476 1855 4538 in
1867 4471 1915 4531 hac

292 4570 425 4649 quidem
439 4571 476 4633 ut
487 4570 578 4642 luna,
589 4569 695 4632 electa
710 4570 746 4632 ut
759 4569 821 4632 sol.
831 4572 910 4632 Haec
924 4573 975 4634 θεῖ
988 4587 1089 4648 para·
1143 4578 1262 4641 arbore
1283 4577 1417 4641 luerunt
1439 4579 1557 4652 sancti,
1569 4580 1668 4656 juxta
1682 4577 1765 4642 illud
1784 4571 1915 4638 Canum·

292 4669 385 4731 disus
403 4668 595 4746 voluptatis.
618 4669 697 4731 Haec
713 4668 763 4730 est
783 4668 873 4730 enim
894 4669 994 4731 arbor
1016 4668 1086 4744 illa,
1143 4691 1216 4737 rum
1233 4677 1351 4738 :Sicut
1369 4679 1491 4739 cortex
1512 4681 1596 4740 molt
1618 4680 1739 4753 punici
1761 4668 1917 4752 penetus

292 4767 583 4836 scilicetEcclesia
606 4766 641 4828 in
657 4781 722 4847 qua
741 4767 922 4829 secundum
941 4767 1088 4829 Danielis
1143 4772 1250 4853 (Cant.
1267 4789 1312 4847 rr,
1331 4773 1377 4855 6),
1402 4774 1498 4848 idest,
1522 4775 1629 4837 sancti
1653 4775 1712 4852 qui
1734 4789 1771 4835 se
1790 4759 1918 4842 affligunt

291 4868 455 4928 Visifflleffl
471 4867 582 4929 Omnia
596 4865 664 4928 iam
677 4865 846 4940 animalia,
860 4865 957 4940 idest,
975 4865 1087 4929 hOmi·
1143 4871 1183 4934 ad
1209 4871 1460 4934 similitudinem
1485 4872 1618 4935 Christi.
1650 4871 1757 4944 Folia,
1783 4865 1874 4932 verba
1891 4857 1917 4918 et

290 4979 349 5026 nes
364 4963 478 5032 activi,
492 4979 590 5040 quam
605 4963 765 5037 volatilia,
777 4963 874 5038 idest,
890 4965 1089 5044 contompla·
1143 4971 1294 5034 doctrina
1309 4970 1443 5044 Christi,
1453 4973 1551 5048 Juxta
1563 4970 1646 5032 illud
1662 4969 1788 5032 Psalmi
1805 4963 1868 5028 :Et
1878 4961 1919 5034 so-

292 5061 353 5124 tivi
370 5060 594 5138 requiescunt,
609 5061 642 5122 et
651 5061 753 5123 vitam
761 5060 935 5125 hahentes
946 5079 997 5135 ea,
1010 5065 1088 5140 quia
1142 5073 1228 5132 tium
1250 5071 1326 5142 ejus
1343 5083 1414 5132 non
1434 5068 1565 5131 decidet
1583 5066 1691 5148 (Psi,
1706 5066 1754 5148 3).
1770 5065 1842 5128 Flos
1854 5067 1918 5120 vero

292 5160 361 5221 tam
385 5157 487 5218 activi
501 5171 599 5234 quam
614 5156 861 5234 contemplativi
876 5174 943 5222 non
966 5159 1090 5223 hahent
1143 5168 1215 5245 ipse
1231 5167 1394 5240 Christus,
1410 5167 1467 5245 qui
1489 5167 1529 5228 de
1544 5181 1580 5228 se
1594 5167 1704 5244 inquit
1722 5165 1757 5226 in
1771 5156 1919 5226 Canhcis:

294 5255 438 5334 quietem
456 5253 521 5316 nisi
538 5253 573 5316 in
587 5251 703 5316 umbra
721 5253 850 5318 arboris
870 5255 981 5334 hujus,
1004 5258 1090 5320 idest
1143 5254 1919 5341 Eponoscampictttttumconvalliumfflantll,

294 5355 329 5416 in
344 5351 503 5415 Ecclesia.
520 5353 599 5414 llaec
612 5352 662 5414 θεῖ
674 5351 791 5414 hortus
805 5361 927 5416 nucum
942 5355 977 5416 in
991 5370 1089 5433 quem
1145 5359 1189 5440 1).
1207 5361 1394 5423 Secundum
1406 5360 1493 5438 quod
1508 5361 1608 5424 etiam
1622 5361 1656 5422 in
1667 5357 1840 5438 prophetie
1851 5362 1922 5428 ρεθ-

294 5449 464 5513 descendit
476 5465 629 5527 sponsus.
644 5451 768 5511 Hortus
783 5467 904 5514 nucum
916 5454 967 5514 θεῖ
981 5454 1090 5516 Eccle·
1144 5459 1247 5521 missa
1256 5459 1398 5521 dicitur:
1413 5461 1460 5520 at
1470 5459 1534 5531 llos
1546 5462 1587 5520 dc
1601 5461 1719 5520 radice
1734 5459 1808 5530 &aa
1821 5457 1923 5514 ascelt-

294 5549 355 5610 sia.
367 5546 479 5610 Nuces
491 5546 700 5626 suntsinguli
712 5549 820 5622 electi,
837 5549 915 5627 curia
928 5551 1090 5613 sicutnux
1143 5556 1200 5618 det
1211 5553 1269 5634 tls.
1280 5555 1376 5636 m,l).
1388 5555 1528 5617 Fructus
1539 5554 1650 5616 autem
1657 5551 1749 5615 salus
1759 5547 1920 5614 hominum,

294 5645 549 5712 amaritudinem
570 5645 670 5712 hahet
693 5647 856 5721 exterius,
882 5649 1090 5712 dulcedinem
1144 5653 1196 5714 rel
1212 5653 1280 5716 rita
1296 5655 1432 5726 aeterna,
1449 5651 1629 5716 secundum
1646 5649 1732 5731 quod
1748 5647 1923 5714 quvanre·
