3986 6304
291 266 348 326 127
902 268 1080 330 HONORII
1102 269 1147 328 111
1170 269 1319 332 OPERA.
1519 341 1522 348 Ι
1845 277 1890 338 128

330 429 396 488 Per
407 427 534 488 vestras
547 424 642 487 nobis
655 425 783 488 litteras
793 425 985 502 intimastis,
997 427 1083 505 quod
1138 427 1276 490 mitissae
1291 443 1331 490 ac
1345 429 1405 490 Th.
1430 427 1491 490 tilii
1516 431 1587 506 ejus
1603 428 1724 494 comitis
1737 431 1891 507 Trecensis,

290 542 365 587 cum
386 525 421 586 in
443 524 684 586 claromonten.
709 524 851 588 ecclesia
874 523 976 588 luerit
995 527 1084 588 anti-
1138 542 1220 605 quos
1235 527 1366 589 sincera
1388 527 1560 604 diligimus
1576 528 1611 588 in
1626 527 1755 589 Domino
1768 531 1891 603 caritate,

289 624 400 704 quitus
415 623 625 696 consuetum,
643 624 678 686 ut
692 622 797 702 ipsius
812 621 964 687 absentes
981 639 1084 686 cano-
1137 625 1290 702 precibus
1321 625 1484 693 inclinati,
1521 641 1581 702 per
1611 625 1788 702 Apostolioa
1818 627 1893 688 robis

288 721 356 783 nici
375 719 412 782 ut
431 722 613 798 praesentes
642 737 778 786 suarum
806 721 934 798 integre
957 722 1083 786 tructus
1138 723 1261 800 scripta
1290 722 1512 800 precipiendo
1537 723 1725 784 mandamus
1745 724 1893 801 quatenus,

288 819 474 898 percipiant
492 819 756 897 praebendarum,
775 835 818 882 ne
832 820 1082 882 consuetudinis
1139 820 1168 880 si
1192 819 1304 882 torsan
1321 818 1422 900 (quod
1444 819 1566 900 absitl)
1591 820 1717 882 Domini
1737 820 1789 897 qui
1806 819 1840 880 ab
1858 821 1895 882 eis

289 918 388 995 hujus
411 917 546 979 obtentu
567 917 641 994 ipsa
665 917 770 994 possit
792 917 932 980 ecclesia
949 933 1082 996 cppor-
1138 933 1197 995 pro
1218 917 1325 980 leodis
1340 935 1413 996 quae
1433 919 1546 980 tenent
1565 917 1607 980 ab
1630 917 1710 994 ipsis
1733 916 1895 978 fidelitatem

286 1017 366 1078 tuno
382 1016 518 1077 servitio
534 1013 735 1088 defraudari,
756 1016 830 1093 pari
853 1015 930 1078 roto
950 1016 983 1078 et
1002 1031 1083 1078 con·
1137 1017 1171 1077 et
1184 1015 1374 1092 homagium
1389 1016 1587 1094 receperint,
1603 1015 1722 1078 vellent
1732 1014 1770 1076 ab
1783 1014 1839 1076 hoc
1855 1017 1897 1075 te-

288 1114 380 1176 cordi
400 1129 539 1175 assensu
562 1112 698 1191 provide
720 1114 752 1174 et
771 1111 950 1175 salubriter
968 1128 1082 1176 omnes
1137 1113 1290 1175 maritate
1305 1115 1417 1190 aliqua
1432 1115 1576 1186 resilire,
1591 1111 1774 1190 recipiendo
1788 1111 1824 1172 ab
1839 1111 1898 1172 aliis

288 1213 463 1273 unanimes
491 1211 665 1280 statuistis,
701 1210 737 1273 ut
771 1211 900 1272 cellarii
935 1211 1083 1273 redditus
1138 1211 1330 1272 fidelitatem
1357 1212 1411 1272 rel
1432 1212 1624 1288 homagium
1643 1226 1700 1288 pro
1721 1208 1819 1270 iendis
1841 1209 1899 1269 eis-

289 1309 463 1387 praesentis
482 1310 639 1387 temporis
662 1310 694 1372 et
712 1308 816 1371 futuri
835 1309 1084 1386 quantumcum·
1138 1308 1230 1384 dem;
1259 1325 1319 1370 vos
1345 1325 1423 1382 eos,
1451 1310 1633 1372 monitione
1657 1307 1832 1386 praemissa,
1855 1321 1901 1382 per
1964 1299 1966 1446 i

289 1423 353 1484 que
368 1408 458 1484 ipsos
473 1407 680 1483 augmentari
693 1407 879 1484 contigerit,
899 1423 958 1485 per
976 1424 1082 1470 cano·
1138 1423 1313 1471 censuram
1326 1407 1598 1481 ecclesiasticam,
1610 1405 1820 1486 appellatione
1833 1403 1903 1480 post·

289 1505 383 1566 nicos
402 1505 472 1566 sive
493 1507 727 1567 canonicorum
749 1505 894 1568 vicarios
909 1505 944 1566 in
967 1505 1083 1567 eadem
1138 1505 1256 1588 posita,
1282 1507 1511 1582 compescatis.
1539 1504 1630 1576 Quod
1654 1505 1683 1565 si
1706 1519 1769 1564 non
1790 1515 1901 1569 omnes,
1964 1449 1967 1588 1

288 1602 431 1666 ecclesia
463 1603 645 1665 residentes
681 1602 853 1681 aequaliter
880 1603 1081 1665 dividantur.
1138 1603 1202 1664 duo
1237 1603 1395 1676 vestrum,
1432 1603 1494 1665 etc.
1528 1603 1648 1664 Datum
1680 1603 1801 1672 Roma,
1833 1595 1903 1674 apud
1966 1608 1968 1756 i

293 1703 401 1773 Quare
423 1700 519 1762 nohis
542 1701 713 1762 humiliter
737 1701 958 1779 supplicastis,
984 1702 1022 1765 ut
1041 1719 1083 1763 ne
1139 1702 1295 1764 Sanctum
1317 1703 1462 1775 Petrum,
1489 1700 1597 1778 pridie
1630 1699 1705 1762 idus
1733 1694 1904 1762 decembris,

291 1798 423 1860 salubre
451 1799 515 1860 hoc
541 1799 698 1860 statutum
724 1814 784 1876 per
808 1799 951 1878 alicujus
979 1800 1085 1878 possit
1138 1815 1225 1862 anno
1246 1800 1364 1877 primo.

289 1896 452 1958 malitiam
462 1895 636 1969 infirmari,
648 1895 978 1974 dignaremuripsum
990 1913 1084 1976 apos·
1177 1929 1220 1987 Ia
1234 1926 1392 1986 eumdem
1405 1925 1545 1985 modum
1564 1923 1722 2002 scriptum
1736 1920 1784 1982 esi
1801 1915 1906 1979 eisdem

289 1994 389 2057 tolico
400 1993 582 2054 munimine
592 1992 760 2055 roborare.
773 1996 841 2056 Nos
851 1995 954 2071 igitur
961 1996 1083 2059 vestris
1137 2037 1244 2097 usque
1255 2022 1340 2100 quod
1355 2020 1451 2094 aiiii,
1467 2021 1524 2101 qui
1536 2021 1660 2082 eisdem
1677 2011 1909 2080 fldeiiiaiemiei
1969 2025 1970 2040 ,

289 2091 566 2173 P⁰⁸t¹¹¹³fi⁰¹¹ih¹¹⁸
596 2092 766 2166 imfimfi’
791 2092 950 2155 statutum
974 2095 1082 2172 ipsum
1137 2121 1329 2197 homagium
1346 2119 1580 2196 praestiterunt,
1599 2118 1724 2180 vellent
1742 2113 1781 2177 ab
1795 2113 1906 2174 hocte·

289 2191 378 2252 sicut
388 2189 525 2267 provida
538 2188 660 2252 lactum
680 2191 740 2263 est,
757 2191 954 2254 auctoritate
972 2196 1083 2270 Apos-
1138 2218 1290 2282 meiiiiie
1304 2217 1416 2295 aiiqua
1431 2216 1574 2289 resilire,
1594 2231 1666 2289 ios,
1679 2230 1736 2278 905
1753 2213 1793 2275 ai
1813 2210 1910 2272 obser.
1971 2218 1972 2292 i

288 2288 389 2350 tolica
404 2287 647 2360 confirmamus,
665 2288 884 2366 etpraesentis
899 2290 1014 2366 scripti
1029 2307 1084 2368 pa·
1136 2318 1279 2379 midam
1307 2315 1431 2377 eisdem
1459 2314 1651 2377 fidelitatem
1677 2315 1710 2377 ei
1740 2307 1910 2386 homagium

288 2386 430 2450 trocinio
452 2385 704 2448 communimus·
729 2387 822 2450 Nulli
843 2403 923 2464 ergo
947 2389 1083 2452 omnino
1137 2429 1210 2494 Μ
1223 2414 1382 2486 fecerunt,
1399 2413 1592 2486 monitione,
1608 2413 1672 2475 eii·

288 2483 471 2557 hominum,
487 2483 563 2557 etc,
579 2485 702 2547 nostrae
723 2485 996 2559 confirmationis,
1017 2487 1052 2551 et
1072 2531 1080 2548 .

289 2582 325 2645 si
353 2581 427 2660 quis
453 2581 579 2654 autem,
611 2583 675 2694 etc..
700 2583 818 2644 Datum
851 2585 964 2693 Romae
995 2584 1082 2696 apud
1452 2615 1618 2706 XCVIII

287 2679 446 2740 Sanctum
462 2679 608 2752 Petrum,
624 2682 654 2742 ll
666 2680 741 2741 idus
760 2679 954 2754 decembris,
971 2683 1083 2759 pontr-

288 2776 405 2839 scarus
418 2777 521 2839 nostri
537 2793 625 2839 anno
639 2777 756 2855 neno.
1216 2805 1656 2870 repraesentaverat
1671 2803 1848 2868 enatantes

1406 2906 1664 2966 Laudurtenscr.

612 3027 755 3114 xcvh
1048 2970 1052 2978 ’
1430 3067 1540 3128 aaa.
1558 3069 1637 3128 aa.

370 3253 422 3312 Act
456 3253 672 3322 discordum,
706 3252 986 3312 suessionensem
1252 3237 1463 3306 [anataaajuna
1473 3237 1601 3290 pontificii
1612 3237 1644 3288 au
1656 3251 1718 3288 ³1¹⁰·
1734 3233 1813 3302 ¹²¹⁶]-

537 3351 743 3423 episcopum,
760 3349 823 3410 etc.

1137 3401 1267 3473 Praecipit
1280 3408 1311 3458 ut
1325 3399 1473 3458 absolvant
1488 3397 1640 3472 quemdam
1653 3395 1825 3456 canonicum
1844 3391 1918 3450 Suas-

584 3498 617 3554 lt
629 3496 691 3555 dec.
710 3496 789 3555 tart.
1170 3492 1345 3560 siccensem,
1370 3490 1418 3562 qui
1432 3497 1531 3546 contra
1553 3487 1754 3545 inhibitionem
1776 3483 1829 3543 sub
1846 3491 1921 3555 poena

456 3649 461 3660 .
977 3647 982 3658 ,
1170 3578 1475 3638 excommunicationis
1494 3577 1598 3635 lactem
1617 3591 1633 3635 a
1653 3576 1684 3636 G.
1704 3575 1794 3634 lits.
1817 3565 1920 3630 llartini

300 3651 419 3715 [liegest.,
443 3650 490 3700 hb.
519 3649 538 3710 l,
564 3665 605 3715 ep.
634 3649 869 3715 lib-bouquet,
893 3648 993 3701 liecuel
1024 3649 1068 3700 des
1171 3667 1447 3743 apostolicolegaro.

492 3731 636 3792 historiens,
653 3734 672 3783 t.
686 3730 753 3790 XIX,
766 3730 868 3795 polu]

284 3901 400 3960 Mandat
425 3902 467 3960 eis
488 3909 519 3960 ut
543 3903 718 3959 comitissam
745 3902 916 3959 Trecensem
943 3907 970 3958 et
991 3900 1080 3958 hlium
1174 3885 1354 3958 Honorius,
1370 3885 1445 3956 etc,
1458 3883 1586 3944 dilectis
1598 3881 1676 3942 filiis
1691 3877 1923 3942 archidiacono

320 3991 382 4063 ejus
407 3989 602 4048 Theobaldum
623 3996 772 4059 tueantur,
798 3989 1009 4062 compescendo
1030 4003 1081 4061 per
1134 3988 1172 4046 A.
1185 3987 1217 4046 et
1230 3987 1263 4045 S.
1278 3982 1449 4046 canonicis
1464 3981 1656 4042 Laudunen.

320 4077 518 4134 auctoritatem
535 4078 758 4133 ecclesiasticam
779 4075 912 4134 dominos
932 4075 1079 4132 feodorum
1174 4085 1211 4143 G,
1230 4083 1441 4144 Suessionen,
1455 4079 1635 4140 canonicus
1648 4075 1746 4138 nobis
1760 4069 1924 4136 humiliter

325 4179 389 4236 quae
403 4163 495 4221 dictus
509 4179 607 4221 comes
621 4171 652 4222 ut
667 4163 756 4220 cliens
770 4170 856 4232 tenet,
870 4172 899 4221 at
914 4164 977 4220 illos
987 4163 1079 4235 quiab
1135 4180 1345 4257 supplicavit,
1361 4178 1396 4239 ui
1411 4193 1512 4255 quum
1527 4177 1600 4253 posi
1621 4173 1855 4236 inhibitionem
1870 4163 1924 4228 sup,

320 4266 356 4310 ³⁰
371 4251 453 4354 “9⁶⁸
473 4259 580 4352 ‘enim’
597 4267 634 4309 ¹¹⁰
654 4259 736 4325 pacm
757 4251 900 4311 fidem
914 4259 1036 4324 ‘⁰⁰⁰¹‘oe
1051 4259 1080 4310 θ*
1134 4294 1231 4355 poena
1253 4273 1605 4338 excommunicationis
1630 4270 1752 4333 iactam
1774 4265 1926 4332 adilecto

321 4340 640 4416 ⁹¹⁸³⁸t⁸⁸³¹³⁸⁰¹¹¹d⁸¹¹t
1135 4375 1204 4437 nno
1227 4377 1342 4437 nostro
1369 4377 1406 4434 e.
1426 4372 1515 4434 utun
1539 4369 1646 4432 sanan
1670 4368 1810 4430 Martini
1832 4377 1924 4442 pras-

325 4495 492 4559 Honorius
519 4495 746 4572 episcopus...,
775 4494 960 4556 venerabili
983 4495 1079 4558 fratri
1133 4473 1260 4552 bl'iel'Oa
1274 4473 1352 4535 tunc
1365 4470 1488 4533 ⁵³11&ae
1503 4467 1618 4530 Mflfiae
1636 4466 1672 4527 1¹¹
1695 4465 1833 4542 POififfll
1853 4461 1926 4522 dii·

285 4592 518 4674 episcopan),
536 4594 568 4656 et
592 4593 722 4655 nilacus
740 4591 820 4653 onis
840 4591 950 4652 annau
967 4594 1079 4654 sanna
1134 4588 1218 4634 anno
1233 4570 1408 4641 caraman,
1424 4566 1622 4644 apostoncae
1638 4563 1734 4672 saara
1750 4561 1927 4672 laeetani

283 4693 422 4756 ioannis
451 4693 485 4753 in
506 4691 620 4754 vineis
648 4689 695 4772 (2)
722 4690 755 4752 et
774 4689 899 4752 denam
927 4691 1081 4752 Suessi).
1134 4669 1248 4732 clerici
1262 4669 1297 4729 in
1309 4667 1414 4728 sacris
1425 4664 1595 4726 ordinibus
1606 4660 1778 4723 constituh
1789 4667 1927 4720 mamers

285 4791 381 4852 nensi
397 4787 455 4868 (3),
469 4790 530 4850 etc,
1134 4765 1322 4828 consutitiis
1339 4761 1372 4824 et
1392 4762 1545 4823 rostratis
1566 4757 1767 4822 sotularibus
1790 4758 1928 4817 uteren-

325 4889 404 4946 Cum
419 4885 615 4962 Apostolicae
642 4883 811 4949 servitutis
831 4885 941 4948 officio
961 4885 1080 4963 praecj.
1133 4865 1198 4933 tur,
1222 4863 1306 4940 ipsis
1327 4859 1505 4938 aliquando
1521 4875 1601 4920 usus
1616 4855 1726 4927 luerit,
1751 4853 1842 4916 sicut
1856 4865 1929 4962 cre-

285 4999 349 5060 pue
376 4983 551 5044 teneamur
573 4984 691 5046 viduas
715 4986 748 5046 et
771 4985 939 5062 orpham
959 4985 994 5045 in
1019 5001 1079 5045 sua
1134 4961 1192 5032 dit,
1209 4961 1241 5021 et
1255 4958 1471 5020 nihilominus
1485 4958 1519 5018 in
1535 4953 1793 5064 subdiaconatus
1809 4949 1926 5062 ordine

281 5079 413 5159 justitia
435 5079 620 5152 contovere,
637 5081 723 5142 sacri
740 5082 862 5160 eloquii
883 5081 978 5143 nohis
993 5097 1078 5142 auc·
1134 5056 1340 5128 ministrarii,
1362 5055 1577 5132 dignaremur
1604 5051 1711 5114 e1dem
1736 5059 1932 5110 mrsemcor-

284 5177 417 5242 inritata
446 5177 634 5248 mandante,
661 5178 697 5239 ut
724 5177 884 5256 orphanis
910 5181 1015 5240 arnus
1043 5181 1080 5242 nt
1134 5156 1219 5218 nitar
1233 5154 1414 5230 indulsere,
1433 5154 1467 5214 ut
1479 5153 1542 5214 ¹100
1557 5150 1621 5212 sibi
1636 5162 1849 5228 nequaqnam
1867 5142 1929 5204 01)-

285 5279 379 5356 patar
393 5277 426 5339 at
440 5291 499 5354 pro
514 5274 585 5335 nno
601 5275 698 5336 narn
716 5291 842 5345 aaran,
862 5292 923 5337 nos
940 5276 1079 5338 arrecto·
1134 5253 1240 5326 sistat,
1255 5252 1429 5330 quominus
1443 5249 1549 5329 passu
1558 5249 1593 5310 rn
1608 5247 1722 5310 aaran
1733 5245 1854 5308 ordine
1869 5257 1933 5347 ¹¹¹¹?

284 5391 359 5436 rum
373 5375 517 5435 filiorum
535 5371 694 5433 nobilium
715 5387 932 5448 personarum
947 5377 983 5435 B.
1000 5375 1012 5398 ·
1027 5389 1079 5436 00.
1132 5352 1288 5420 nistrare,
1302 5351 1335 5412 et
1349 5349 1389 5411 ad
1408 5348 1598 5427 superiores
1612 5347 1711 5409 etiam
1727 5354 1929 5423 promoven.

321 5567 361 5644 (i)
381 5567 527 5627 himnrdo.
642 5556 644 5560 ’
1169 5559 1210 5634 (a)
1229 5563 1342 5620 loanni.

320 5644 361 5718 (2)
382 5638 510 5698 liedulfo.
1170 5637 1203 5708 (·)
1224 5633 1365 5692 Blanchoe.
