4106 6328
284 399 303 456 7
744 389 926 454 'llohohll
949 391 992 454 ΙΙΙ
1014 393 1161 456 OPERA.
1181 425 1219 439 -
1235 391 1466 462 SERMONES.
1917 401 1936 466 8

288 553 407 624 Maria,
424 552 459 613 ut
473 553 545 629 ejus
556 550 622 612 vita
639 549 754 612 inolita
769 552 922 612 cunctam
936 551 1085 614 illustra-

287 651 374 712 verit
388 650 581 720 Ecclesiam,
599 651 632 710 et
646 651 718 726 ejus
737 649 857 723 religio
872 649 1083 710 immaculata

287 749 418 810 curretis
433 747 590 809 Ecclesiis
606 747 689 808 bene
713 748 846 810 vivendi
868 747 995 808 dederit
1010 748 1083 808 lor-

287 863 386 910 mam.
414 845 507 908 Unde
533 844 728 908 Ambrosins
750 863 797 906 :s
824 845 872 907 Sit
898 845 993 906 nobis
1016 847 1083 908 vita

287 944 1082 1022 Beataebdariaetamquaminimaginedescripta.

287 1045 372 1106 Hinc
399 1043 538 1105 sumatis
559 1043 711 1120 exempla
734 1041 887 1116 vivendi,
914 1041 970 1104 uhi
999 1044 1085 1104 tam-

287 1158 386 1221 quam
402 1143 438 1204 in
463 1142 648 1218 exemplari
674 1143 752 1203 sunt
770 1142 963 1218 magisteria
976 1141 1084 1219 probi·

286 1241 363 1303 tatis
379 1255 537 1317 expressa
550 1237 609 1318 (1).
626 1257 644 1300 s

327 1341 352 1399 0
382 1339 483 1416 stirps
513 1353 579 1400 non
617 1338 864 1413 degeneratrix,
889 1352 909 1399 ο
937 1352 1083 1414 propago

287 1436 395 1508 beata,
410 1451 429 1498 o
444 1437 560 1498 matris
575 1437 714 1513 puritas,
730 1452 748 1496 o
765 1437 834 1496 nati
846 1436 962 1511 pietas,
980 1436 1086 1496 ovir-

286 1551 337 1612 gae
366 1535 539 1607 rectitudo
564 1551 582 1595 ο
608 1535 700 1595 floris
729 1533 959 1612 pulchritudo!
982 1534 1083 1594 Beata

286 1634 388 1709 Virgo
402 1650 474 1710 quae
488 1633 587 1695 talem
603 1633 718 1695 dorem
740 1632 906 1708 produxit,
923 1630 1083 1691 benedic-

286 1733 340 1794 tus
356 1733 473 1792 venter
490 1733 567 1792 tuus
589 1734 621 1793 et
638 1731 831 1792 benedictus
857 1729 984 1790 fructus
1001 1745 1085 1790 ven-

287 1830 349 1891 tris
361 1830 430 1890 tuil
448 1829 537 1890 Talis
558 1829 608 1890 θεῖ
630 1845 720 1903 ergo,
737 1827 870 1899 iratres,
892 1827 988 1902 virga
1004 1843 1084 1888 nos-

286 1929 349 2000 tra,
371 1927 449 1988 talis
473 1927 523 1988 est
538 1927 640 1988 Beata
660 1926 761 2003 Virgo
786 1925 905 1998 Maria,
930 1923 1009 1986 talis
1033 1926 1084 1987 θεῖ

288 2025 383 2086 stella
403 2025 516 2097 maris,
539 2025 618 2086 talis
642 2025 741 2085 etiam
764 2023 860 2086 dehet
883 2039 957 2083 esse
971 2023 1083 2083 anima

287 2124 402 2185 nostra
416 2123 452 2183 ut
467 2122 572 2199 possit
593 2121 693 2183 etiam
709 2121 877 2184 Christum
894 2120 1080 2196 concipere,

209 2242 212 2250 ·
288 2221 455 2298 parturire
466 2222 498 2281 et
510 2235 638 2296 parere.
656 2219 806 2296 Concipit
818 2235 960 2295 namque
975 2217 1083 2278 tidelis

287 2318 398 2378 anima
412 2317 579 2378 Christum
593 2317 776 2393 perfidem,
801 2315 981 2378 seeundum
997 2315 1083 2392 quod

287 2413 438 2476 Christus
471 2415 592 2476 dicit:
623 2416 685 2480 Οῖιῖ
719 2415 841 2486 fecerit
872 2414 1083 2475 voluntatem

287 2515 489 2574 Putrlsmci
504 2513 627 2586 praeest
644 2516 679 2572 io
693 2516 786 2574 oculis
804 2515 877 2586 ipse
895 2527 993 2572 meus
1004 2513 1083 2585 sra-

289 2611 354 2682 tor,
375 2612 490 2671 neuter
513 2611 547 2671 et
572 2626 674 2670 soror
702 2611 752 2671 est
781 2607 1080 2688 (iiatth.x11,50).

288 2709 435 2769 Parturit
463 2721 523 2784 per
550 2707 776 2784 proximorum
806 2707 1080 2782 compassionem,

288 2806 468 2867 secundum
485 2804 570 2882 quod
591 2805 639 2865 ait
661 2804 863 2882 Apostolus:
888 2806 1083 2876 Qrctsialtr-

285 2905 405 2964 erratur
426 2904 458 2964 et
483 2918 544 2980 epo
567 2918 636 2963 nou
656 2904 853 2974 insternor...
878 2901 922 2981 (ll
942 2904 1014 2963 Cor.
1033 2917 1080 2974 ur,

284 3001 361 3080 asli
387 3000 480 3062 Parit
503 3016 583 3061 vero
612 3015 671 3077 per
697 2998 818 3060 honam
842 2999 1078 3076 operationem.

286 3099 380 3162 Unde
394 3099 428 3160 in
439 3098 619 3173 Evangelio
634 3101 710 3160 :Sic
723 3098 834 3159 luceat
847 3102 910 3159 lacco
924 3098 1079 3159 vestra...

327 3197 504 3278 Sciendum
519 3197 569 3258 est
591 3195 677 3272 quod
699 3194 849 3256 Christus
870 3195 1082 3269 liliusVirgi-

286 3295 339 3356 nis
352 3294 508 3356 similiter
520 3293 636 3355 habuit
649 3295 718 3355 tres
738 3293 850 3369 virgas
863 3292 904 3354 ad
920 3294 987 3354 tres
1001 3309 1080 3352 usus

285 3395 425 3456 innovo
446 3393 667 3454 Testamento.
692 3392 805 3452 Prima
835 3391 886 3452 θεῖ
914 3391 1082 3452 sustenta-

283 3491 395 3564 tionis,
413 3490 558 3553 seounda
576 3488 871 3568 peregrinationis
894 3489 994 3551 tertia
1016 3487 1079 3552 do-

284 3589 488 3651 minationis.
514 3588 624 3649 Prima
640 3588 690 3648 ost
704 3586 838 3660 radicis,
860 3586 1005 3648 secunda
1020 3603 1080 3650 ro-

284 3687 386 3759 boris,
401 3687 499 3749 tortia
513 3685 634 3748 crucis
647 3687 683 3746 In
697 3685 804 3761 prima
815 3683 932 3745 habuit
946 3700 1080 3747 caruem

283 3786 447 3861 Virginis3
460 3785 495 3845 in
506 3783 662 3855 secunda,
678 3783 889 3846 vivacitatem
904 3783 1079 3858 sermonis

282 3883 318 3943 iu
333 3883 443 3955 tertia,
461 3883 599 3943 calicem
622 3882 799 3957 passionis.
815 3883 852 3942 In
869 3881 976 3958 prima
990 3897 1080 3958 prae-

284 3979 390 4043 cinuit
415 3996 450 4040 se
475 3979 508 4039 et
529 3979 708 4053 calceavit3
732 3980 767 4037 in
788 3979 933 4038 secunda
954 3979 1079 4052 docuit3

284 4094 344 4156 per
358 4077 491 4138 tertiam
507 4075 672 4136 liberavit.
690 4077 726 4134 ln
743 4075 851 4152 prima
865 4074 1019 4136 inventus
1033 4077 1082 4135 est

288 4177 323 4238 ut
338 4191 414 4250 nos;
430 4175 464 4236 iu
480 4173 626 4234 secunda
641 4171 865 4233 deambulavit
879 4172 912 4233 et
924 4172 1035 4232 docuit
1046 4172 1081 4232 in

284 4273 400 4338 Judaea
427 4273 459 4335 et
485 4271 639 4346 Galilaea;
675 4271 710 4330 in
733 4270 833 4332 tertia
862 4269 985 4331 direxit
1008 4286 1079 4330 noe.

285 4373 398 4435 Prima
426 4371 530 4448 igitur
564 4371 615 4430 θεῖ
653 4355 901 4448 [liberationis],
937 4369 1081 4429 secunda

284 4469 534 4541 consolationis,
560 4468 660 4530 tertia
682 4466 884 4528 directionis
909 4469 954 4527 De
975 4468 1082 4543 prima

284 4569 365 4631 dicit
397 4568 527 4628 isaias:
564 4570 773 4628 (latroianus
806 4565 1014 4641 perceceperat
1049 4567 1081 4626 et

284 4667 451 4730 rccrdtobit
474 4667 665 4728 laetabundo
679 4664 711 4724 et
733 4666 878 4724 tatianos
894 4660 950 4741 (Is
974 4675 1080 4734 xxxv,

284 4767 329 4846 2).
342 4770 388 4828 De
401 4765 546 4827 secunda
558 4762 682 4824 David:
703 4765 807 4838 l'irpu
824 4762 882 4822 tren
896 4761 929 4821 ot
945 4764 1082 4822 bucrilus

285 4865 364 4925 trans
379 4861 702 4937 ipsorueoousolota
715 4859 797 4921 srvat
813 4857 950 4938 (Psalm.
967 4859 1018 4930 22,
1035 4862 1078 4932 4.)

284 4965 331 5024 Ι)θ
357 4961 455 5022 tertia
481 4961 593 5020 idem:
614 4963 717 5034 Virpa
743 4959 1081 5031 (illuminatarum

284 5064 385 5135 repet
399 5060 450 5120 tui
465 5056 566 5131 (Psal.
580 5060 629 5128 44,
644 5055 690 5134 7).

324 5161 418 5220 Isaac
446 5154 686 5232 interpretatur
716 5153 820 5224 risus,
853 5154 886 5215 et
916 5153 1082 5228 significat

283 5259 418 5320 Beatam
434 5254 586 5322 Mariam,
604 5252 657 5311 cni
673 5251 707 5310 in
725 5251 823 5327 partu
838 5251 898 5310 lilii
914 5254 986 5327 ejus
1004 5251 1081 5313 iecit

283 5357 371 5414 Deus
387 5352 502 5421 risum,
525 5364 599 5409 cum
618 5347 720 5408 saciat
737 5345 867 5406 caeteris
886 5346 1080 5408 mulieribus

283 5453 420 5513 lustum.
441 5448 502 5510 Vel
525 5447 597 5524 ipsa
622 5447 671 5507 est
695 5445 783 5506 risus
806 5443 1079 5521 supplicantibus,

284 5553 362 5611 dum
383 5549 430 5611 eis
451 5548 486 5608 in
508 5545 705 5608 necessitate
730 5543 960 5605 subministret
979 5543 1079 5604 auai-

321 5743 359 5818 (l)
382 5743 409 5802 S.
427 5741 521 5812 drnh„
547 5740 582 5798 de
595 5739 718 5814 virgin,
733 5735 780 5794 lib.
797 5738 823 5794 t.

1139 554 1235 632 lium;
1252 556 1306 618 vel
1321 555 1393 633 ipsa
1408 557 1459 617 est
1473 555 1565 616 risus
1581 555 1709 632 angelis
1727 559 1783 634 uui
1804 573 1936 638 semper

1139 651 1328 715 desiderant
1346 652 1453 729 ipsam
1474 653 1587 714 videre
1607 655 1640 715 et
1654 653 1759 715 tilium
1775 657 1864 732 ejus;
1881 657 1935 718 vel

1139 751 1211 827 ipsa
1227 753 1275 813 ost
1290 753 1388 822 risus,
1406 751 1484 827 quia
1504 751 1661 826 gaudium
1683 753 1799 814 matris
1818 751 1937 816 habuit
1977 805 1981 812 .

1138 866 1213 910 cum
1239 850 1440 925 virginitatis
1468 850 1609 924 honore3
1640 851 1718 928 qnia
1748 851 1844 928 virgo
1874 852 1938 914 init
2050 886 2051 932 r

1139 949 1214 1009 ante
1231 952 1360 1026 partum
1375 951 1456 1012 etin
1473 949 1570 1028 partu
1589 949 1621 1011 et
1641 949 1714 1026 post
1733 951 1881 1026 partum,
1904 953 1936 1012 θῖ

1138 1045 1294 1120 gandium
1310 1065 1465 1124 maguum
1481 1049 1559 1110 lecit
1580 1061 1655 1108 cum
1670 1047 1831 1124 angelicis
1847 1048 1937 1110 ooeti-

1138 1144 1199 1204 hus
1224 1145 1260 1208 in
1287 1147 1462 1208 nativitate
1488 1145 1548 1207 tilii
1580 1145 1646 1207 sui.
1674 1149 1795 1208 Factor
1820 1147 1937 1208 mundi
2050 1217 2051 1220 Ἴ

1139 1245 1235 1304 natus
1260 1245 1309 1305 est
1328 1245 1363 1304 in
1384 1245 1524 1319 mund03
1551 1245 1683 1306 creator
1706 1244 1780 1304 coeli
1803 1246 1937 1306 creatus
2050 1241 2051 1244 ’

1139 1343 1189 1402 θεῖ
1202 1342 1261 1402 sub
1276 1342 1375 1418 coelo;
1393 1343 1575 1419 plasmator
1587 1342 1731 1403 hominis
1745 1342 1843 1403 homo
1862 1359 1938 1403 θεεθ
2050 1363 2051 1392 1

1139 1440 1308 1514 dignatus;
1321 1439 1491 1517 iactusqni
1502 1439 1687 1510 faceretne
1702 1440 1825 1516 periret
1838 1456 1937 1518 quern

1138 1537 1279 1610 iecerat;
1298 1538 1394 1599 uatus
1417 1540 1538 1615 praeter
1557 1540 1709 1600 naturam
1730 1537 1786 1598 sed
1802 1540 1940 1614 propter

1139 1637 1301 1696 naturam.
1315 1635 1515 1712 Obsequium
1527 1635 1590 1696 tuit
1602 1635 1799 1711 gratiaenon
1814 1651 1934 1696 cursus

1138 1734 1322 1794 nativitatis
1338 1734 1490 1794 humanae
1503 1757 1511 1807 ;
1526 1733 1644 1805 virtus,
1662 1749 1728 1793 non
1745 1731 1847 1805 ratio;
1863 1732 1935 1808 sig-

1138 1847 1233 1904 num,
1255 1847 1321 1892 non
1340 1830 1560 1905 consuetud03
1583 1830 1743 1905 dignatio,
1767 1845 1834 1891 non
1853 1845 1939 1890 oon·

1138 1929 1234 2002 ditio;
1257 1929 1389 2005 pietatis
1418 1927 1673 1999 sacramentum,
1703 1943 1769 1988 non
1799 1926 1936 1989 deitatis

1138 2025 1388 2101 detrimentum
1419 2041 1484 2086 non
1509 2039 1693 2097 commune,
1721 2023 1779 2084 sed
1806 2024 1933 2098 solum3

1138 2140 1204 2186 non
1228 2123 1421 2192 humanum,
1442 2122 1499 2184 sed
1521 2122 1671 2184 divinum
1684 2143 1692 2197 ;
1705 2122 1740 2183 ut
1759 2121 1846 2183 sicut
1867 2120 1936 2180 hu-

1138 2222 1283 2284 miliatus
1299 2223 1349 2283 est
1363 2225 1450 2283 Deus
1466 2237 1525 2299 pro
1541 2222 1685 2293 homine,
1703 2220 1856 2282 dominus
1874 2235 1938 2298 pro

1138 2337 1244 2392 servo,
1269 2320 1399 2381 creator
1413 2335 1472 2396 pro
1488 2319 1652 2392 creatura,
1671 2318 1719 2380 ita
1740 2317 1939 2380 humilietur

1138 2418 1236 2479 homo
1254 2434 1314 2494 pro
1339 2420 1418 2488 Deo,
1442 2433 1559 2478 servus
1584 2433 1643 2494 pro
1665 2416 1811 2488 domino,
1834 2431 1936 2476 orea-

1136 2516 1211 2577 tura
1236 2531 1295 2591 pro
1319 2515 1479 2576 creatore.
1496 2515 1580 2574 Nam
1596 2514 1773 2590 antequam
1788 2511 1935 2574 Verbum
2050 2543 2051 2612 3

1138 2613 1231 2674 tieret
1250 2629 1339 2682 cara,
1361 2611 1476 2688 procul
1499 2611 1669 2672 habitabat
1690 2627 1710 2672 a
1734 2610 1842 2672 nohis.
1870 2611 1935 2671 Uhi
2050 2623 2051 2710 u

1136 2727 1216 2772 vero
1236 2708 1379 2772 Verbum
1397 2723 1474 2769 earo
1495 2708 1691 2780 factumest,
1711 2707 1873 2769 habitavit
1895 2707 1931 2768 in
2050 2771 2051 2784 χ

1136 2808 1231 2868 nobis
1247 2823 1312 2867 non
1329 2807 1434 2866 solum
1451 2823 1510 2883 per
1526 2807 1679 2882 gratiam,
1696 2821 1811 2866 verum
1832 2805 1934 2866 etiam

1136 2923 1195 2983 per
1209 2907 1373 2974 naturam,
1391 2904 1476 2964 sient
1494 2904 1574 2965 dioit
1592 2903 1723 2965 Baruch
1741 2923 1749 2964 ε
1771 2903 1867 2963 «Hic
1882 2903 1936 2964 θεῖ

1137 3007 1223 3065 Deus
1244 3003 1358 3063 noster
1379 3001 1437 3078 qui
1455 3000 1489 3061 in
1507 3001 1606 3062 terris
1624 3001 1715 3062 visus
1735 3001 1785 3063 est
1806 2999 1934 3061 etcum

1136 3100 1325 3162 hominihus
1351 3101 1566 3160 conservatus
1588 3098 1647 3170 est,
1674 3113 1711 3158 os
1736 3114 1778 3158 ex
1801 3097 1935 3158 ossibus

1136 3199 1259 3259 nostris
1270 3198 1302 3259 et
1313 3211 1392 3258 caro
1403 3197 1442 3256 de
1455 3197 1704 3256 carnenostra»
1713 3193 1870 3273 (Baruch
1881 3211 1931 3268 nr,

1135 3295 1199 3374 38).
1216 3295 1309 3357 Unde
1325 3295 1429 3354 isaias
1453 3315 1460 3353 ε
1482 3294 1748 3355 Ceraeruttoocm
1762 3295 1838 3364 ejus
1852 3295 1932 3366 cuis

1135 3390 1407 3470 enarrabittsss.
1438 3388 1576 3468 n111‚8).
1603 3393 1707 3462 Quam
1735 3389 1929 3465 generatio-

1136 3509 1211 3554 nem
1233 3507 1307 3553 cum
1329 3489 1453 3550 dixerit
1476 3487 1579 3548 isaias
1609 3503 1682 3548 asse
1710 3485 1927 3558 ineffabilem,

1136 3588 1299 3668 quomodo
1317 3587 1492 3648 Matthaeus
1508 3601 1581 3646 eam
1597 3583 1808 3663 praesumpsit
1822 3599 1933 3660 expo-

1136 3687 1236 3748 nerei

1177 3789 1284 3864 Super
1300 3785 1362 3845 hoo
1379 3783 1482 3860 igitur
1503 3781 1684 3844 notandum
1704 3780 1754 3842 est
1772 3779 1850 3857 quia
1869 3779 1937 3840 tri·
2049 3787 2050 3790 ’

1137 3886 1215 3960 plex
1233 3885 1283 3945 est
1300 3881 1471 3958 genoratio
1492 3881 1632 3954 Christi;
1654 3879 1704 3941 est
1723 3879 1811 3939 enim
1831 3891 1935 3952 gene·

1136 3981 1221 4042 ratio
1237 3980 1360 4050 divina,
1378 3978 1523 4039 carnalis
1541 3977 1573 4038 et
1593 3974 1776 4052 spiritualis
1796 3995 1803 4035 :
1826 3973 1933 4050 prima

1135 4076 1328 4148 ineffabilis,
1346 4075 1489 4136 secunda
1505 4073 1658 4144 visibilis,
1676 4073 1775 4133 tertia
1790 4087 1934 4146 concep·
2049 4117 2050 4142 2

1138 4175 1250 4236 tibilis.
1268 4173 1380 4234 Prima
1395 4172 1435 4232 de
1451 4173 1550 4232 Patre
1565 4171 1637 4230 sine
1652 4171 1769 4242 matre,
1787 4168 1933 4229 secunda

1137 4273 1177 4334 de
1203 4272 1308 4333 matre
1335 4271 1407 4331 sine
1436 4269 1545 4346 patre,
1575 4268 1675 4329 tertia
1699 4268 1740 4328 de
1766 4265 1933 4343 spirituali

1136 4371 1252 4432 matre.
1279 4371 1316 4430 ln
1340 4367 1446 4445 prima
1468 4367 1617 4427 nascitur
1643 4380 1788 4440 semper,
1813 4364 1849 4424 in
1874 4379 1932 4424 se-

1137 4469 1244 4531 cunda
1260 4467 1357 4528 natus
1375 4465 1425 4526 est
1444 4464 1556 4536 semel,
1579 4464 1613 4522 in
1632 4463 1731 4523 tertia
1753 4462 1934 4537 generatur

1137 4582 1235 4643 saepe.
1252 4568 1298 4626 De
1308 4564 1415 4641 prima
1429 4561 1508 4623 dicit
1523 4561 1627 4622 isaias
1642 4581 1648 4620 :
1667 4561 1934 4620 datorationem

1136 4667 1211 4737 ejzcs
1225 4666 1300 4736 picis
1315 4660 1513 4723 errorrubc't?
1530 4658 1625 4734 quasi
1643 4657 1730 4717 dicat
1747 4661 1869 4718 ursellus.
1887 4659 1934 4718 Da

1137 4761 1281 4822 secunda
1300 4759 1438 4834 angelus
1456 4779 1463 4816 ε
1482 4760 1569 4817 Eece
1584 4756 1750 4827 corzoiptcl
1765 4755 1799 4814 θῖ
1815 4755 1934 4828 portet

1135 4862 1254 4932 slliron.
1283 4861 1329 4917 De
1354 4855 1451 4916 tertia
1481 4855 1528 4914 ait
1549 4853 1739 4914 Dominus:
1766 4853 1931 4918 dacicum-

1135 4973 1199 5032 que
1214 4956 1336 5031 fecerit
1350 4953 1560 5015 volrarrtotem
1584 4952 1707 5011 Patris
1726 4951 1796 5009 utel
1814 4953 1873 5022 qui
1897 4952 1935 5009 iu

1135 5058 1227 5117 omlis
1249 5054 1310 5124 est,
1329 5055 1401 5124 ipso
1419 5065 1518 5112 moras
1540 5049 1665 5123 sarasar,
1687 5062 1790 5108 soror
1808 5047 1842 5107 et
1857 5061 1936 5107 mc-

1137 5155 1191 5216 ter
1214 5152 1275 5214 ost.
1302 5148 1452 5226 Oportuit
1475 5147 1578 5222 igitur
1601 5145 1637 5205 ut
1666 5143 1706 5205 de
1730 5143 1787 5205 illo
1810 5159 1934 5218 genere

1136 5265 1269 5313 carnem
1285 5246 1478 5317 assumeret,
1497 5243 1582 5320 quod
1597 5241 1704 5304 voluit
1721 5257 1779 5318 per
1799 5256 1934 5302 earnem

1136 5347 1338 5424 assumptam
1352 5359 1480 5406 curare.
1497 5342 1646 5402 Deillius
1661 5355 1791 5417 quoque
1807 5339 1935 5400 semine

1136 5447 1229 5508 nasci
1244 5443 1359 5514 voluit,
1381 5441 1434 5502 cui
1455 5439 1541 5499 iacta
1563 5437 1672 5498 inerat
1691 5437 1933 5512 repromissio:

1135 5545 1324 5607 Inseruisse
1344 5541 1401 5600 tiro
1417 5537 1659 5599 horrediceotur
1678 5549 1797 5595 utrarios
1815 5535 1935 5610 perdes

1137 5641 1347 5721 (Gen.,xx11‚
1365 5633 1428 5714 18).
1450 5635 1512 5694 Sed
1528 5634 1618 5693 dices
1636 5653 1643 5691 ε
1661 5633 1741 5692 Cum
1756 5630 1933 5706 promissio

1136 5742 1176 5801 de
1203 5734 1434 5799 incarnatione
1458 5731 1579 5794 Christi
1602 5730 1694 5807 prius
1721 5728 1809 5792 iacta
1833 5726 1935 5790 suerit
