3994 6326
49 365 98 425 cal
659 361 886 424 EPlSTOLAE.
911 365 988 424 LIB.
1013 365 1065 432 II.¹
1618 375 1678 438 658

48 520 151 601 positis
173 518 273 581 simul
301 519 334 583 et
355 519 457 582 semel
480 519 633 582 omnibus
659 522 833 600 exceptio-
924 523 1163 587 claustralibus
1176 525 1677 608 aufereturmateriaevagandi‚

49 619 133 680 nibus
147 616 322 688 dilatoriis,
336 633 437 693 super
447 617 628 694 praemissis
642 617 734 680 litem
750 635 831 680 con-
884 621 1026 698 nequod
1042 621 1138 694 absit,
1153 624 1253 700 pedes
1269 641 1359 698 suos,
1376 644 1457 704 quos
1470 643 1545 690 cnm
1556 645 1680 707 sponsa

47 715 195 780 testentur
217 730 292 775 curn
318 715 519 776 monasterio
549 714 619 792 ipso
649 717 830 779 monitione
884 719 1006 779 lavisse
1029 720 1218 794 creduntur,
1235 723 1410 800 inquinare
1430 728 1602 802 cogantur,
1619 729 1680 789 ab·

46 813 206 892 praemissa
223 827 473 888 percensuram
493 813 753 876 ecclesiasticam
770 831 831 892 ap-
885 817 1036 877 solvendi
1059 817 1237 881 canonicos
1258 822 1292 884 et
1309 838 1488 884 conversos
1510 827 1586 886 tuos
1610 827 1679 902 qni,

45 909 830 988 pellationepostpositacompellatis,baecdeinde
884 913 1017 976 diabolo
1038 916 1229 992 instigante,
1246 919 1283 978 in
1306 921 1391 981 alios
1415 923 1605 996 canonicos
1628 921 1680 984 vel

46 1007 207 1070 audientes
233 1023 306 1086 quae
326 1006 404 1068 binc
429 1007 506 1068 inde
528 1007 685 1070 duxerint
705 1025 829 1086 propo·
885 1027 1063 1074 conversos
1084 1013 1134 1074 tui
1156 1017 1349 1079 monasterii
1365 1034 1483 1082 manus
1504 1020 1682 1099 injecerint

45 1106 154 1177 nenda,
168 1103 244 1166 etin
260 1105 560 1182 causaipsausque
574 1105 615 1166 ad
627 1105 830 1168 definitivam
885 1109 1059 1182 violentas,
1075 1127 1137 1173 nec
1158 1127 1226 1174 non
1245 1129 1425 1190 congruam
1447 1117 1496 1177 eis
1517 1117 1683 1194 poeniten-

44 1203 232 1264 sententiam
254 1201 383 1264 sublato
405 1202 639 1280 appellationis
661 1203 830 1266 obstaculo
884 1205 964 1268 tiam
979 1209 1176 1285 inJ'ungendi
1189 1212 1386 1274 auctoritate
1396 1213 1458 1274 tibi
1468 1215 1682 1290 praesentium

43 1299 262 1378 procedentes
280 1300 398 1376 ipsam,
416 1300 444 1360 si
464 1301 574 1377 partes
590 1301 829 1373 consenserint,
885 1301 1053 1366 licentiam
1075 1305 1296 1384 indulgemus,
1317 1309 1384 1370 nisi
1405 1309 1489 1372 sorte
1512 1312 1559 1373 ita
1581 1311 1683 1373 inerit

42 1398 101 1458 fine
116 1396 223 1459 debito
237 1396 443 1482 terminetis3
458 1397 606 1474 alioquin
626 1398 775 1460 eamdem
788 1398 829 1460 ad
885 1403 997 1477 gravis
1017 1418 1184 1478 excessus,
1202 1405 1287 1483 quod
1311 1405 1501 1484 hujusmodi
1525 1423 1683 1470 manuum

42 1512 98 1557 nos
112 1494 288 1556 remittatis
303 1495 506 1558 sufficienter
518 1495 727 1567 instructam,
744 1511 832 1573 prae-
886 1499 1064 1574 injectores
1076 1490 1195 1564 merito
1206 1503 1273 1563 sint
1282 1502 1323 1564 ad
1334 1504 1451 1564 Sedem
1459 1504 1683 1581 apostolicam

42 1591 173 1669 figentes
201 1590 351 1668 partibus
374 1592 552 1654 terminum
579 1594 828 1670 competentem,
886 1595 1087 1659 destinandi.
1126 1599 1245 1661 Datum
1274 1601 1441 1675 Laterani,
1467 1601 1568 1664 tertio
1608 1601 1684 1662 idus

41 1705 99 1765 quo
114 1705 173 1765 per
187 1689 419 1766 procuratores
431 1689 568 1750 idoneos
583 1688 617 1751 et
630 1690 831 1752 sufficientes
886 1694 1010 1767 martii,
1022 1710 1111 1757 anno
1126 1697 1284 1759 secundo.

41 1786 248 1862 compareant
277 1801 389 1848 coram
417 1785 512 1847 nobis
541 1788 676 1864 Justnm
696 1787 831 1850 auctore

39 1885 188 1956 Domino,
226 1885 422 1946 senientiam
457 1887 656 1960 recepturae,
698 1885 830 1946 denun-
1214 1866 1353 1953 CLVII

39 1981 147 2042 tiando
167 1981 316 2059 praeietis
332 1979 510 2053 nobilibus,
534 1981 620 2059 quod
643 1983 671 2042 si
690 1982 832 2043 termino
940 2008 993 2068 Ad
1010 2003 1187 2068 decanum·
1199 2008 1233 2070 εἰ
1257 2010 1445 2084 capitulum
1464 2012 1638 2072 sich-men,

38 2079 107 2157 ipso
127 2093 187 2154 pro
210 2095 245 2139 se
268 2079 484 2141 sufficientem
504 2081 751 2157 procuratorem
772 2095 834 2140 ne-
1080 2108 1306 2169 Tormm
1324 2109 1492 2169 dmm&

37 2175 201 2254 glexerint
216 2176 393 2249 destinare,
411 2193 471 2238 nos
492 2176 709 2238 nihilominus
724 2178 759 2238 in
775 2193 834 2238 eo-
1175 2227 1209 2284 lt
1224 2235 1297 2285 mm
1321 2229 1390 2286 lilss

930 2341 1047 2404 [liegest.,
1057 2339 1102 2392 lib.
1114 2341 1145 2399 ss,
1158 2341 1230 2405 epist.
1244 2343 1298 2391 ilio.
1310 2344 1366 2394 lisa.
1378 2345 1413 2394 La
1426 2344 1500 2394 Porto
1514 2343 1652 2406 delicit]

38 2273 107 2334 dem
127 2273 273 2349 negotio,
288 2274 447 2350 quantum
468 2273 580 2350 exiget
596 2274 694 2343 ratio,
710 2289 832 2351 proce-

37 2369 158 2432 demus.
175 2370 268 2442 Quod
283 2369 312 2432 si
327 2370 411 2434 torte
424 2370 551 2432 nobiles
567 2370 631 2448 ipsi
646 2373 833 2448 contempta

38 2467 392 2531 excommunicationis
425 2469 588 2532 sententia
618 2484 679 2530 nec
710 2468 759 2530 510
790 2469 834 2528 ῃ,
936 2445 1148 2520 Deipraebenda
1160 2446 1332 2506 conterenda
1345 2449 1449 2507 clerico
1466 2451 1497 2508 n.
1508 2451 1637 2523 pauperi.

37 2565 97 2624 tem
117 2564 287 2627 voluerint
308 2565 498 2638 contestari,
524 2582 583 2627 vos
602 2566 637 2626 in
656 2565 833 2643 petitorum
929 2563 1106 2636 Honorius,
1132 2565 1207 2638 etc,
1238 2565 1367 2628 dilectis
1400 2565 1516 2628 filiis...
1557 2567 1685 2628 decano

35 2663 296 2739 possessionem,
321 2679 425 2724 causa
453 2665 502 2725 rei
531 2663 703 2726 servandae
724 2663 833 2740 ipsum
888 2662 921 2722 et
937 2661 1081 2740 capitulo
1110 2661 1295 2736 Siclinlen.,
1316 2664 1536 2726 Tornacensis
1558 2664 1685 2726 dioece-

34 2759 274 2820 monasterium
297 2759 479 2831 inducatis,
510 2761 542 2822 et
568 2761 633 2821 nisi
663 2758 834 2836 saepedicti
889 2759 946 2832 sis,
964 2761 1027 2821 etc.

34 2857 162 2917 nobiles
181 2857 425 2933 possessionem
439 2858 546 2934 ipsam
567 2857 714 2933 legitime
732 2873 834 2919 recu-
928 2857 1074 2918 Dilectus
1090 2857 1179 2918 tilius
1194 2859 1382 2934 Raynerius
1397 2874 1524 2937 pauper
1546 2859 1687 2921 clericus

35 2955 227 3030 peraverint
242 2955 328 3016 inira
346 2971 481 3028 annum,
503 2972 563 3018 vos
583 2957 714 3018 extunc
731 2955 835 3017 abba·
889 2954 1038 3016 exhibita
1063 2955 1159 3016 nobis
1184 2955 1343 3033 petitione
1364 2957 1571 3030 monstravit,
1600 2958 1687 3036 quod

34 3053 97 3112 tem
110 3054 145 3114 et
161 3053 285 3114 iratres
300 3053 405 3130 ipsius
420 3053 615 3114 monasterii
630 3069 672 3114 ex
689 3053 834 3115 secundo
890 3069 990 3130 quum
1014 3052 1134 3115 dilecto
1159 3053 1266 3115 illio...
1295 3054 1471 3131 praeposito
1500 3055 1611 3116 restro
1636 3053 1689 3114 di-

33 3149 166 3213 decreto
178 3150 388 3212 constituatis
397 3166 504 3223 verce,
517 3150 739 3228 appellatione
750 3149 835 3226 post·
889 3150 1074 3212 rexerimus
1094 3151 1218 3227 scripta
1240 3152 1364 3224 nostra,
1382 3152 1418 3212 ut
1440 3151 1473 3211 ei
1497 3150 1688 3228 provideret

37 3249 160 3324 posita,
183 3263 404 3324 possessores,
431 3249 561 3310 etiamsi
591 3248 834 3325 possessionem
889 3247 924 3308 in
939 3247 1100 3310 beneflcio
1112 3248 1316 3326 praebendali
1331 3249 1449 3326 primo,
1466 3247 1530 3309 sibi
1542 3248 1689 3310 monito-

32 3344 138 3420 ipsam
155 3344 267 3407 medio
286 3347 434 3422 tempore
454 3344 652 3421 impediente
674 3344 834 3406 nobilium
889 3345 993 3418 ribus,
1010 3361 1049 3408 ac
1071 3346 1278 3423 postmodum
1295 3347 1424 3409 dilectis
1434 3345 1550 3407 liliis..
1565 3345 1686 3408 abbate

34 3441 271 3519 praedictorum
287 3443 433 3521 potentia
449 3443 659 3520 nequiverint
680 3442 832 3519 adipisci,
891 3444 1004 3505 Sancti
1015 3443 1153 3506 Auberti
1167 3445 1201 3505 et
1216 3445 1384 3521 magistris
1403 3447 1437 3506 G.
1465 3445 1498 3520 et
1520 3445 1552 3504 S.
1579 3460 1684 3505 cano·
1740 3499 1741 3504 ,

31 3541 168 3602 eosdem
192 3539 321 3601 nobiles
343 3540 475 3602 interim
498 3540 538 3602 ab
566 3540 671 3617 ipsius
697 3555 835 3602 monas-

32 3637 106 3698 terii
134 3636 371 3699 molestatione
399 3636 546 3698 indebita
574 3652 834 3714 percensuram

32 3733 300 3797 ecclesiasticam
314 3733 536 3811 appellatione
550 3735 731 3812 postposita
744 3749 836 3794 corn-

30 3837 220 3908 pescentes.
241 3832 356 3892 Testes
377 3832 487 3893 autem
505 3832 561 3908 qui
580 3831 704 3893 tuerint
728 3832 837 3891 nomi-

30 3929 112 4002 nati,
130 3930 163 3990 si
182 3945 221 3990 se
242 3928 361 4005 gratia,
375 3929 450 3990 odio
464 3928 518 3989 vel
531 3929 651 3990 timore
666 3929 837 3990 subtraxe

28 4027 105 4098 rint,
130 4042 281 4088 censura
306 4026 419 4099 simili,
440 4026 662 4104 appellatione
685 4027 836 4088 cessante

29 4125 163 4200 cogatis
200 4123 351 4186 veritatis
383 4124 608 4186 testimonium
645 4123 833 4200 perbibere,

29 4222 135 4282 nullis
168 4221 294 4284 litteris
323 4221 545 4292 obstantibus,
576 4221 696 4282 berum
721 4222 837 4283 tenore

27 4319 144 4391 tacite,
170 4334 194 4380 a
210 4317 296 4380 Sede
311 4319 506 4395 Apostolica
520 4318 717 4396 impetratis
744 4319 836 4390 Quod

27 4415 143 4478 sinon
161 4431 292 4488 omnes,
311 4416 387 4487 etc,
408 4417 443 4476 tu
460 4414 565 4480 irater
589 4415 742 4492 episcope
762 4431 836 4477 cum

25 4528 144 4574 eorum
171 4513 281 4574 altero
299 4527 338 4573 ea
352 4511 570 4574 nibilominus
594 4513 835 4589 exsequamini.

63 4613 194 4673 Datum
215 4608 374 4670 Laterani
394 4611 470 4670 v111
494 4609 569 4670 idus
589 4610 700 4673 martii
723 4611 836 4686 ponti-

25 4707 148 4770 ficatus
166 4707 277 4769 nostri
293 4721 380 4768 anno
391 4706 547 4768 secundo.

379 4883 497 4969 CLVI
586 4868 589 4876 ’

21 5029 73 5088 Ad
85 5027 256 5088 abbatem
273 5027 309 5086 S.
320 5027 465 5086 Joanrats
480 5027 516 5085 br
534 5027 648 5086 Vincis
661 5026 836 5087 secession.

322 5147 355 5204 ia
372 5152 454 5202 mart.
472 5146 551 5204 lala.
570 5203 573 5210 ,

51 5265 186 5328 [Regest.,
201 5260 247 5312 lib.
263 5260 293 5319 ll,
305 5259 379 5325 epist.
389 5259 444 5310 ata.
455 5262 513 5311 llss.
527 5261 563 5311 Lo
574 5261 650 5310 Porta
664 5258 698 5310 du
711 5261 805 5325 risit]

54 5381 247 5437 Potestntem
263 5373 394 5432 coneedit
405 5389 473 5432 suos
491 5373 619 5433 subditos
636 5373 802 5434 absolvendi

145 5465 263 5535 absque
278 5477 394 5520 recursu
408 5460 444 5520 ad
456 5463 589 5520 Sanctam
606 5462 718 5521 sedem.

885 3541 975 3602 nicis
994 3542 1206 3602 cameracen.
1230 3541 1481 3603 executionibus
1505 3541 1683 3618 deputatis,

889 3638 990 3699 iidem
999 3640 1194 3700 executores
1204 3639 1274 3700 suis
1285 3637 1378 3699 vobis
1389 3637 1550 3700 dederunt
1566 3638 1686 3700 litteris

890 3735 924 3795 in
938 3735 1113 3806 mandatis,
1126 3735 1162 3796 ut
1176 3735 1299 3796 dictum
1315 3735 1527 3811 praepositum
1542 3735 1583 3795 ad
1599 3751 1685 3796 exe-

891 3833 1056 3894 cutionem
1071 3832 1217 3893 mandati
1229 3832 1410 3908 Apostolici
1421 3829 1602 3894 efficaciter
1613 3848 1686 3893 mo-

891 3929 1026 4001 neretis,
1052 3929 1199 4006 alioquin
1223 3929 1371 3991 citaretis
1401 3928 1563 4000 eumdem,
1591 3931 1627 3991 ut
1652 3946 1688 3990 se

891 4041 1004 4087 coram
1019 4025 1068 4088 eis
1083 4028 1174 4088 certo
1189 4027 1332 4088 termino
1346 4027 1574 4104 praesentaret‚
1587 4027 1690 4089 dictu-

891 4139 948 4184 rus
961 4139 1064 4201 quare
1073 4124 1263 4185 mandatum
1276 4123 1501 4201 Apostolicum
1513 4141 1578 4185 non
1589 4123 1639 4186 del
1653 4140 1690 4185 e-

891 4222 942 4282 ret
953 4221 1062 4282 iacere
1072 4222 1124 4282 vel
1136 4238 1202 4282 non
1213 4223 1336 4298 posset.
1346 4222 1440 4283 vobis
1453 4221 1594 4284 firmiter
1605 4223 1691 4283 inlli-

892 4317 1018 4389 bentes,
1035 4335 1077 4379 ne
1092 4318 1133 4379 ad
1150 4318 1372 4396 praebendam,
1390 4336 1463 4397 quae
1485 4319 1520 4380 in
1545 4320 1686 4380 ecclesia

892 4416 1004 4476 restra
1026 4415 1104 4476 tunc
1129 4415 1281 4490 vacabat,
1305 4416 1449 4494 aliquem
1473 4416 1508 4476 in
1535 4417 1687 4478 delusio-

892 4527 968 4573 nem
982 4513 1130 4574 mandaii
1142 4512 1323 4591 Apostolici
1336 4513 1484 4589 recipere
1498 4512 1685 4586 tentaretis,

892 4609 998 4671 donec
1012 4609 1131 4672 fuisset
1144 4610 1242 4687 juxta
1258 4608 1449 4670 mandatum
1464 4609 1689 4686 apostolicum

893 4707 1016 4768 clerico
1035 4707 1216 4768 memorato
1242 4706 1423 4784 provisum,
1443 4704 1594 4767 eumdem
1609 4723 1691 4784 prae·

893 4805 1036 4881 positum
1046 4819 1066 4864 a
1076 4803 1253 4866 collatione
1265 4803 1372 4879 ipsius
1380 4803 1576 4865 auctoritate
1584 4808 1692 4882 Apos-

892 4902 993 4962 tolica
1016 4901 1266 4978 suspendentes.
1289 4903 1412 4962 Verum
1438 4900 1575 4978 praefato
1603 4918 1692 4979 prm-

893 4999 999 5076 posito
1014 5000 1093 5061 tunc
1105 4999 1263 5075 temporis
1275 4999 1310 5059 in
1326 4998 1445 5076 Anglia
1461 4999 1634 5072 existente,
1651 5016 1691 5061 ac

894 5097 1108 5175 procuratore
1123 5095 1228 5172 ipsius
1239 5096 1372 5157 nemine
1392 5099 1613 5173 comparente,
1631 5114 1690 5159 ros

894 5194 1085 5257 citationem
1112 5194 1226 5255 contra
1246 5194 1460 5271 praepositum
1487 5195 1690 5256 remansisse

893 5292 928 5352 in
943 5292 1044 5353 cboro
1064 5291 1214 5354 ecclesiae
1235 5291 1431 5364 nunciastis,
1453 5293 1579 5352 certum
1603 5291 1690 5352 diem

894 5405 958 5466 quo
973 5405 1009 5450 se
1023 5389 1317 5466 idempraepositus
1327 5389 1546 5466 praesentaret
1560 5387 1690 5464 publice

894 5485 1083 5563 praefigatis.
1091 5485 1232 5547 Addiem
1240 5501 1319 5546 vero
1325 5486 1482 5546 statutum
1489 5485 1692 5561 quidamcle-

59 5589 256 5660 Honorius,
269 5589 475 5661 etc.,dilect0
487 5588 591 5662 illio..,
602 5588 711 5652 abbati
726 5591 837 5653 Sancti
894 5584 983 5644 ricus
993 5582 1158 5660 praepositi
1174 5581 1298 5658 absque
1311 5581 1430 5643 litteris
1443 5581 1483 5642 de
1494 5583 1567 5643 rato
1578 5597 1690 5642 coram
1721 5619 1723 5624 -

18 5688 202 5754 lobannis
225 5686 259 5748 in
275 5687 389 5749 Vincis
405 5686 618 5749 suessionen.

894 5679 1127 5742 executoribus
1148 5679 1296 5757 praelatis
1311 5679 1506 5755 comparuit,
1528 5679 1568 5740 ad
1596 5682 1690 5758 cujus
