3984 6306
253 352 316 414 295
712 349 889 412 HONORII
911 349 957 410 111
978 347 1127 416 OPERA.
1141 375 1182 392 -
1197 345 1435 422 SERMONES.
1836 351 1884 414 sii

256 511 383 589 gritati.
412 514 501 574 Bene
528 526 607 588 ergo
625 509 837 574 dictumest:
854 511 1049 574 Siuttumbi
1104 507 1282 588 simplices,
1310 509 1500 586 superiores
1525 507 1557 572 et
1585 506 1773 570 interiores.
1807 509 1887 572 Unde

256 611 367 672 uestri
379 611 567 686 praecincti.
1101 607 1162 670 tob
1177 627 1184 667 ε
1207 611 1329 668 Viuuru
1341 607 1375 668 et
1384 611 1548 669 inuitares
1554 607 1755 682 apostatare
1766 609 1888 682 factust

295 709 440 770 Primum
456 708 662 781 cinctorium,
674 707 770 781 idest,
784 706 943 768 memoria
958 721 1049 767 mor-
1101 707 1273 780 sopicutes
1286 703 1401 785 (Eccli.
1415 703 1543 783 xin,2).
1560 707 1645 781 Ergo
1655 705 1889 768 sivolumusre·

254 806 298 868 tis
312 805 417 868 tribus
439 805 612 868 manifeste
633 806 724 883 patet
749 805 893 878 indiciis,
921 804 1046 877 dolore,
1101 801 1234 865 frenare
1242 803 1543 882 concupiscentiam
1558 803 1682 876 carnis,
1694 805 1887 881 accipiamus

254 904 380 982 pallore
404 905 437 966 et
463 905 608 981 torpore.
634 904 753 965 Dolore
773 902 881 964 cordis
902 901 1045 979 turgido,
1100 916 1217 963 zonam
1232 901 1405 978 pelliceam
1427 901 1600 962 delumbis
1613 901 1766 962 Joaunis.
1783 901 1887 963 Tolla-

254 1001 380 1080 pallore
389 1002 501 1064 vultus
509 1000 667 1074 marcido,
682 1001 812 1079 torpore
825 1000 1046 1062 membrorum
1101 1015 1173 1060 mus
1188 999 1357 1076 cingulum
1369 999 1531 1062 castitatis
1546 999 1587 1061 de
1610 998 1746 1060 renibus
1762 1000 1887 1077 ioseph,

252 1101 372 1178 rigido.
389 1100 469 1172 Quis
490 1101 577 1160 enim
601 1099 721 1177 poterit
746 1116 812 1161 non
836 1099 959 1170 dolere,
980 1114 1046 1160 non
1101 1096 1549 1175 peplumpudicitiaedeiacie
1560 1099 1732 1174 Susannae3
1743 1096 1890 1159 tollamus

252 1198 390 1276 pallere,
408 1213 474 1258 non
486 1197 845 1275 rigere,dumpertecte
860 1197 1046 1258 meminerit
1100 1195 1334 1257 abstinentiam
1361 1195 1402 1257 de
1426 1211 1484 1257 ore
1517 1195 1654 1272 Moysis,
1670 1195 1839 1273 jejunium
1856 1195 1889 1257 de

251 1295 368 1356 mortis
383 1296 573 1372 corporeae?
588 1295 681 1356 Unde
696 1296 796 1356 Pater
807 1294 855 1356 ait
871 1311 877 1354 :
894 1297 962 1356 Fili
984 1296 1044 1366 mi,
1100 1294 1232 1367 gutture
1245 1293 1362 1366 Heliae,
1380 1293 1525 1354 esuriem
1545 1293 1585 1354 de
1607 1293 1738 1370 jejunio
1763 1293 1888 1365 Christi,

251 1407 450 1455 mancepare
465 1397 654 1455 uoousimc
673 1395 733 1454 iiia
753 1395 788 1455 et
805 1409 874 1455 uou
892 1395 1047 1466 peccabis
1101 1391 1133 1450 et
1147 1391 1331 1454 statuamus
1355 1392 1497 1453 cultrum
1513 1391 1548 1452 iu
1563 1393 1697 1468 gutture
1721 1392 1890 1464 nostrast

251 1493 290 1552 iu
316 1493 488 1553 aeteruum
523 1489 623 1570 (Eccl.
652 1506 710 1564 vu,
738 1489 803 1570 40).
833 1493 914 1552 Item
938 1507 946 1550 :
969 1489 1046 1551 siut
1101 1487 1149 1549 sic
1180 1489 1412 1566 succingamus
1441 1488 1570 1550 lumbos
1594 1491 1737 1562 nostros,
1767 1490 1803 1552 ut
1833 1489 1891 1551 sint

251 1591 356 1650 lumbi
368 1589 477 1650 vestii
486 1590 666 1664 procmuctt
678 1591 711 1650 et
724 1589 1046 1652 iuceruoeardeutes
1100 1585 1203 1648 lumbi
1218 1589 1324 1650 nostri
1341 1587 1522 1664 praecincti,
1540 1588 1572 1649 et
1591 1587 1751 1649 esurienti
1777 1588 1889 1648 anima

250 1688 289 1746 tn
302 1689 459 1747 manibus
480 1688 607 1748 cestris
621 1684 714 1765 (Luc.
730 1702 790 1760 xu,
809 1685 874 1766 35).
892 1685 976 1760 Quid
996 1685 1046 1746 est
1099 1685 1198 1746 etiarn
1214 1701 1328 1747 amara
1341 1685 1452 1746 dulcia
1466 1685 1653 1748 videantur.

251 1783 339 1844 enim
355 1783 1044 1863 praecingerelumbos,etquidestportare
1139 1783 1260 1846 Contra
1281 1784 1583 1860 concupiscentiam
1611 1783 1782 1844 oculorum
1801 1781 1889 1844 acci-

250 1880 405 1943 lucernas
441 1881 595 1944 ardentes
629 1883 665 1944 iu
698 1883 851 1944 manibus
886 1883 1046 1945 nostris?
1099 1881 1229 1958 piamus
1245 1882 1452 1944 semicinctia
1469 1881 1636 1954 ieremias,
1652 1881 1736 1957 pilos
1751 1882 1892 1943 carnelo-

250 1980 461 2056 Praecingsrc
472 1979 600 2041 lumbos
611 1981 660 2043 est
672 1979 853 2042 rehaenare
864 1980 1042 2054 luxuriam,
1099 1995 1184 2053 rum,
1201 1979 1321 2057 quibus
1335 1980 1470 2041 indutus
1486 1981 1559 2041 erat
1576 1981 1735 2052 ioannes,
1753 1980 1887 2041 nudita-

249 2077 282 2139 et
296 2078 404 2137 motus
420 2078 604 2138 carnalium
631 2078 873 2140 desideriorum
892 2079 948 2157 qui
968 2079 1045 2140 sunt
1098 2078 1164 2139 tem
1186 2078 1428 2154 Apostolorum,
1454 2077 1511 2154 qui
1537 2075 1616 2137 nudi
1642 2076 1767 2138 nudum
1789 2075 1888 2138 secuti

249 2174 284 2234 in
301 2173 422 2236 lumbis
435 2175 618 2248 hominum,
636 2175 780 2238 toeminis
796 2177 907 2238 autem
922 2176 956 2236 in
971 2193 1045 2236 um·
1099 2175 1176 2236 sunt
1204 2175 1383 2248 Christum,
1416 2174 1657 2252 aporiationem
1691 2190 1807 2236 eorum
1838 2173 1889 2252 qni

247 2269 360 2334 bilico.
375 2273 851 2351 Undetestaturhominusqui
864 2273 1043 2334 adbeatnm
1099 2273 1337 2338 circumierunt
1361 2272 1394 2333 in
1419 2272 1550 2334 melotis
1567 2273 1599 2334 et
1623 2273 1658 2333 in
1677 2271 1819 2349 pellibus
1833 2289 1889 2333 ca-

246 2369 309 2432 Job
336 2370 483 2448 loquitur
516 2371 556 2432 de
587 2371 741 2434 diabolo:
765 2373 881 2433 Virtus
907 2375 982 2445 ejus
1007 2376 1043 2432 iu
1098 2370 1216 2447 prinis,
1244 2371 1466 2448 contemptum
1490 2370 1590 2432 etiam
1618 2369 1716 2432 Pauli
1742 2371 1800 2448 qni
1824 2371 1889 2433 ait:

246 2469 369 2529 tumbis
389 2471 475 2542 ejus,
492 2469 527 2530 et
540 2470 707 2542 sortiticdo
728 2473 818 2531 titides
837 2473 873 2531 iu
887 2472 1043 2532 umbilico
1097 2472 1182 2531 Hcec
1189 2473 1306 2531 omnic
1315 2469 1507 2531 arbitratus
1520 2485 1599 2530 sum
1611 2469 1789 2544 tamquam
1802 2470 1891 2530 ster-

246 2565 382 2626 vcutiis
408 2569 484 2638 ejus
508 2562 595 2644 (Job.
610 2583 665 2639 xn,
684 2565 747 2647 11).
772 2567 857 2639 Quia
878 2567 964 2630 sicut
984 2582 1044 2644 per
1097 2583 1180 2629 cora
1207 2565 1345 2647 (Philip.
1370 2583 1419 2641 111,
1443 2566 1487 2646 8).
1512 2561 1677 2628 stacteus
1697 2566 1784 2644 quod
1803 2567 1892 2628 tran-

247 2678 365 2723 zonam
394 2662 447 2724 vel
476 2679 538 2741 per
562 2664 758 2727 cinctorium
785 2666 1043 2741 constringimus
1098 2665 1195 2727 scunt
1224 2665 1297 2726 haec
1322 2666 1434 2727 omnia
1453 2665 1544 2726 velut
1563 2664 1690 2736 umbra,
1711 2664 1760 2725 sic
1784 2665 1890 2725 omnia

247 2775 381 2820 carnem
409 2761 558 2837 corporis
583 2762 699 2834 nostri,
723 2763 769 2824 ita
789 2778 848 2840 per
868 2764 1044 2824 continen-
1098 2778 1159 2824 sna
1174 2763 1318 2825 dimittat
1345 2780 1405 2840 pro
1425 2762 1567 2836 Christe,
1589 2762 1889 2839 uthiccentuplnm

247 2857 328 2918 tiam
341 2857 453 2918 carnis
481 2857 719 2920 mortificamus
735 2860 817 2922 vitia
835 2862 870 2922 et
882 2859 1044 2921 retraens-
1098 2861 1251 2938 accipiat,
1268 2863 1301 2924 et
1315 2863 1500 2939 postvitam
1516 2861 1675 2924 aeternam
1689 2861 1801 2923 valeat
1814 2878 1888 2938 pos-

246 2955 511 3044 musluxnriam.
527 2956 620 3018 Unde
634 2957 1043 3035 Apostolumouionrusu
1098 2959 1218 3022 sidere.
1258 2961 1378 3021 Contra
1411 2959 1599 3037 superbiam
1640 2960 1717 3021 vitae
1753 2959 1890 3036 accipiat

246 3053 339 3124 sicut,
357 3068 500 3115 caruem
514 3055 767 3126 prompserunt
794 3069 873 3118 cum
888 3055 985 3118 cittis
1009 3055 1043 3117 et
1098 3057 1293 3119 descensum
1309 3059 1413 3120 David
1432 3058 1474 3119 de
1490 3057 1610 3119 throno
1627 3057 1744 3133 regali,
1760 3057 1886 3134 quando

246 3152 530 3226 concupiscentits
558 3148 680 3230 (Galat.
709 3169 745 3225 v,
773 3151 838 3233 24).
876 3156 917 3216 st
956 3153 1043 3215 idem
1098 3157 1658 3233 coramomnibnspeccatumsunm
1672 3154 1889 3226 nonerubuit,

236 3248 424 3325 apostolus
442 3251 671 3322 :Mortificate
684 3265 828 3338 paruam
849 3253 1040 3314 oestrum...
1098 3253 1193 3316 tollat
1211 3253 1350 3316 linteum
1377 3269 1441 3331 qno
1469 3253 1620 3315 Christus
1645 3253 1824 3330 praecinxit
1846 3269 1889 3324 se,

286 3345 344 3407 Est
366 3346 476 3408 autem
499 3346 633 3409 luxuria
662 3347 697 3408 in
725 3347 838 3410 multis
864 3349 963 3410 rebus
984 3351 1042 3411 :in
1098 3351 1230 3428 quando
1250 3352 1330 3414 lavit
1360 3352 1462 3429 pedes
1485 3350 1722 3428 discipulorum
1748 3367 1888 3422 suorum,

246 3443 351 3504 nimia
377 3446 579 3507 comestione
596 3446 629 3507 et
654 3445 825 3520 ebrietate,
853 3446 889 3507 in
908 3447 1042 3509 luxuria
1097 3447 1314 3525 abjectionem
1338 3448 1436 3509 Pauli
1454 3447 1510 3526 qui
1523 3447 1571 3509 ait
1585 3469 1593 3506 ε
1609 3451 1682 3524 Epo
1693 3463 1773 3509 sum
1787 3449 1889 3508 mini-

248 3543 337 3606 etin
365 3544 633 3620 concupiscentia
660 3544 770 3622 carnis
793 3545 827 3607 et
859 3545 1040 3620 oculorum,
1096 3561 1175 3607 mus
1200 3547 1452 3621 Apostouiruiu,
1476 3560 1538 3607 uec
1551 3559 1629 3607 uim
1644 3547 1769 3621 dipuus
1779 3545 1890 3606 uocari

246 3641 401 3719 superbia
431 3642 521 3711 vitae,
544 3642 576 3704 et
603 3642 638 3704 in
663 3643 793 3704 caeteris
822 3643 1042 3722 superfluita—
1096 3643 1276 3718 Apostolus
1297 3642 1327 3722 (1
1339 3645 1413 3705 Cor.
1430 3660 1484 3716 xv,
1501 3643 1547 3722 9),
1570 3643 1701 3704 discens
1717 3657 1736 3703 a
1750 3642 1887 3711 Christo,

245 3740 345 3803 tibus.
365 3742 412 3802 De
445 3740 674 3819 superfluitate
694 3742 806 3804 nimia
830 3745 1042 3807 comestionis
1097 3744 1178 3816 puta
1191 3741 1330 3803 mitiset
1344 3741 1723 3813 iiiuuitiscordc,sciens
1736 3740 1823 3817 quod
1837 3738 1887 3816 qni

247 3839 280 3900 et
295 3837 465 3901 ebrietatis
481 3839 561 3902 dicit
574 3839 692 3902 beatus
707 3841 887 3918 Gregorius
904 3863 912 3902 s
928 3860 947 3903 a
962 3845 1042 3904 Cum
1098 3855 1134 3900 se
1149 3839 1276 3902 exalat
1298 3839 1539 3912 humiliabitur,
1556 3840 1589 3900 et
1601 3838 1658 3915 qui
1680 3853 1716 3898 se
1741 3837 1888 3898 humiliat

247 3951 367 4013 corpus
387 3935 421 3996 in
441 3935 631 3999 relectionis
655 3937 875 4001 delectatione
896 3941 1041 4003 resolvi·
1097 3937 1311 4010 exaltabitur,
1331 3953 1370 3998 eo
1386 3937 1471 4015 quod
1487 3935 1640 4014 superbis
1654 3937 1742 3997 Deus
1757 3933 1886 4005 resistit,

247 4035 314 4103 tur,
335 4049 413 4094 caro
439 4033 505 4096 cito
532 4034 573 4095 ad
606 4035 778 4098 libidinem
803 4037 1043 4100 eilhsenatur.»
1097 4035 1279 4096 humilibus
1304 4038 1415 4097 autem
1436 4035 1493 4096 dat
1519 4034 1674 4111 gratiam.
1705 4033 1780 4095 Sint
1793 4031 1887 4094 lumbi

248 4230 317 4291 lum
330 4230 473 4290 mentem
489 4229 668 4303 effeminat,
686 4231 743 4291 sed
756 4247 876 4310 corpus
893 4235 1041 4308 enervat,
1098 4230 1360 4293 nostrimembra
1375 4231 1591 4308 praecingere,
1605 4229 1762 4292 videlicet
1776 4243 1887 4306 corpus

249 4328 437 4390 nonsolum
451 4327 597 4390 maculat
611 4329 769 4403 animam,
786 4331 843 4392 sed
859 4331 960 4394 foedat
973 4350 1044 4410 per·
1098 4331 1131 4390 et
1158 4344 1233 4398 cor,
1262 4328 1391 4390 lumbos
1417 4329 1457 4389 de
1483 4343 1566 4390 zona
1586 4327 1738 4404 pellicea,
1768 4343 1826 4389 cor
1851 4325 1886 4386 de

250 4443 366 4489 sonam
386 4425 567 4488 secundnm
582 4428 777 4505 Apostolum
793 4445 801 4490 :
819 4433 924 4493 Omue
938 4447 1043 4495 uuiu-
1098 4443 1181 4502 zona
1194 4443 1308 4488 aurea.
1325 4430 1414 4489 Zona
1429 4427 1569 4512 pellicea
1582 4425 1619 4488 fit
1632 4441 1676 4486 ex
1689 4425 1791 4487 coriis
1806 4439 1888 4486 mon-

250 4541 315 4601 que
335 4527 516 4602 peccatum
533 4529 765 4600 quodcumque
788 4531 910 4602 fecerit
931 4535 1042 4606 bomo,
1098 4527 1229 4588 tuorum
1243 4525 1450 4598 animalium,
1467 4525 1499 4587 et
1513 4524 1588 4586 ideo
1610 4524 1769 4600 designat
1784 4521 1887 4585 conti-

249 4624 355 4686 eutru
369 4637 494 4699 corpus
505 4625 624 4700 pecccu
644 4639 748 4687 suum
762 4626 824 4686 cst.
842 4629 906 4693 Qui
928 4630 1046 4690 cutem
1100 4625 1246 4686 nentiam
1261 4624 1384 4696 carnis,
1399 4624 1478 4702 quia
1505 4621 1788 4686 mortificatvitia.
1806 4623 1888 4682 Zona

132 4727 135 4733 '
249 4723 445 4798 fornicatur
460 4725 497 4784 tu
513 4737 639 4799 corpus
653 4724 773 4799 peccat
786 4721 815 4802 (Ι
826 4725 899 4785 Cor.
916 4741 961 4799 vr,
980 4725 1043 4807 18).
1100 4738 1202 4784 aurea
1214 4722 1383 4799 significat
1396 4721 1592 4784 munditiam
1612 4719 1734 4783 cordis.
1754 4719 1837 4791 Quia
1849 4717 1891 4778 si-

251 4823 389 4898 Semper
413 4821 506 4881 illam
540 4821 733 4897 praecedunt
761 4822 862 4883 ardor
890 4823 923 4886 et
950 4825 1047 4902 petu-
1101 4822 1156 4883 cut
1166 4836 1284 4882 aurum
1300 4821 1350 4882 est
1359 4820 1493 4882 charius
1506 4821 1540 4882 et
1549 4817 1728 4897 pretiosius
1744 4815 1888 4879 omnibns

151 4995 153 5001 ,
249 4917 366 4990 tantia,
383 4931 513 4996 semper
529 4919 729 4982 comitantur
743 4919 839 4981 toetor
853 4921 1045 4984 etimmun-
1101 4919 1254 4992 metallis,
1270 4919 1318 4982 ita
1332 4919 1494 4981 munditia
1509 4916 1680 4980 cordisest
1694 4915 1888 4978 meliorom-

250 5015 342 5076 ditia.
357 5015 451 5077 Unde
463 5015 547 5077 Job=
568 5017 686 5079 Virtus
701 5019 775 5090 cius
789 5021 958 5082 tutumbis
972 5024 1047 5094 ejus
1101 5017 1198 5080 nibus
1206 5018 1314 5080 bonis.

250 5114 285 5176 et
296 5101 461 5188 fortitudo
476 5115 566 5176 titius
584 5117 622 5176 iu
634 5117 790 5178 inmedico
806 5118 941 5180 centris
960 5123 1045 5192 ejus.
1141 5119 1207 5180 Iste
1219 5117 1360 5180 Sanctus
1374 5119 1468 5195 cujus
1484 5111 1727 5178 solemnitatem
1743 5111 1886 5177 celebra·

249 5211 439 5289 Numquam
458 5209 593 5288 fugatur
609 5212 675 5274 nisi
690 5229 764 5275 cum
793 5212 929 5292 fugitur,
946 5231 1047 5278 num·
1102 5231 1186 5288 mus,
1204 5214 1320 5277 habuit
1339 5214 1468 5277 lumbos
1487 5213 1683 5291 praecinctos
1696 5229 1780 5274 zona
1798 5209 1887 5289 pelli·
1978 5267 1979 5286 ,

251 5323 350 5386 qnam
375 5309 539 5372 mactatur
562 5309 627 5371 nisi
651 5325 726 5372 cnm
750 5314 948 5375 maceratur.
970 5317 1049 5377 Haec
1103 5329 1172 5386 cea,
1187 5314 1220 5376 et
1234 5291 1578 5390 cingulum'oastitatis
1589 5311 1629 5373 de
1643 5311 1779 5372 renibus
1791 5306 1886 5371 Helia
1978 5299 1979 5368 i

252 5423 384 5488 omnem
407 5407 538 5470 aetatem
561 5407 753 5486 corrumpit,
780 5425 910 5472 omnem
933 5427 1048 5474 sexum
1104 5401 1888 5486 etlumhisJoannis.Lumbospraecinctcshabnit
1978 5425 1979 5490 r

253 5505 436 5580 contundit,
467 5521 597 5568 omnem
610 5506 759 5569 ordinem
779 5508 895 5584 solvit,
919 5525 1049 5573 omnem
1103 5509 1196 5582 Abel,
1214 5510 1269 5588 qni
1294 5509 1394 5572 etiam
1416 5524 1481 5570 non
1505 5507 1640 5584 reliquit
1661 5522 1774 5568 semen
1797 5513 1888 5579 super
1978 5499 1979 5532 ³

252 5603 392 5682 gradum
420 5604 590 5683 pervertit.
624 5605 756 5669 Invadit
778 5606 867 5668 enim
895 5597 991 5671 senes
1018 5611 1051 5672 et
1103 5610 1239 5670 terram.
1255 5608 1457 5670 Praecinctos
1480 5605 1597 5668 habuit
1616 5605 1746 5666 lumbos
1762 5599 1887 5677 ioseph,

253 5717 400 5777 uvenes,
426 5717 537 5766 mares
561 5705 595 5768 et
616 5702 786 5779 ioeminas,
813 5705 991 5783 prudentes
1018 5705 1051 5770 et
1105 5707 1161 5785 qui
1175 5699 1889 5784 elegitpotiuspallinmrelinquereinmanu
