3996 6326
308 392 366 452 103
773 384 950 448 1101101111
971 384 1018 446 111
1038 383 1188 454 OPERA.
1204 411 1242 428 -
1258 381 1494 444 SERMONES.
1888 381 1934 448 tos

309 551 495 624 rationaet
503 551 660 614 continua
668 547 832 612 castitatis
840 544 1105 610 conservatione.
1162 543 1294 624 quarrdo
1318 560 1415 606 nemo
1439 543 1562 623 poterit
1580 542 1725 622 operari.
1754 544 1934 622 operemini,

308 653 346 712 ln
382 650 667 728 eleemosynarum
693 645 888 724 largitione,
911 643 990 723 quia
1019 642 1107 707 oculi
1162 643 1240 720 quia
1252 659 1354 721 opera
1369 642 1503 706 illorum
1518 644 1704 721 sequuntur
1719 642 1806 705 illos.
1822 642 1866 706 ld
1879 643 1936 704 bac

308 752 379 828 ejus
402 749 436 810 in
452 762 633 826 pauperem
654 743 888 823 respiciebant,
910 758 971 804 nec
993 742 1107 804 oculos
1162 742 1227 804 duo
1240 741 1351 820 posuit
1364 741 1525 804 Dominus
1540 757 1600 804 vos
1622 741 1786 810 custodes,
1807 741 1847 802 ad
1866 742 1937 818 rigi-

307 863 385 908 suos
408 844 653 908 transvertebat
681 860 700 904 a
723 858 880 922 paupere.
908 841 971 904 Sed
997 840 1107 904 sciens
1162 841 1298 902 laudum
1317 840 1350 904 et
1363 840 1405 902 ad
1427 839 1773 917 circumspiciendum.
1788 843 1839 902 Ad
1861 842 1936 918 utpi-

307 946 407 1007 etiam
426 943 512 1023 quod
532 942 715 1005 imneratur
738 941 877 1004 Domino
892 940 949 1019 qui
964 939 1107 1001 misere·
1161 942 1314 1012 tandum,
1331 939 1514 1002 secundum
1528 938 1614 1016 quod
1626 938 1700 1017 ipse
1714 938 1762 1000 ait
1775 938 1936 1016 apostolis:

306 1047 360 1106 tur
381 1041 531 1122 pauperi,
551 1057 685 1102 manum
707 1055 802 1102 suam
824 1038 955 1116 aperuit
969 1037 1060 1116 inopi
1075 1039 1108 1100 et
1168 1038 1311 1114 Vtatuztc
1324 1039 1360 1102 at
1381 1038 1481 1102 orate
1499 1038 1538 1100 ut
1557 1053 1626 1102 nou
1638 1038 1779 1100 intretis
1793 1041 1829 1100 ta
1841 1037 1937 1100 tento·

306 1143 436 1222 palmas
465 1155 543 1202 suas
566 1139 714 1203 extendit
740 1139 781 1200 ad
806 1153 997 1216 pauperem.
1023 1136 1107 1209 Quia
1163 1135 1423 1216 ttonemfflarc.
1446 1152 1520 1210 xiv,
1534 1134 1602 1216 38).
1617 1138 1939 1210 Adctrcumsptcteu·

307 1255 374 1301 non
390 1239 463 1300 erat
483 1253 610 1315 pauper
628 1237 664 1298 iu
682 1235 848 1300 totaurbe
866 1235 1005 1314 quinon
1020 1235 1108 1296 esset
1162 1237 1260 1310 dcam,
1289 1235 1471 1297 secundum
1501 1233 1588 1313 quod
1621 1232 1719 1297 nobis
1751 1233 1892 1312 loquitur
1912 1233 1938 1294 in

308 1337 451 1414 scriptus
472 1337 506 1398 in
529 1335 716 1408 matricula,
740 1334 826 1396 sicut
844 1333 967 1410 legitur
990 1331 1025 1394 ln
1041 1333 1108 1394 Le·
1163 1333 1335 1396 Ezechiele
1351 1355 1360 1395 2
1375 1336 1443 1396 rut
1465 1335 1627 1406 bouttuts,
1649 1333 1893 1408 speculatorem
1914 1331 1938 1392 ta

307 1435 426 1512 ganda.
457 1437 494 1496 ln
518 1433 729 1496 abstineniiae
757 1431 1001 1504 observatione,
1030 1430 1108 1512 quia
1162 1434 1240 1494 dedi
1260 1433 1377 1494 domm
1400 1434 1512 1494 Israel
1541 1431 1756 1512 (Eusebia,
1782 1428 1845 1510 17).
1869 1432 1939 1506 lirgo

308 1549 489 1595 conversus
502 1532 605 1595 estad
621 1533 725 1593 Deum
738 1531 773 1592 in
787 1531 856 1594 toto
872 1529 971 1592 corde
986 1545 1058 1590 suo.
1070 1529 1108 1590 ln
1163 1529 1192 1591 si
1207 1531 1360 1593 custodes
1370 1530 1461 1604 estis,
1484 1529 1621 1606 vigilate
1646 1531 1680 1592 et
1703 1528 1938 1606 circumspicite.

304 1631 575 1710 jejuniismultis,
592 1630 626 1693 in
640 1629 766 1708 vigiliis
778 1629 811 1692 et
822 1629 858 1692 in
869 1627 1031 1690 charitate
1042 1643 1108 1690 non
1163 1629 1238 1691 Non
1251 1629 1339 1692 enim
1353 1627 1464 1706 posuit
1477 1645 1536 1691 vos
1551 1627 1711 1690 Dominus
1726 1629 1763 1690 ιιι
1775 1627 1938 1696 dormiatis,

309 1730 396 1792 licta.
417 1732 455 1791 ln
478 1729 636 1792 contiuua
656 1727 909 1790 conservatione
932 1725 1107 1796 castitatis,
1163 1727 1221 1790 sed
1248 1728 1285 1790 ιιι
1302 1727 1460 1804 vigiletis.
1486 1727 1561 1788 Non
1585 1727 1621 1790 ut
1643 1727 1755 1800 stolidi
1784 1725 1939 1796 maneatis,

308 1827 387 1906 quia
401 1827 549 1889 accinxit
563 1823 758 1890 fortitudine
773 1823 902 1886 lumbos
915 1839 995 1887 suos
1009 1839 1109 1886 assu·
1163 1826 1220 1888 sed
1235 1825 1272 1888 ut
1285 1825 1417 1904 providi
1432 1825 1721 1903 circumspiciatis
1739 1827 1815 1888 Non
1828 1826 1862 1886 ut
1874 1824 1940 1884 der-

308 1941 401 1987 mens
420 1941 537 1987 zonam
553 1923 726 2001 pelliceam
742 1923 776 1986 et
788 1921 957 1998 cingulum
972 1921 1110 1984 castita-
1163 1924 1287 1998 miatis,
1299 1923 1450 2004 quiaqui
1467 1924 1647 1994 dormiunt,
1664 1926 1764 1986 nocte
1779 1923 1940 1993 dormiunt,

308 2022 351 2084 tis
382 2021 422 2084 de
455 2021 591 2084 renibus
622 2021 703 2083 Elias
739 2021 773 2082 et
806 2019 928 2081 lumbis
955 2019 1106 2082 ioannis.
1163 2022 1267 2100 etqui
1285 2021 1371 2086 ebrii
1396 2022 1486 2096 sunt,
1511 2022 1608 2084 nocte
1625 2020 1713 2084 ebrii
1741 2021 1836 2097 sunu
1851 2019 1942 2082 sedut

309 2119 452 2182 Lumbos
467 2118 664 2198 praecinctos
683 2117 802 2180 habuit
819 2117 909 2180 illias
921 2117 963 2179 de
977 2133 1042 2196 quo
1056 2117 1108 2179 le-
1163 2119 1322 2197 vigiletis,
1339 2119 1418 2198 qula
1432 2120 1488 2198 qui
1504 2135 1602 2182 mane
1615 2118 1832 2197 vigilaverint
1844 2120 1882 2180 ad
1894 2133 1941 2178 sa-

308 2218 399 2294 gitur
417 2218 452 2280 in
475 2216 644 2294 Regibus:
667 2219 727 2279 Vir
743 2219 876 2292 pinna
896 2216 949 2278 cst
966 2217 1001 2278 et
1020 2229 1109 2280 zaraa
1164 2217 1334 2298 pientiam,
1351 2217 1524 2282 invenient
1542 2219 1649 2280 illam.

304 2316 629 2394 pedtccaacctuctus
642 2316 783 2376 rautbus
798 2312 858 2394 (IV
870 2315 951 2391 Reg.
965 2328 989 2386 1,
1004 2312 1051 2392 8).
1203 2316 1358 2393 Legimus
1388 2315 1475 2396 quod
1511 2318 1659 2379 ioannes
1690 2316 1821 2379 audivit
1846 2329 1941 2378 rocem

349 2413 551 2478 Praecinctos
569 2412 700 2476 lumbos
722 2411 838 2474 babuit
857 2415 1005 2476 ioannes
1021 2413 1110 2490 Bap-
1163 2413 1263 2478 unius
1284 2413 1405 2494 aquilae
1426 2414 1572 2478 volantis
1594 2429 1654 2493 per
1674 2415 1821 2478 medium
1842 2413 1941 2477 ooelum

307 2513 399 2586 tista,
415 2512 455 2574 de
471 2528 536 2592 quo
548 2511 671 2588 legitur
688 2510 774 2590 quod
790 2511 863 2574 erat
878 2510 1016 2574 restitus
1031 2509 1107 2588 pilis
1163 2512 1196 2575 et
1213 2511 1355 2576 dicentis
1375 2534 1383 2576 ε
1413 2515 1482 2586 Vae,
1503 2528 1569 2588 uoe,
1596 2529 1650 2576 vra
1671 2514 1898 2576 babitantibus
1914 2515 1942 2571 iu

310 2609 527 2683 camelorum,
553 2611 587 2672 et
609 2623 693 2672 zona
713 2607 856 2686 pellicea
873 2609 963 2671 circa
978 2606 1108 2670 lumbos
1163 2611 1262 2675 terra
1281 2608 1397 2690 (Apoc.
1419 2625 1495 2686 vrri,
1514 2613 1578 2693 13),
1605 2611 1702 2691 quasi
1730 2611 1856 2674 diceret
1871 2632 1879 2671 ι
1896 2612 1943 2670 l'a

310 2725 400 2782 suos,
417 2705 827 2782 etsoannesuvangclista
841 2721 939 2784 quem
949 2707 1107 2768 Dominus
1162 2709 1309 2788 praelatis
1333 2709 1579 2788 negligentibus
1607 2709 1644 2772 in
1664 2710 1768 2774 terra.
1796 2712 1853 2772 Vae
1876 2725 1942 2770 suc-

310 2805 478 2872 volentem
497 2804 658 2867 nuberes
677 2803 802 2882 nuptiis
817 2805 1001 2879 revocavit3
1018 2805 1109 2866 Pau·
1162 2807 1350 2870 sessoribus
1364 2808 1608 2887 Apostolorum,
1627 2808 1656 2870 si
1669 2807 1869 2872 mercenarii
1882 2806 1944 2868 sunt

309 2907 362 2970 lus
392 2919 523 2983 quoque
549 2903 607 2982 qui
632 2902 673 2964 de
702 2918 764 2964 sun
795 2901 990 2978 virginitate
1023 2901 1106 2965 aits
1162 2906 1306 2970 dicendi.
1320 2906 1578 2985 vepnstortbus
1592 2907 1717 2972 ovium.
1733 2906 1764 2968 si
1785 2907 1870 2970 inter
1887 2905 1986 2968 hae·
1985 2885 1986 2920 ¹

314 3007 392 3066 Vota
410 3016 529 3066 ocurrer
548 3003 704 3064 umutucs
717 3013 793 3062 esse
810 3000 901 3062 stcut
921 3014 977 3062 acc
993 3003 1108 3075 ipsum
1162 3004 1221 3068 dos
1234 3005 1519 3068 suutcollocandi.
1534 3007 1593 3068 vae
1617 3005 1675 3083 qui
1694 3005 1863 3084 sapientes
1881 3002 1986 3064 suut

310 3101 340 3183 (1
355 3104 429 3164 cor.
450 3115 509 3173 vu,
539 3097 585 3178 7).
611 3097 813 3160 Praecinctos
838 3097 970 3160 fordter
992 3095 1108 3160 habuit
1161 3119 1198 3165 ιιι
1210 3101 1316 3166 oculis
1330 3102 1414 3178 suis,
1429 3102 1463 3166 et
1478 3117 1591 3166 coram
1612 3103 1804 3182 semetipsis
1814 3101 1944 3182 prudeu

309 3202 383 3280 ipsa
396 3203 550 3262 Susanna
565 3211 639 3275 quae
654 3196 756 3272 elegit
779 3196 890 3274 potius
909 3195 1107 3258 inciderem
1162 3201 1224 3274 tes,
1240 3201 1270 3263 si
1298 3217 1359 3278 per
1383 3200 1583 3279 sapientiam
1606 3201 1707 3281 buius
1734 3201 1852 3264 mundi
1872 3195 1945 3277 apud

309 3315 428 3362 manus
454 3296 637 3366 bominum,
654 3311 752 3374 quam
778 3309 918 3372 peccare
943 3294 977 3356 in
1003 3297 1107 3357 Deum
1163 3301 1267 3362 Deum
1288 3297 1381 3362 stulti
1400 3301 1478 3362 sunt
1500 3299 1689 3378 reputandi.
1704 3301 1763 3363 Voe
1787 3299 1844 3380 qui
1859 3295 1946 3377 justi·
1984 3305 1985 3390 3

310 3413 418 3459 suum.
452 3394 495 3457 Hi
520 3394 628 3455 motus
661 3393 738 3454 sunt
766 3391 909 3470 populus
934 3391 1109 3455 Jebusaeo-
1162 3397 1415 3476 ilcantimpium
1441 3413 1501 3476 pro
1527 3397 1720 3460 muneribus
1745 3399 1781 3462 et
1797 3395 1946 3477 justitiam
1984 3391 1985 3421 ι

308 3513 394 3568 rum,
406 3509 489 3573 quos
502 3490 619 3564 Dauid,
633 3490 733 3553 etiam
744 3489 878 3552 ciuitate
886 3489 1027 3565 devicta,
1040 3507 1106 3554 non
1159 3496 1243 3575 justi
1256 3495 1413 3559 auferunt
1434 3495 1475 3558 ab
1490 3511 1542 3570 eo,
1570 3497 1610 3571 si,
1633 3497 1720 3559 sicut
1742 3495 1881 3560 devorat
1897 3493 1947 3554 sti-

308 3593 415 3674 potuit
429 3592 470 3654 de
485 3590 557 3669 ipsa
572 3587 752 3666 expellere.
779 3589 917 3666 semper
930 3587 1020 3650 enim
1044 3591 1106 3652 Je-
1161 3595 1274 3672 pulam
1285 3593 1374 3672 ignis
1387 3594 1421 3657 et
1440 3594 1533 3657 calor
1547 3594 1689 3658 dammae
1706 3595 1831 3670 exurit,
1838 3596 1946 3658 aeterno

307 3692 442 3756 busaens
456 3687 586 3752 habitat
604 3685 640 3749 in
661 3685 752 3748 terra
773 3687 902 3758 nostra,
920 3701 993 3766 qum
1010 3685 1106 3749 nobis
1161 3691 1239 3768 igne
1251 3691 1329 3753 sunt
1343 3689 1570 3754 comburendi.

307 3791 422 3870 spinas
445 3791 478 3850 et
500 3784 641 3850 tribulos
667 3800 735 3846 non
760 3783 883 3848 desinit
905 3785 1105 3862 germinare.
1201 3790 1342 3866 Magnus
1364 3788 1540 3866 suffragio,
1571 3789 1649 3868 quia
1673 3805 1734 3868 per
1757 3787 1946 3853 sacrificium

307 3891 348 3951 Et
362 3887 436 3950 ideo
454 3885 539 3946 bene
565 3883 688 3945 dictum
704 3883 754 3944 est
768 3903 776 3944 ι
792 3883 923 3946 Beatus
937 3885 996 3957 qut
1009 3884 1108 3946 icae·
1161 3883 1248 3948 beati
1265 3886 1417 3948 silvestri
1429 3887 1463 3948 et
1474 3886 1644 3949 orationes
1660 3903 1743 3966 quas
1758 3885 1878 3950 obtulit
1891 3888 1946 3948 lico
1982 3953 1983 3956 ,

307 3987 355 4048 bit
369 3985 403 4047 et
418 3983 532 4045 allidet
543 3982 631 4054 111108
644 3993 726 4042 «11103
740 3981 785 4042 ad
796 3980 938 4056 petram
950 3979 1021 4059 (Ps.
1035 3981 1105 4053 136,
1161 4000 1221 4063 pro
1236 3983 1386 4046 Ecclesia
1399 3983 1433 4046 et
1446 3985 1569 4062 populo
1590 3983 1655 4048 sibi
1678 3985 1857 4048 commisso
1879 3983 1948 4046 bea·

307 4081 354 4164 9).
369 4083 408 4144 Et
422 4080 499 4159 quia
515 4094 581 4140 non
595 4076 719 4138 suttlcit
732 4076 862 4139 lumbos
877 4075 1002 4140 habere
1014 4092 1106 4155 prae-
1161 4083 1301 4145 tilloavit
1314 4082 1408 4144 illum
1423 4083 1522 4144 Deus.
1545 4082 1639 4162 Unde
1654 4083 1689 4147 in
1713 4083 1801 4146 libro
1816 4081 1945 4160 Sapien-

308 4181 447 4250 oinctos,
474 4177 541 4242 nisi
566 4177 599 4238 et
622 4174 769 4236 lucernae
793 4189 931 4252 operum
957 4191 1107 4238 accensae
1161 4179 1217 4246 tias
1242 4201 1250 4240 ι
1277 4183 1356 4244 Nou
1381 4181 1434 4242 est
1470 4181 1634 4244 travectus
1668 4185 1795 4246 struitis
1829 4183 1875 4244 itti
1899 4177 1947 4253 put
1981 4261 1982 4266 ἵ

308 4276 496 4341 habeantur
510 4275 545 4336 in
560 4272 724 4345 manibus,
741 4271 956 4336 sicdebemus
969 4289 1106 4352 operum
1161 4277 1384 4342 carueruarct
1416 4283 1524 4356 legem
1549 4283 1689 4342 Eacctst
1719 4278 1838 4360 (ltccli.
1862 4291 1946 4344 rurs,

308 4377 498 4440 nostrorum
518 4373 675 4435 lucernas
701 4371 895 4445 accendere,
918 4374 954 4435 ut
977 4387 1106 4452 nequa-
1160 4374 1227 4456 20).
1244 4375 1452 4438 Sacrificium
1472 4377 1621 4439 nostrum
1642 4377 1693 4440 est
1707 4378 1823 4441 anima
1848 4375 1947 4440 nostra

308 4491 407 4556 quam
427 4489 484 4537 eas
508 4485 671 4551 ponamus
695 4468 756 4531 sub
782 4469 904 4544 modio,
932 4470 989 4534 sed
1006 4485 1107 4548 super
1161 4473 1304 4538 connita
1319 4489 1419 4552 quam
1439 4473 1597 4536 debemus
1611 4491 1742 4554 semper
1756 4475 1793 4537 in
1809 4473 1947 4538 manibus

307 4571 557 4642 candelabrum,
569 4569 606 4632 ut
619 4567 667 4631 sic
678 4565 755 4644 igne
770 4567 945 4630 clraritatis
954 4569 1105 4643 ardeant,
1161 4572 1297 4643 babere,
1314 4574 1348 4634 et
1362 4571 1609 4635 immaculatam
1622 4576 1689 4636 Deo
1709 4573 1845 4638 offerre.
1867 4569 1948 4634 Unde

307 4676 345 4738 ut
369 4687 470 4752 opera
499 4670 613 4732 nostra
635 4665 770 4728 luceant
799 4665 952 4727 omnibus
979 4668 1036 4745 qui
1070 4668 1106 4730 in
1161 4671 1197 4734 in
1218 4671 1346 4750 psalmo
1359 4691 1367 4731 ι
1380 4673 1509 4732 Aututa
1532 4687 1612 4734 meu
1637 4673 1676 4734 tu
1693 4676 1855 4736 manibus
1873 4669 1948 4732 meis

307 4773 403 4836 domo
417 4770 504 4832 sunt.
1160 4766 1559 4849 semper(1³s118,109).
1576 4769 1617 4830 Et
1629 4768 1749 4832 iterum
1763 4770 1799 4832 iu
1812 4769 1948 4849 psalmo:

349 4867 551 4946 Opastores
572 4863 695 4938 ovium,
724 4861 921 4941 operemini,
941 4862 1020 4941 quia
1045 4879 1106 4926 re·
1161 4869 1380 4942 Socmfictum
1410 4870 1482 4930 Dco
1517 4867 1665 4944 sptrttus
1693 4866 1948 4934 manusuetus,

308 4983 410 5058 gnum
420 4962 661 5026 Deinonestin
677 4976 844 5034 sermone,
860 4960 942 5022 sed
932 4977 968 5022 ιιι
983 4962 1107 5027 virtute
1160 4979 1222 5028 cor
1241 4965 1432 5027 coutrttum
1456 4965 1491 5028 et
1515 4967 1747 5040 bccmtttotum,
1762 4970 1869 5039 Deris,
1890 4977 1949 5026 ιιοιι

308 5080 456 5146 operum.
473 5058 890 5140 operemini,qu1aomnes
904 5058 1106 5122 adstabimus
1161 5065 1327 5138 despicies
1342 5059 1413 5142 (Ps.
1430 5063 1480 5137 50,
1503 5062 1567 5143 18).
1585 5064 1740 5142 Legimus
1757 5065 1859 5128 etiam
1873 5057 1948 5142 quod

308 5164 386 5227 ante
400 5159 547 5226 tribunal
563 5156 698 5229 Christi,
713 5158 749 5219 ut
762 5157 904 5234 recipiat
926 5157 1108 5236 unusquis-
1160 5159 1228 5222 tria
1249 5158 1327 5220 sunt
1350 5173 1474 5239 genera
1497 5159 1722 5222 sacrificandi.
1742 5161 1883 5235 Quidam
1902 5172 1951 5218 sa·

308 5277 372 5342 que
398 5257 580 5322 secundum
606 5269 703 5316 suum
726 5253 886 5317 laborem.
903 5255 1105 5333 operemini,
1162 5257 1361 5322 criticantin
1378 5273 1491 5330 carne,
1503 5256 1659 5337 quidam
1650 5275 1685 5320 m
1703 5259 1813 5334 corde,
1827 5257 1949 5338 quidam

309 5361 387 5442 quia
400 5360 438 5420 in
453 5355 540 5420 labio
552 5353 752 5417 aeneoerant
767 5352 902 5430 specula
916 5350 1105 5428 mulierum,
1161 5356 1197 5418 in
1218 5371 1329 5436 opere.
1349 5355 1402 5417 llli
1422 5354 1615 5419 sacrificant
1626 5356 1662 5418 in
1682 5372 1784 5420 carne
1805 5357 1863 5435 qui
1876 5367 1950 5433 quo·
1977 5383 1978 5388 ι

308 5461 341 5522 et
353 5459 388 5520 in
400 5455 489 5519 labio
505 5450 735 5532 praedicatoris
750 5448 847 5512 debet
864 5466 939 5514 esse
951 5452 1108 5530 splendor
1161 5454 1243 5518 tidie
1271 5453 1470 5532 crucifigunt
1503 5469 1643 5533 corpora
1675 5471 1736 5517 sua
1764 5471 1839 5518 cum
1868 5448 1950 5514 vitiis

308 5554 523 5637 operationis.
538 5547 739 5630 operemini,
755 5547 834 5628 quia
856 5564 923 5612 uon
938 5550 1107 5614 auditores
1162 5553 1195 5616 et
1219 5551 1512 5630 concupiscentiis,
1541 5552 1628 5616 sicut
1652 5553 1734 5617 dicit
1756 5551 1949 5632 Apostolus:

307 5655 405 5734 legis,
429 5651 485 5714 sed
510 5649 653 5713 iactares
668 5645 754 5728 justi
776 5647 860 5736 sunt
877 5647 965 5726 apud
989 5650 1105 5710 Deum.
1161 5667 1180 5712 ιι
1201 5651 1399 5714 Mortificate
1414 5665 1548 5714 carnem
1563 5652 1710 5714 vestram
1732 5667 1807 5715 cum
1822 5645 1950 5714 uitiiset
1976 5643 1977 5676 ³

308 5750 497 5835 operemini
519 5747 597 5812 dum
619 5747 691 5810 dies
710 5747 771 5820 est,
799 5745 878 5826 quia
903 5745 1016 5809 veniet
1040 5762 1108 5811 nox
1161 5748 1481 5828 «concupiscentiis
1509 5765 1552 5812 ne
1575 5749 1765 5814 dominetur
1788 5748 1949 5828 pausum
