3936 6318
184 297 316 411 Ι279

257 509 412 574 homiues
434 505 583 570 mrtem
607 503 642 570 et
661 517 731 566 :ion
762 504 940 568 invenem
972 519 1051 566 eom

716 344 893 408 HONORII
916 345 960 405 111
982 344 1131 406 OPERA.
1148 373 1186 388 ·-
1203 342 1436 405 SERMONES.
1725 421 1729 426 Δ
1833 345 1883 406 280

1104 519 1197 565 aram
1213 503 1332 576 crucis,
1350 502 1437 564 siout
1453 500 1525 578 ipse
1540 499 1587 563 aii
1606 503 1713 564 :Cum
1727 503 1885 565 concitatus
1964 473 1965 534 3

257 606 293 668 et
317 604 454 680 cupient
478 606 588 676 niori,
617 603 652 664 et
677 603 787 679 maim
809 614 906 664 mors
931 606 972 664 oh
1001 605 1051 666 eis
1104 603 1204 676 {icero
1213 617 1236 663 o
1251 603 1361 672 terro,
1382 603 1498 663 omniu
1512 599 1649 662 iraham
1661 601 1706 660 od
1719 614 1774 659 om
1787 602 1887 674 ipsum

259 699 374 781 (Apoc.
403 717 449 775 ix,
476 699 522 780 6).
550 703 597 762 De
623 716 687 779 qua
712 702 817 763 morte
843 701 965 762 dicitur
992 716 1052 778 per

258 799 468 862 Psalmistam
494 820 502 859 :
529 801 627 860 Mors
653 801 876 873 peccatorum
896 802 1052 874 pessimo

259 899 311 959 est
324 897 393 976 (Ps.
410 899 461 970 33,
475 896 540 977 22).
551 899 641 958 Mors
656 897 744 958 enim
760 898 971 973 peccatorum
983 912 1051 958 non

257 995 385 1056 tantum
400 995 488 1056 mala
507 995 563 1055 sed
582 995 724 1072 pessima
737 1009 810 1056 esse
826 995 957 1063 dicitur,
974 994 1051 1072 quia

259 1094 467 1170 peccatorem
479 1093 568 1170 rapit
582 1093 621 1153 ad
636 1093 833 1168 gehennam,
843 1093 906 1155 etsi
920 1093 956 1154 in
972 1091 1053 1155 diri-

258 1189 315 1252 tiis
326 1192 359 1252 et
374 1189 530 1252 odoribus
545 1189 578 1251 et
592 1190 927 1253 lameniishominum
949 1190 1052 1251 linia-

258 1288 324 1350 tur.
338 1291 383 1349 lta
395 1303 538 1366 namque
548 1289 652 1351 morte
668 1288 766 1350 simul
780 1288 920 1350 moritur
934 1303 1052 1366 corpus

260 1387 293 1448 et
305 1386 429 1455 anima,
445 1402 511 1448 nou
527 1386 751 1450 essentialiter
762 1387 917 1448 amittens
937 1387 1050 1460 vitam,

260 1482 319 1544 sed
344 1484 421 1546 ritae
449 1483 698 1548 beatitudinem.
727 1485 822 1548 Uude
848 1485 1051 1561 Gregorius:

260 1598 279 1643 s
293 1582 412 1644 Anima
420 1581 492 1644 illio
502 1583 609 1660 posita
615 1600 681 1646 non
688 1583 797 1660 perdit
808 1599 892 1666 esse,
906 1583 962 1645 sed
976 1598 1055 1660 per-

262 1679 309 1741 dit
327 1695 401 1741 esse
421 1679 563 1742 beatam.
578 1698 598 1743 s
612 1681 705 1743 Unde
716 1681 879 1744 ieremias
897 1701 904 1740 :
920 1683 1055 1756 Duplici

260 1776 467 1838 contritione
475 1779 614 1839 contere
629 1780 962 1851 spammeticus
974 1791 1054 1839 uos-

262 1874 317 1936 ter
327 1872 463 1954 (ierem.
479 1891 563 1948 xvu,
577 1873 641 1954 18).
657 1874 751 1937 Unde
765 1873 864 1937 facile
883 1874 1053 1952 probatur,

260 1972 347 2049 quod
364 1973 552 2035 sinemorte
569 1973 743 2046 moriatur,
761 1973 834 2034 sine
849 1972 980 2036 delectu
991 1972 1054 2034 de-

261 2068 362 2142 tloiat,
388 2070 459 2132 sine
485 2071 551 2133 tine
577 2071 724 2144 liniatur,
752 2071 915 2148 quatenus
936 2071 980 2132 sit
1004 2070 1055 2131 illi

260 2182 351 2228 mors
367 2167 574 2242 immortalis,
594 2168 741 2231 delectus
756 2168 962 2240 indeficiens,
979 2168 1056 2230 tlnis

260 2263 422 2328 infinitus.

301 2365 422 2425 Omnes
446 2364 549 2440 igitur
581 2365 785 2442 generaliter
807 2365 840 2428 et
866 2364 1058 2442 specialiter

261 2460 384 2538 singuli
397 2462 454 2539 qui
467 2465 485 2526 J
488 2463 657 2536 ordanem,
672 2463 768 2536 idest,
783 2462 940 2525 mundum
954 2463 1055 2524 istum

260 2558 435 2620 transituri
455 2561 543 2633 sunt,
567 2561 732 2623 aedificare
754 2562 860 2623 altare
883 2561 1055 2622 Dominoa

261 2658 428 2732 Propheta
438 2660 537 2735 J'ussu
551 2659 682 2720 Domini
698 2648 927 2720 admonentur.
946 2658 1054 2730 Quin-

261 2769 325 2830 que
337 2769 461 2830 genera
471 2755 627 2817 altarium
640 2755 743 2817 fuisse
753 2757 789 2816 in
800 2756 904 2817 veteri
915 2755 1055 2831 legimus

261 2852 481 2914 Testamento.
512 2853 660 2914 Primum
687 2869 792 2930 genus
815 2853 877 2914 luit
895 2855 1053 2927 terreum,

261 2949 1056 3027 dequopraecepitDominusfiliislsrael:Aitare

261 3045 302 3108 dc
318 3047 564 3122 terrefaciens
575 3053 660 3112 milti
676 3047 749 3128 (Ex.
765 3065 823 3118 xx,
840 3048 905 3129 24).
928 3051 1057 3111 Secun-

261 3143 339 3204 dum
354 3144 513 3220 ligneum,
529 3145 614 3208 sieut
627 3146 749 3222 legitur
763 3146 798 3206 in
814 3147 927 3208 Exodo
942 3147 1056 3208 Domi-

261 3257 324 3302 nus
343 3243 543 3319 praecepisse
563 3243 670 3322 Moysi
687 3266 694 3304 :
711 3261 729 3304 c
744 3245 862 3306 Facies
886 3245 992 3306 altare
1015 3245 1056 3306 de

261 3338 353 3414 ligno
370 3339 496 3402 sethim
509 3357 575 3402 non
590 3341 732 3403 solidum
754 3341 811 3402 sed
826 3342 972 3403 inanest
991 3357 1055 3404 ra-

262 3452 360 3498 cuum
375 3436 586 3510 intrinsecus,
603 3455 664 3516 per
676 3443 770 3517 cujus
787 3440 930 3518 quatuor
946 3454 1056 3515 angu-

261 3533 312 3597 los
335 3536 433 3598 erunt
453 3538 595 3614 quatuor
613 3537 738 3612 anguli,
757 3536 925 3614 faciesque
944 3538 1056 3600 vectes

261 3634 295 3694 et
315 3633 415 3695 duces
439 3651 499 3712 per
513 3635 669 3708 circulos,
695 3637 857 3713 eruntque
878 3635 989 3698 vectes
1014 3651 1057 3696 ex

261 3732 401 3809 utroque
413 3733 530 3795 altaris
543 3733 647 3796 latere
658 3733 699 3795 ad
715 3733 959 3812 portandum.»
980 3737 1057 3796 Ter·

260 3828 344 3890 tium
359 3830 502 3907 lapidem
517 3830 558 3892 de
573 3847 637 3909 quo
657 3833 815 3910 praecepit
837 3834 938 3895 Josue
955 3853 962 3894 ε
994 3837 1057 3895 Vos

260 3930 319 4000 poi
346 3929 535 3990 transituri
555 3931 639 3990 estis
663 3933 864 4002 Iordanem,
890 3931 1056 4003 aedificate

260 4023 372 4086 altare
394 4027 539 4087 Domino
560 4029 601 4086 de
622 4029 799 4100 lapididus,
816 4041 899 4100 quos
919 4028 1057 4100 semem

260 4135 342 4182 econ.
358 4122 470 4197 tetigit
493 4119 601 4200 (Deut.
634 4138 741 4190 xxvii,
763 4126 794 4194 l,
823 4120 868 4200 5).
898 4123 1056 4193 Quartum

262 4233 391 4278 aeneum
407 4218 447 4280 de
467 4235 531 4297 quo
559 4218 682 4294 legitur
701 4219 735 4280 in
750 4219 1030 4296 Paralipomenon
1047 4241 1054 4280 :

260 4317 380 4378 altore
394 4331 530 4378 :cneum
541 4319 630 4391 qood
652 4317 784 4390 fecerat
800 4319 972 4390 Salomon,
988 4332 1057 4380 lion

258 4413 396 4487 poterat
417 4416 591 4477 sustinere
611 4415 807 4476 holocausto
828 4416 862 4476 et
884 4416 1058 4487 sacrificio

262 4509 308 4590 (ΙΙ
334 4515 410 4573 Par.
437 4527 496 4585 vn,
513 4510 559 4593 7).
580 4512 737 4584 Quintum
752 4527 902 4585 aureum,
928 4512 969 4574 de
992 4529 1057 4590 quo

261 4610 384 4687 legitur
407 4609 442 4672 in
471 4609 556 4672 libro
585 4612 712 4687 Regum
739 4611 866 4672 :Fecit
898 4612 1058 4672 Salomon

260 4714 378 4772 omnia
392 4725 476 4772 oasa
491 4713 528 4771 in
548 4711 647 4772 donae
661 4711 801 4771 Domini
814 4709 848 4771 ct
861 4709 974 4770 altore
993 4723 1058 4769 oo-

261 4821 398 4868 reom...
422 4805 482 4886 (III
504 4809 585 4884 Reg.
602 4821 662 4882 vir,
679 4805 744 4886 48).
771 4809 851 4869 Cum
874 4807 987 4884 itaque
1006 4807 1059 4867 al-

261 4902 333 4962 tare
346 4904 382 4962 in
405 4905 507 4965 Sacra
523 4905 694 4982 Scriptura
716 4905 893 4983 tripliciter
909 4921 1060 4982 expona-

261 5000 338 5072 tur,
374 5015 437 5062 nos
473 5001 676 5078 excipientes
717 5019 823 5081 pauca
853 5002 893 5065 de
926 5002 1056 5075 multis,

261 5095 397 5174 propter
406 5095 631 5172 prolixitatem
643 5085 747 5160 offleii
757 5099 1058 5177 duplicemtantum

263 5193 542 5271 significationem
563 5193 681 5256 altaris
696 5195 820 5273 lapidei
839 5197 984 5260 breviter
998 5213 1059 5259 ex-

262 5307 435 5369 ponemus.

300 5388 414 5452 Altare
429 5388 550 5450 dicitur
569 5389 664 5466 quasi
677 5389 744 5451 alta
764 5405 834 5463 ara,
851 5392 937 5469 quod
950 5407 1058 5468 graece

262 5486 384 5549 dicitur
401 5485 559 5564 precatio,
577 5487 609 5548 et
624 5485 789 5564 significat
810 5488 987 5562 Christum,
1002 5490 1059 5567 qui

263 5587 355 5648 solus
379 5584 429 5648 est
447 5585 629 5647 altissimus
653 5601 753 5663 super
774 5602 904 5648 omnem
922 5587 1061 5662 terram,

263 5683 343 5764 quia
366 5683 436 5763 ipse
459 5682 521 5746 ruit
542 5683 708 5746 exaltatus
730 5685 763 5746 et
788 5683 936 5747 elevatus
960 5702 1059 5765 super

1106 697 1215 778 (Joan.
1231 715 1293 768 xri,
1312 698 1378 779 32),
1395 699 1491 770 idest,
1508 713 1582 758 cum
1602 696 1766 758 exaltatus
1787 699 1817 758 et
1829 699 1889 758 ele-

1105 799 1202 858 vatus
1217 795 1310 858 luero
1331 797 1366 857 in
1379 811 1489 869 cruce,
1504 795 1612 857 omnia
1629 793 1759 856 traham
1780 794 1887 869 adme,

1108 1009 1216 1070 quam.
1235 995 1272 1054 In
1287 991 1440 1054 'omnihus
1453 989 1694 1052 memhris-suis
1710 1005 1825 1067 passus
1836 991 1888 1062 est,

1107 1091 1144 1152 ut
1166 1091 1280 1153 nostra
1306 1105 1383 1152 ossa
1404 1089 1592 1168 repararet,
1618 1089 1652 1150 ei
1673 1088 1708 1149 in
1730 1089 1772 1149 iis
1791 1089 1890 1150 tamen

1108 1188 1261 1251 omnihus
1277 1189 1413 1266 peccata
1427 1188 1553 1259 nostra,
1571 1186 1668 1258 idest,
1683 1201 1811 1264 poenam
1825 1201 1892 1263 peo-

1108 1287 1257 1348 catorum
1271 1287 1462 1348 nostrorum
1477 1284 1614 1363 pertulit
1632 1285 1667 1345 in
1680 1300 1816 1362 corpore
1830 1301 1891 1344 suo.

1107 1386 1193 1446 Nam
1215 1385 1289 1461 ipse
1301 1384 1472 1460 ingressus
1492 1384 1543 1445 est
1562 1382 1722 1444 muudum
1744 1383 1814 1443 sine
1831 1397 1894 1443 ma-

1082 975 1083 978 ¹
1107 894 1185 971 qula
1199 894 1240 955 de
1264 893 1378 956 electis
1394 893 1481 970 apud
1503 892 1630 954 interos
1654 892 1780 952 nullum
1798 893 1890 953 relin-
1964 883 1965 938 l

1108 1482 1196 1555 cula,
1219 1483 1255 1544 et
1273 1484 1445 1560 peecatum
1466 1497 1533 1542 non
1558 1480 1647 1553 lecit,
1672 1482 1893 1542 necinventus
1964 1505 1965 1508 ¹

1108 1581 1158 1642 est
1172 1581 1268 1643 dolus
1281 1581 1315 1641 in
1331 1595 1390 1643 ore
1402 1582 1485 1658 eJus.
1503 1578 1597 1641 Unde
1611 1577 1825 1640 benedictum
1840 1577 1892 1648 est,

1109 1680 1187 1756 quia
1208 1679 1251 1740 de
1272 1678 1386 1740 electis
1415 1678 1502 1756 apud
1527 1677 1653 1738 interos
1677 1677 1804 1738 nullum
1824 1676 1895 1738 reli·

1109 1777 1190 1853 quit.
1227 1776 1320 1838 Unde
1352 1776 1475 1838 dicitur
1512 1791 1572 1854 per
1602 1775 1893 1838 Ecclesiasticum:
1964 1811 1965 1840 l

1109 1876 1305 1940 Ponetrooo
1324 1877 1363 1937 in
1385 1877 1572 1949 inferiores
1591 1875 1712 1949 portes
1743 1875 1846 1936 terro:
1868 1873 1896 1933 et
1964 1865 1965 1920 ἶ

1109 1976 1292 2048 impletam
1312 1987 1431 2034 coenes
1450 1973 1661 2034 dormientes
1674 1970 1789 2051 (Cocli.
1813 1985 1894 2042 uris,
1964 2029 1965 2044 ,

1109 2071 1174 2150 45),
1200 2071 1298 2143 idest,
1324 2086 1438 2133 omnes
1453 2069 1601 2147 captivos
1616 2070 1673 2146 qui
1693 2069 1847 2132 sedebant
1867 2069 1896 2129 in
1964 2057 1965 2118 Ῐ

1109 2168 1255 2233 tenebris
1270 2170 1303 2230 et
1317 2168 1433 2230 umbra
1448 2168 1575 2240 mortis,
1592 2167 1678 2230 sicut
1690 2168 1772 2230 dicit
1783 2168 1895 2230 isaias:
1964 2189 1965 2200 ε

1110 2273 1262 2342 Populus
1282 2271 1342 2341 poi
1360 2267 1497 2329 sedehat
1519 2269 1557 2326 in
1581 2265 1743 2339 teneam,
1766 2268 1848 2328 idest
1866 2268 1897 2325 lu
1964 2299 1965 2338 ε

1109 2368 1259 2439 trisemo,
1284 2365 1371 2426 cidit
1391 2369 1501 2426 lucem
1521 2378 1687 2440 mgnum
1711 2364 1768 2444 (ls.
1790 2381 1834 2436 rx,
1857 2361 1896 2440 2),
1964 2399 1965 2432 2

1110 2463 1205 2536 idest,
1227 2463 1407 2536 Christum,
1431 2463 1465 2524 et
1478 2460 1681 2524 illuminavit
1696 2479 1813 2524 omnes
1832 2476 1901 2539 spe-

1110 2561 1223 2623 rantes
1240 2561 1275 2622 iu
1292 2563 1371 2633 lieo,
1389 2559 1484 2633 idest,
1501 2575 1615 2622 omnes
1631 2560 1748 2622 fideles
1767 2560 1821 2638 qul
1835 2559 1899 2620 iue-
1964 2559 1965 2612 I

1109 2659 1188 2721 runt
1202 2657 1244 2720 ab
1256 2658 1353 2719 initio
1364 2658 1479 2719 mundi
1491 2657 1524 2719 et
1538 2657 1698 2736 usquead
1712 2658 1898 2721 descensum
1964 2645 1965 2714 Ϊ

1110 2756 1215 2834 ipsius
1242 2755 1282 2816 ad
1312 2756 1448 2827 interos,
1476 2755 1562 2817 sicut
1586 2755 1709 2832 legitur
1738 2757 1773 2817 in
1799 2759 1900 2818 Evun-
1964 2745 1965 2788 ἕ

1110 2854 1197 2930 gelio
1212 2875 1219 2914 :
1235 2856 1346 2916 Multo
1357 2869 1505 2929 corpora
1518 2854 1725 2916 Sanctorum
1742 2870 1816 2929 poce
1829 2857 1903 2914 dor-

1110 2952 1263 3013 mieroot
1300 2952 1553 3019 successerunt,
1596 2951 1630 3027 et
1671 2952 1901 3014 venemur:

1109 3050 1268 3112 sanctam
1294 3049 1489 3122 civitatem,
1524 3049 1624 3119 idest,
1651 3050 1847 3121 Jerusalem,
1872 3047 1900 3108 et

1110 3148 1351 3224 apponerem
1364 3148 1482 3208 multis
1500 3144 1630 3226 (Matth.
1651 3163 1760 3218 xxvii,
1785 3147 1846 3226 52).
1868 3145 1901 3206 Et

1110 3245 1290 3306 Zacharias
1325 3248 1403 3306 :Io
1435 3248 1605 3322 sanguine
1634 3245 1832 3309 testamenti
1857 3244 1902 3305 toi

1111 3343 1263 3404 admisti
1285 3343 1417 3405 vinctos
1437 3346 1480 3405 de
1502 3347 1577 3405 locu
1599 3347 1637 3405 iu
1659 3357 1728 3418 ouo
1745 3360 1814 3406 noo
1833 3339 1903 3405 erut

1109 3455 1201 3513 aquo
1216 3437 1329 3519 (Zaoh.
1345 3455 1396 3516 rx,
1411 3439 1475 3520 ll).
1493 3441 1594 3513 Quasi
1609 3440 1696 3502 dicat
1709 3463 1716 3502 :
1729 3443 1757 3503 0
1770 3441 1899 3510 Christe,
1964 3455 1965 3458 ¹

1112 3538 1149 3599 iu
1176 3537 1282 3600 effuso
1314 3539 1479 3615 sanguine
1501 3540 1559 3600 tuo
1587 3539 1623 3600 iu
1650 3539 1904 3618 redemptionem

1110 3635 1332 3712 peccatorum,
1349 3636 1406 3714 qui
1418 3636 1540 3698 dicitur
1556 3638 1693 3713 sanguis
1707 3636 1900 3706 testamenti,

1111 3749 1170 3811 pro
1194 3750 1234 3796 eo
1259 3734 1345 3812 quod
1361 3734 1396 3795 in
1420 3733 1493 3811 ipso
1519 3749 1641 3795 novum
1663 3735 1902 3797 Testamentum

1111 3832 1325 3905 consecrasti,
1343 3831 1488 3893 eduxisti
1503 3832 1632 3894 vinctos
1645 3831 1686 3892 de
1708 3831 1797 3906 lacu,
1813 3831 1901 3900 idest,

1111 3929 1244 4006 eosqui
1269 3929 1366 3990 erant
1389 3928 1602 3998 intenebris,
1628 3929 1663 3990 in
1686 3929 1828 4002 interno,
1852 3929 1905 3990 oh-

1111 4026 1205 4088 noxii
1228 4028 1364 4102 peccato
1388 4026 1555 4102 originali.
1582 4030 1634 4088 De
1651 4026 1739 4096 lacu,
1765 4028 1849 4090 idest
1868 4026 1904 4085 de

1112 4121 1255 4194 inferne,
1271 4122 1306 4183 in
1322 4138 1387 4199 quo
1402 4138 1469 4184 non
1486 4125 1559 4186 erat
1579 4139 1677 4202 aqua,
1693 4124 1791 4200 idest,
1808 4123 1903 4186 retri-

1112 4219 1240 4296 gerium
1260 4222 1330 4281 :lii
1341 4221 1457 4282 cutem
1472 4224 1693 4299 insanguine
1713 4220 1905 4286 testamenii

1113 4320 1201 4379 tui...
1219 4315 1331 4397 (zach.
1349 4333 1395 4390 11,
1413 4318 1477 4399 11).

1154 4417 1236 4478 Sunt
1262 4417 1350 4478 enim
1375 4417 1487 4494 plures
1514 4418 1688 4494 sanguinis
1715 4417 1901 4486 effusiones,

1113 4530 1251 4591 quarum
1258 4514 1365 4592 prima
1373 4515 1435 4577 luit
1443 4516 1479 4576 in
1488 4515 1753 4585 circumcisione,
1766 4514 1906 4578 secunda

1112 4611 1147 4672 in
1162 4612 1294 4685 sudore,
1310 4613 1409 4674 tertia
1429 4613 1463 4672 in
1484 4613 1719 4689 flagellatione,
1735 4614 1854 4691 quarta
1875 4611 1907 4672 in

1113 4709 1342 4783 crucifixione,
1371 4709 1486 4786 quinta
1506 4711 1539 4772 et
1562 4710 1677 4772 ultima
1698 4711 1734 4771 in
1757 4711 1908 4774 lanoera-

1112 4807 1214 4868 tione.
1238 4809 1285 4868 De
1308 4807 1416 4885 prima
1441 4807 1477 4868 in
1500 4808 1682 4885 Evangelio
1699 4831 1706 4869 :
1723 4811 1908 4885 Postquam

1113 4906 1342 4967 coassummott
1356 4905 1436 4966 sunt
1455 4909 1528 4968 dies
1546 4909 1621 4969 ocio
1633 4907 1672 4969 ut
1688 4909 1909 4970 cimlcnwidc-

1113 5003 1215 5065 rctur
1241 5017 1368 5077 puer...
1401 5005 1448 5064 De
1476 5003 1623 5066 secunda
1652 5005 1688 5065 in
1719 5006 1906 5082 passione:

1113 5101 1240 5163 Factus
1254 5101 1306 5162 est
1322 5103 1428 5163 sudor
1442 5103 1517 5174 elus
1540 5103 1629 5164 stom
1642 5101 1750 5180 gottw
1769 5104 1909 5178 sorigut-

1113 5201 1169 5261 ms
1191 5199 1410 5261 decurrentis
1435 5201 1472 5261 io
1503 5200 1648 5262 terram.
1679 5203 1725 5263 De
1752 5201 1850 5264 tertia
1876 5199 1907 5258 in

1114 5295 1294 5373 Evangelio
1315 5317 1323 5356 :
1339 5299 1461 5359 lesum
1474 5312 1559 5359 cero
1574 5299 1782 5376 liopelmtom
1797 5300 1907 5360 trodi-

1113 5395 1163 5456 ort
1175 5397 1305 5456 Judoeis
1319 5395 1358 5456 ut
1371 5397 1647 5472 crucifigeretur.
1662 5398 1708 5458 De
1721 5397 1836 5474 quarta
1852 5393 1910 5455 ihi·

1114 5491 1187 5553 dem
1209 5492 1424 5567 :Postqimm
1441 5495 1694 5566 criminaremini
1712 5509 1802 5567 eccm,
1822 5495 1911 5554 divi-

1113 5591 1235 5652 semmt
1268 5591 1333 5652 sihi
1367 5591 1574 5652 vestimento
1607 5606 1682 5653 suo.
1717 5593 1763 5652 De
1796 5590 1908 5668 quinta

1114 5687 1237 5750 ibidem
1262 5709 1270 5749 :
1298 5692 1390 5752 Urius
1413 5689 1562 5754 inuitum
1586 5693 1704 5753 mrwco
1724 5690 1814 5754 letos
1836 5690 1909 5761 ejus
