4080 6316
295 267 355 330 195
913 257 1089 318 llon'ouu
1113 258 1155 317 ΙΙΙ
1178 259 1327 318 OPERA.

295 427 424 488 vestras
450 423 482 484 et
504 418 740 484 monasterium
765 419 886 496 ipsum,
903 417 938 479 in
956 433 1020 495 quo
1040 417 1093 478 di·
1461 445 1630 534 GGXGH

295 525 374 586 rino
382 523 462 584 estis
471 519 629 598 obsequio
643 516 835 596 mancipati,
850 531 924 577 cum
938 515 1091 576 omnibus

295 621 391 683 honis
420 635 493 698 quae
519 617 820 695 impraesentiarum
848 613 1093 676 rationabiliter
1146 589 1198 648 Ad
1220 591 1513 662 orclttrptscopunt
1536 591 1779 666 nostratuum
1799 593 1829 654 et
1855 599 1911 668 rjus

294 718 443 798 possidet
456 718 514 778 aut
528 717 562 776 11
579 715 725 776 luturum
737 713 838 792 justis
863 713 970 774 modis
983 728 1091 791 praes·
1415 687 1668 763 SMWWWOS·

296 818 469 878 tantalico
494 813 616 891 poterit
640 812 790 889 adipisci,
814 810 876 872 sub
895 810 984 872 beati
1002 809 1092 871 Petri
1443 807 1652 884 1111111218.

296 915 329 976 et
345 913 458 974 nostra
474 912 677 990 protectione
686 909 886 987 suscipimus
899 909 931 970 et
946 923 1093 986 praesen·
1179 921 1572 984 [westmonasteriensis.
1586 924 1628 982 111,
1640 923 1684 984 11;
1700 923 1807 988 aegest,
1820 925 1891 986 rull,

297 1013 339 1074 tis
364 1011 479 1088 scripti
509 1009 694 1087 patrocinio
719 1007 972 1070 communimus.
1001 1006 1092 1076 Nulli
1457 1005 1532 1068 episi.
1550 1003 1633 1069 ¹¹⁹2]

298 1125 376 1186 ergo
392 1109 527 1170 omnino
542 1107 712 1168 hominum
725 1105 824 1166 liceat
838 1105 925 1166 hanc
937 1105 1092 1182 paginam
1201 1099 1244 1160 td
1256 1101 1478 1160 succurrendum
1493 1104 1655 1161 Prussnlcae
1667 1101 1876 1177 gentlerhcun

298 1209 422 1270 nostrae
446 1205 662 1283 protectionis
688 1203 871 1280 intringere
890 1203 943 1266 vel
959 1202 990 1265 ei
1009 1219 1093 1264 ausu
1476 1191 1612 1264 lt⁰fflise¹·

297 1305 477 1367 temerario
493 1303 669 1365 contraire.
691 1301 816 1378 Siquis
835 1303 945 1363 autem
961 1301 1094 1363 111111-
1190 1301 1366 1372 Honorius
1384 1301 1459 1372 etc,
1481 1301 1729 1364 venerabilibus
1748 1301 1915 1364 iratribus...

298 1403 429 1464 tentare
444 1399 703 1478 praesumpserit,
720 1397 983 1474 indignationem
992 1398 1095 1459 omni·
1149 1399 1343 1474 Magantino
1375 1398 1626 1478 archiepiscopo
1656 1403 1690 1461 et
1724 1401 1917 1479 sublegereis

299 1499 443 1578 potentis
458 1498 517 1560 Dei
531 1499 563 1560 et
573 1497 744 1560 beatorum
759 1497 849 1560 Petri
863 1497 896 1560 et
911 1495 1006 1558 Pauli
1019 1511 1096 1574 apo·
1150 1499 1233 1572 ejus,
1251 1496 1403 1568 salutem,
1415 1499 1479 1558 etc.

300 1597 460 1658 stolorum
475 1599 548 1672 ejus
567 1611 603 1656 se
618 1595 749 1656 noverit
762 1595 986 1656 incursurum.
1191 1597 1227 1656 ln
1256 1595 1401 1656 Prassiae
1422 1594 1572 1672 partibus
1596 1597 1741 1673 populus
1767 1599 1814 1659 est
1834 1613 1850 1658 a
1870 1597 1918 1658 ade

339 1696 457 1756 Datum
495 1697 619 1765 Romae,
648 1692 735 1770 apud
765 1694 923 1754 Sanctum
960 1694 1094 1754 Petrum
1151 1707 1287 1770 prorsus
1315 1693 1508 1756 exorbitans
1535 1695 1568 1755 et
1591 1692 1665 1770 plus
1696 1709 1793 1771 quam
1812 1693 1918 1755 bestiali

300 1792 406 1870 pridie
428 1791 502 1852 idus
525 1790 626 1869 11111,
647 1789 858 1868 pontificatus
882 1791 989 1852 nostri
1008 1806 1095 1852 anno
1151 1789 1281 1852 dellitus
1297 1790 1432 1862 feritati,
1448 1793 1504 1868 qni
1519 1793 1555 1852 ut
1573 1807 1613 1854 ea
1633 1791 1769 1864 faciant,
1784 1808 1849 1870 quac
1866 1808 1917 1852 non

275 1949 280 1958 ,
300 1889 455 1954 secundo.
1151 1889 1354 1950 conveniunt
1376 1888 1467 1949 inter
1486 1889 1553 1950 alia
1570 1889 1690 1962 multa,
1707 1907 1780 1967 quae
1794 1891 1831 1950 de
1850 1890 1919 1966 ipsc-

1152 2001 1224 2046 rum
1240 1985 1446 2046 immanitate
1466 1984 1627 2057 teruntur,
1650 1989 1861 2064 quotcumque
1878 1985 1918 2046 1-

625 2047 771 2135 GCXGI
1151 2083 1271 2144 minini
1287 2099 1388 2144 sexus
1409 2085 1516 2146 mater
1536 2084 1656 2161 pariat,
1680 2085 1920 2161 perimuntprae·

299 2206 351 2264 Ad
360 2203 652 2276 arclatepisccpum
663 2203 888 2261 Viennensem
899 2200 932 2260 et
942 2201 1097 2262 abbatem
1151 2183 1203 2243 1θῖ
1238 2197 1356 2254 unam,
1393 2183 1560 2260 tamquam
1596 2183 1739 2244 DOffliss0
1772 2182 1866 2244 velint
1893 2183 1918 2240 it

429 2299 547 2361 Sattctt
567 2297 713 2360 Vtctorts
727 2300 968 2359 Massiliensis.
1152 2281 1390 2357 propagatione
1416 2280 1553 2340 liurnani
1574 2281 1709 2357 generis
1724 2279 1850 2342 obviare
1865 2295 1920 2355 pas.

598 2438 631 2496 Η
643 2436 715 2512 junii
729 2437 806 2496 mg·
1152 2377 1214 2438 sim
1230 2380 1262 2439 et
1276 2377 1348 2438 sine
1359 2378 1559 2438 verecundia
1570 2379 1684 2456 plures
1700 2377 1920 2454 corumpi-csti-

1152 2477 1247 2537 tuunt
1262 2475 1349 2537 illias
1361 2477 1394 2536 et
1409 2491 1531 2537 uxores
1545 2491 1585 2538 ac
1604 2477 1755 2553 captivos
1772 2475 1919 2536 immolant

331 2575 447 2640 [negesu
459 2571 503 2622 lib·
515 2571 545 2630 11,
559 2571 631 2636 episc.
646 2569 715 2620 ¹¹⁸⁸·
726 2571 783 2621 uss.
794 2570 912 2622 ¹⁴³P0rt⁰
926 2570 960 2620 ou
971 2570 1064 2634 lucil]
1152 2573 1216 2633 diis
1240 2571 1311 2632 suis
1330 2573 1532 2648 intingentes
1549 2573 1680 2648 gladios
1703 2576 1737 2634 et
1751 2573 1881 2644 lanceas,
1893 2575 1920 2631 ut

367 2705 484 2764 Mandat
496 2713 526 2762 ut
539 2704 687 2777 perllciant
701 2703 915 2776 inquisitionem
931 2711 1029 2761 contra
1152 2685 1343 2748 l'msf'efflm
1360 2670 1525 2732 s⁰st¹¹¹¹³m
1545 2669 1702 2743 habeant
1725 2671 1760 2731 1¹¹
1782 2670 1920 2747 sanguine

420 2795 551 2851 abbatem
568 2793 734 2850 mmmm
749 2793 844 2850 sancti
858 2791 975 2866 AEgppp
1152 2769 1395 2845 praedictorum,
1412 2769 1542 2843 gentem
1558 2768 1658 2830 etiam
1669 2769 1774 2840 illam,
1790 2783 1876 2846 quam
1887 2767 1918 2825 de

1152 2866 1260 2926 medio
1286 2865 1433 2942 ipsorum
1464 2864 1654 2927 misericors
1686 2865 1857 2934 Dominus,
1876 2862 1919 2940 qui

1153 2963 1319 3024 neminem
1334 2963 1405 3024 vult
1420 2961 1539 3039 perire,
1559 2963 1600 3024 ad
1624 2964 1825 3040 agnitionem
1844 2961 1919 3022 reri·

1152 3061 1229 3122 tatis
1249 3061 1388 3121 adduxit
1412 3060 1447 3121 in
1475 3059 1552 3121 fidel
1577 3061 1703 3123 nostrae
1725 3059 1918 3136 contemptun

1154 3158 1249 3218 noris
1259 3159 1293 3219 et
1303 3157 1566 3220 intolerabilibus
1579 3157 1808 3221 exactionibus
1817 3157 1920 3234 inquis⁴

340 2929 517 3000 Honorius,
530 2929 604 2999 etc,
619 2925 803 2988 venerabili
819 2927 951 2989 tratri...
964 2927 1098 2989 archie-

302 3027 438 3105 piscopc
466 3026 629 3088 viennen.
650 3025 683 3086 et
711 3025 831 3087 dilecto
851 3025 957 3086 tilio...
985 3025 1097 3088 abbati

302 3125 414 3186 Sancti
430 3123 573 3187 victoris
588 3121 772 3182 Massilien.

340 3222 429 3284 Visis
455 3220 576 3282 litteris
601 3235 683 3296 quas
708 3218 848 3281 dilectus
870 3217 959 3296 tilius
983 3222 1099 3282 noster

301 3317 502 3382 Bertraudus
530 3315 619 3379 tituli
653 3316 842 3376 sanctorum
870 3315 1033 3377 debannis
1066 3318 1099 3378 et

301 3417 398 3479 Pauli
411 3414 585 3494 presbyter
594 3411 775 3475 cardinalis
792 3414 990 3490 Apostolicae
1003 3414 1097 3475 Sedis

301 3516 430 3592 legatus
446 3513 599 3574 contra...
612 3509 763 3573 abbatem
778 3511 973 3573 monasterii
986 3511 1097 3574 Sancti

301 3607 1098 3690 1111111111(1111111111111111111111111111111111

302 3711 343 3774 ad
358 3711 410 3771 sui
421 3708 670 3771 excusationem
680 3707 852 3784 proposuit
864 3723 976 3769 coram
989 3707 1095 3780 nobis,

301 3825 400 3886 quum
416 3807 637 3884 praesumatur
647 3806 687 3866 de
702 3804 939 3883 dilapidatione
957 3822 1096 3884 suspec-

301 3909 365 3979 tus,
382 3903 586 3984 providimus
603 3905 639 3964 ut
654 3903 872 3979 suspensione
890 3903 996 3980 ipsius
1011 3903 1097 3965 facta

301 4019 361 4080 per
384 4001 586 4064 cardinalem
602 3999 709 4078 quoad
730 4000 962 4077 temporalium
991 4000 1099 4065 admi-

301 4100 498 4161 nistratione
510 4099 673 4168 manente,
688 4098 776 4158 circa
788 4098 1097 4175 ipsuminquisitio-

301 4197 354 4258 nis
367 4195 474 4257 olllcio
483 4198 663 4256 uteremur.
672 4194 833 4266 Quocirca
842 4197 1097 4274 perApostoIica

301 4294 396 4356 robis
410 4293 531 4370 scripta
551 4291 758 4364 mandamus,
783 4295 945 4369 quatenus
965 4293 1006 4356 ad
1022 4294 1097 4356 dic-

300 4397 371 4456 tum
387 4391 625 4454 monasterium
647 4390 869 4467 personaliter
888 4391 1096 4465 accedentes,

301 4507 401 4568 super
420 4489 658 4567 dilapidatione
677 4503 717 4550 ac
741 4487 828 4561 aliis,
853 4505 953 4566 super
977 4490 1097 4568 quibus

301 4590 460 4651 adsersus
483 4587 592 4664 ipsum
618 4587 770 4650 abbatem
797 4585 918 4648 tamam
944 4587 1097 4650 laborare

299 4687 462 4758 videritis
478 4685 655 4764 inquiratis
666 4684 815 4764 plenarie
835 4686 1020 4758 veritatem,
1036 4702 1099 4748 no-

299 4785 350 4848 bis
380 4783 537 4862 quidquid
568 4783 785 4856 11111111111,
815 4785 884 4844 tam
917 4800 1017 4862 super
1044 4785 1097 4846 his

264 4871 270 4883 '
301 4899 398 4960 quam
414 4881 482 4941 illis
498 4897 571 4958 quae
593 4882 633 4942 ad
655 4882 707 4942 sui
722 4882 971 4944 excusationem
987 4883 1096 4944 duxe-

229 5035 234 5050 ,
300 4982 345 5042 111
359 4979 583 5056 proponenda,
602 4979 743 5042 fideliter
756 4980 965 5058 rescripturi,
983 4982 1018 5043 ut
1038 4997 1097 5058 per

299 5095 359 5140 ros
375 5075 578 5138 sufficienter
592 5075 745 5139 instructi
763 5078 852 5138 circa
863 5077 983 5155 ipsum,
1001 5082 1097 5155 prout

300 5176 458 5254 expedire
485 5174 695 5246 videremus,
726 5175 954 5252 procedamus.
978 5177 1096 5238 Datum

301 5277 413 5336 Romae
429 5273 516 5352 apud
540 5274 697 5335 Sanctum
714 5275 846 5334 Petrum
862 5273 1008 5335 secundo
1021 5274 1095 5336 idus

299 5373 396 5449 iunii,
414 5371 624 5450 pontificatus
640 5371 747 5434 nostri
760 5387 847 5432 anno
859 5371 1014 5434 secunde.

1153 3257 1224 3316 1111
1238 3255 1453 3318 multifariam
1475 3257 1650 3320 molientes
1664 3273 1725 3318 eos
1748 3257 1787 3318 de
1800 3253 1920 3318 tenebris

1153 3355 1265 3415 erutos
1287 3355 1329 3414 ad
1354 3354 1508 3416 tenebras
1537 3355 1821 3431 persecutionibus
1841 3367 1920 3413 reso·

1153 3469 1240 3514 care.
1257 3455 1360 3514 Porro
1372 3452 1575 3514 venerabilis
1587 3452 1692 3515 trater
1703 3450 1922 3528 nosterepisco

1153 3567 1214 3628 pus
1241 3551 1386 3612 Prassiae
1415 3565 1455 3612 ac
1476 3551 1536 3612 alii
1556 3552 1613 3628 qui
1643 3565 1703 3627 per
1727 3549 1858 3626 11111111
1876 3547 1920 3607 liei

1153 3647 1312 3727 quasdam
1325 3647 1370 3708 ibi
1380 3651 1637 3710 construxerunt
1650 3649 1809 3710 ecclesias
1823 3643 1922 3708 abomi-

1153 3747 1271 3808 nantes
1286 3745 1489 3822 impietatem
1507 3746 1700 3825 hujusmodi
1716 3748 1749 3808 et
1766 3741 1920 3817 eorumqni

1153 3845 1193 3906 de
1215 3860 1301 3906 novo
1324 3844 1366 3904 ad
1389 3845 1556 3905 Christum
1580 3845 1757 3913 venerunt,
1777 3840 1921 3920 angustias

1153 3943 1360 4013 miserantes,
1379 3943 1411 4003 et
1426 3943 1462 4004 ut
1479 3941 1600 4004 ibidem
1620 3939 1699 4004 tidei
1722 3941 1822 4021 possit
1835 3951 1920 4013 nego-

1152 4041 1235 4102 tium
1251 4039 1450 4116 prcmoveri,
1477 4041 1674 4112 statuerunt,
1700 4041 1731 4102 si
1752 4041 1855 4102 111111
1872 4032 1920 4095 sili

1153 4139 1329 4215 suppetant
1354 4137 1540 4208 facultates
1566 4137 1735 4200 necandas
1755 4145 1921 4212 comparare

1153 4235 1291 4313 puellas,
1306 4239 1343 4298 ut
1357 4235 1546 4297 educandas
1561 4236 1695 4297 easdem
1720 4252 1778 4298 eas
1792 4232 1866 4294 lucri
1882 4229 1895 4289 1
1907 4259 1922 4272 -

1153 4350 1228 4396 1111
1244 4334 1371 4411 possint
1385 4335 1516 4397 Christo
1535 4349 1574 4395 ac
1586 4333 1633 4395 ibi
1650 4334 1762 4396 scolas
1780 4331 1920 4394 Pruteno-

1153 4447 1226 4494 rum
1242 4433 1416 4494 instituere
1437 4448 1626 4510 puerorum,
1653 4432 1711 4510 qui
1732 4433 1768 4493 ut
1786 4445 1860 4507 gens
1875 4425 1919 4484 illa

1153 4530 1366 4592 convertatur
1391 4530 1433 4591 ad
1454 4531 1562 4603 tidem,
1588 4530 1765 4592 addiscant
1777 4523 1919 4590 efficacius

1153 4643 1250 4705 qnam
1273 4626 1409 4690 advenae
1438 4628 1620 4704 praedicare
1649 4643 1689 4690 ac
1718 4623 1918 4702 evangelizare

1152 4725 1327 4788 Dominum
1347 4729 1459 4787 lesum
1475 4727 1652 4798 Christum,
1673 4727 1818 4789 volentes
1839 4721 1916 4782 etiam

1152 4821 1327 4898 episcopus
1343 4821 1447 4884 etalii
1472 4821 1621 4899 praedicti
1644 4821 1810 4884 subveniri
1831 4815 1917 4878 tideli-
2001 4859 2002 4898 p

1151 4920 1213 4982 bus
1228 4919 1405 4992 tribulatis,
1429 4920 1563 4982 illorum
1583 4922 1766 4998 praesertim
1781 4915 1916 4980 instanter
2001 4911 2002 4982 l

1153 5017 1502 5095 implorantauxilium
1511 5019 1553 5080 ad
1563 5019 1781 5081 resistendum
1791 5014 1915 5078 barbara

1153 5117 1291 5187 nationi,
1308 5117 1365 5192 qui
1380 5116 1527 5178 nondum
1542 5117 1651 5178 crucis
1666 5115 1860 5192 signaculum
1871 5125 1915 5170 re·

1152 5215 1321 5293 ceperunt,
1335 5229 1396 5275 nec
1411 5214 1589 5292 disponunt
1606 5215 1678 5276 suis
1691 5213 1833 5276 humeris
1851 5202 1915 5268 illud

1151 5313 1286 5390 affigere
1302 5313 1335 5374 in
1351 5313 1449 5374 terrae
1470 5313 1639 5390 praedictse
1661 5312 1837 5374 subsidium
1856 5319 1917 5383 pro-

1152 5411 1269 5474 fecturi
1285 5411 1387 5488 etqui
1403 5411 1499 5486 signo
1509 5411 1618 5474 crucis
1630 5411 1764 5488 accepto
1776 5399 1917 5470 viribuset

1152 5509 1362 5572 facultatibus
1375 5507 1501 5570 eisdem
1522 5525 1588 5570 non
1610 5505 1850 5588 suppetentibus
1863 5512 1915 5561 non

1144 5610 1292 5684 wpossunt
1303 5608 1441 5684 exsequi
1457 5609 1533 5669 vota
1549 5625 1620 5670 sua.
1632 5610 1711 5675 Clam
1724 5605 1820 5682 igitur
1832 5599 1878 5661 bic
1889 5607 1915 5652 st
