3960 6304
241 303 280 364 55
857 299 1032 360 HONORII
1054 297 1098 358 III
1120 297 1268 358 OPERA.
1796 313 1821 370 pp

244 462 398 525 omnibus
414 477 557 538 praeesse
580 459 720 532 debebit,
738 459 884 520 omnium
901 459 957 536 qui
971 475 1038 520 cae-

244 561 325 623 teris
353 559 499 638 praesunt
529 558 756 630 monasteriis,
795 573 975 628 consensu,
1006 557 1038 617 et

241 658 366 736 Judicio
380 657 532 732 eligatur.
545 656 637 728 Quod
652 655 680 716 si
694 654 777 717 torte
792 671 835 716 ex
847 654 928 732 ipsis
941 654 1038 716 abba-

244 755 332 816 tibus
352 753 489 831 quilibet
511 753 664 830 (Domino
688 751 896 832 disponente)
919 752 959 814 ad
975 752 1037 812 hoc

244 851 399 928 generale
415 851 563 926 regimen
579 851 703 913 electus
715 850 825 923 tuerit,
837 851 879 912 ad
892 851 1037 912 restrum

244 949 472 1027 principaliter
497 949 681 1010 caenobium
708 949 875 1020 transeat,
905 949 938 1010 et
966 950 1038 1027 ejus

245 1063 324 1109 mox
348 1048 486 1125 judicio,
514 1047 600 1110 sicut
623 1047 658 1108 in
691 1046 807 1108 diebus
835 1062 909 1108 ren.
938 1062 1036 1107 mem.

245 1146 420 1220 Iohannis,
432 1146 531 1222 primi
546 1144 793 1218 abbatisvestri,
809 1144 932 1206 iactum
942 1160 1040 1206 cons-

246 1243 305 1314 tat,
332 1243 454 1304 caetera
475 1244 586 1304 omnia
606 1243 698 1304 unita
719 1242 814 1304 robis
836 1241 1038 1304 monasteria

247 1339 476 1416 disponantur.
493 1340 644 1401 Chrisma
654 1357 744 1413 vero,
758 1340 1036 1413 oleumsanctum,

248 1438 515 1498 consecrationes
537 1438 703 1510 altarium,
725 1454 786 1499 seu
810 1438 1036 1510 basilicarum,

247 1533 473 1597 ordinationes
501 1535 717 1608 clericorum,
741 1537 774 1598 et
800 1535 1038 1598 monachorum

246 1633 443 1705 vestrorum,
462 1648 482 1693 a
501 1649 707 1710 quocumque
727 1632 912 1694 malueritis
927 1633 1038 1694 susci-

247 1729 344 1806 pietis
362 1730 528 1807 episcopo,
546 1731 708 1808 siquidem
728 1730 910 1792 catholicus
926 1729 1036 1802 luerit,

246 1826 280 1887 et
292 1827 446 1902 gratiam,
454 1829 552 1904 atque
565 1829 829 1890 communionem
839 1827 1038 1904 Apostolicae

249 1923 344 1986 Sedis
356 1923 520 1996 babuerit,
531 1925 564 1987 et
577 1941 617 1986 ea
626 1925 742 2001 gratis,
758 1927 790 1987 et
802 1924 925 2002 absque
933 1925 1039 2001 pravi·

245 2022 312 2083 tate
326 2021 470 2084 voluerit
482 2022 655 2100 tmpertiri.

288 2118 498 2195 sepulturam
525 2136 655 2198 quoque
683 2119 777 2183 vobis
801 2120 939 2183 liberam
965 2136 1038 2182 esse

246 2217 468 2290 concedimus,
481 2219 641 2280 uteorum
652 2218 829 2291 devotioni,
839 2219 871 2280 et
881 2219 1038 2281 extremae

246 2313 421 2387 voluntati,
436 2316 493 2392 qui
501 2332 537 2377 se
545 2316 614 2378 illic
622 2316 757 2394 sepeliri
770 2316 1037 2390 deliberaverint,

246 2410 312 2472 nisi
327 2411 411 2474 torte
423 2415 712 2487 excommunicati,
725 2415 777 2478 uel
790 2414 957 2476 interdicti
972 2415 1039 2476 tue·

245 2509 329 2582 rint,
354 2511 465 2572 nullus
491 2511 641 2574 obsistat.
664 2513 763 2575 Salva
782 2517 891 2575 tamen
907 2513 1038 2591 justina

245 2607 379 2668 illarum
399 2610 628 2682 ecclesiarum,
654 2611 813 2688 aquibus
834 2612 1038 2673 mortuorum

246 2721 386 2782 corpora
404 2709 628 2770 assumuntur.
652 2710 865 2770 Decernimus
889 2725 979 2784 ergo,
1004 2709 1040 2770 ut

247 2801 333 2864 nulli
359 2804 493 2865 omnino
521 2805 693 2866 hominum
718 2807 817 2867 liceat
846 2807 1039 2882 praedictum

246 2899 484 2960 monasterium
508 2902 631 2963 temere
656 2902 860 2980 perturbare,
886 2903 944 2964 aut
968 2905 1039 2979 eJus

247 2997 474 3073 possessiones
497 2998 640 3072 auferre,
657 3000 709 3062 vel
729 3000 857 3062 ablatas
881 3001 1036 3073 retinere,

247 3093 409 3166 minnere,
435 3111 494 3157 seu
518 3096 683 3174 aliquibus
704 3097 937 3160 vexationibus
957 3097 1039 3160 tati-

247 3205 339 3266 gare,
354 3190 410 3252 sed
426 3193 537 3253 omnia
552 3192 691 3266 illibata,
706 3196 739 3257 et
753 3195 893 3272 integra,
909 3210 1040 3257 conser-

247 3289 366 3350 ventur
377 3305 502 3363 eorum,
513 3307 573 3366 pro
584 3308 724 3368 quorum
735 3292 985 3370 gubernatione,
1001 3308 1040 3354 ac

248 3384 511 3449 substentatione
527 3405 685 3450 concessa
701 3390 787 3462 sunt,
803 3390 917 3451 usibus
932 3391 1041 3452 omni-

247 3483 352 3544 modis
381 3485 562 3560 protutura,
593 3487 685 3548 salva
715 3488 808 3548 Sedis
843 3487 1039 3565 apostolicae

247 3582 455 3644 auctoritate.

286 3679 321 3740 Si
333 3695 397 3756 qua
410 3681 513 3758 igitur
526 3682 562 3743 in
576 3680 722 3744 futurum
733 3683 969 3755 ecclesiastica,
986 3699 1041 3744 se-

247 3776 412 3840 cularisve
443 3795 585 3856 persona
615 3781 703 3842 hano
726 3782 847 3844 nostrae
874 3782 1039 3844 constitu-

246 3875 347 3936 tionis
369 3877 524 3953 paginam
546 3878 665 3951 sciens,
688 3881 804 3941 contra
827 3895 900 3942 eam
923 3880 1039 3941 uenire

246 3973 443 4045 notaveris,
479 3976 623 4036 secundo
653 3976 793 4038 tertiove
819 3977 1036 4048 commonita,

246 4069 312 4130 nisi
324 4073 452 4132 reatum
465 4089 561 4132 suum
574 4088 722 4148 congrua
733 4072 957 4134 satisfactione
970 4089 1040 4134 cor·

244 4167 380 4238 rexerit,
398 4169 579 4243 potestatis,
596 4169 797 4247 honorisque
813 4170 863 4229 sni
880 4170 1039 4246 dignitate

247 4265 369 4336 careat,
389 4281 546 4342 reamque
568 4282 603 4326 se
625 4267 738 4328 divino
749 4267 875 4344 judicio
894 4267 1039 4330 existere

247 4361 287 4422 de
301 4363 490 4438 perpetrata
505 4363 680 4441 iniquitate
693 4366 880 4442 cognoscat,
897 4367 929 4428 et
943 4382 962 4427 a
979 4382 1038 4427 sa-

247 4459 434 4522 cratissimo
465 4478 613 4538 corpore,
649 4479 688 4524 ac
714 4463 876 4540 sanguine
901 4464 976 4539 Dei,
1007 4466 1040 4525 et

245 4558 377 4619 Domini
406 4559 636 4638 Redemptoris
673 4561 778 4622 nostri
804 4563 883 4622 lesu
916 4561 1039 4622 Christi

248 4655 442 4729 alienafiat,
459 4659 558 4735 atque
573 4659 608 4720 in
631 4658 777 4720 extremo
799 4658 953 4718 examine
965 4658 1038 4720 dis-

245 4753 351 4816 trictae
379 4755 498 4816 ultioni
532 4756 711 4834 subjaceat.
753 4756 886 4817 Cunctis
928 4758 1039 4817 autem

245 4851 353 4912 eidem
367 4852 441 4914 loco
454 4870 513 4914 sua
524 4856 603 4930 jura
616 4853 824 4914 servantibus
838 4853 881 4914 sit
894 4869 960 4930 pax
979 4856 1039 4916 Do-

246 4949 328 5011 mini
352 4951 457 5011 nostri
474 4953 553 5012 Jesu
575 4951 710 5023 Christi,
725 4953 887 5028 qnatenus
907 4952 939 5014 et
960 4952 1038 5014 hinc

246 5047 388 5108 fructum
413 5047 507 5108 bonae
523 5048 663 5110 actionis
683 5049 878 5126 percipiant,
897 5051 930 5112 et
951 5051 1037 5127 apud

245 5143 432 5206 districtum
453 5146 600 5225 judicem
624 5148 759 5223 praemia
792 5149 925 5208 aeternae
947 5148 1037 5225 pacis

246 5243 428 5305 inueniant.
452 5248 567 5306 Amen.
581 5247 696 5305 Anien.
712 5247 827 5306 Amen.

286 5344 353 5416 Ego
372 5343 550 5414 Honorius,
569 5343 741 5404 catholicae
764 5343 920 5404 Ecclesiae
942 5343 1037 5420 epis-

245 5455 357 5515 copus,
373 5439 564 5517 subscripsi.

286 5539 353 5612 Ego
376 5538 543 5599 Nicolnus.
570 5540 701 5600 Tuscul.
730 5540 904 5618 episcopus
937 5539 1036 5600 subs-

245 5649 357 5710 clusi.

1133 460 1200 534 Ego
1216 457 1334 530 Gnido,
1345 457 1573 522 Praenestinus
1591 459 1744 540 episcopus
1755 467 1825 528 subs-

1092 571 1205 632 cripsr.

1132 653 1832 738 EgoHugolinus,hostienetvoheuenepn

1093 767 1194 830 copus
1210 751 1404 829 subscripsi.

1132 852 1201 925 Ego
1225 850 1387 922 CinthiuS,
1403 851 1453 913 tit.
1476 853 1509 914 S.
1530 853 1693 915 Laurentii
1704 854 1732 914 in
1742 857 1835 916 Lucina

1095 947 1200 1024 presb.
1218 947 1307 1008 card.
1324 947 1517 1026 subscripsi.

1133 1047 1200 1121 Ego
1225 1047 1415 1122 Gregorius,
1432 1047 1482 1110 tit.
1509 1049 1543 1110 S.
1566 1048 1737 1110 Anastasia
1756 1050 1837 1126 presb.

1093 1143 1182 1203 card.
1198 1143 1391 1222 subscripsi.

1133 1243 1200 1316 Ego
1217 1243 1348 1315 Petrus,
1368 1243 1420 1306 tit.
1443 1245 1476 1304 S.
1497 1243 1666 1306 Laurentii
1685 1242 1718 1304 in
1733 1245 1841 1304 banasa

1093 1336 1202 1414 presb.
1219 1340 1309 1401 card.
1324 1340 1516 1418 subscripsi.

1133 1438 1201 1512 Ego
1216 1437 1333 1510 Gnido,
1349 1441 1381 1499 S.
1392 1438 1569 1500 Nicolaiin
1581 1440 1715 1500 Caruere
1725 1437 1845 1498 Tulliano

1094 1533 1178 1594 diac.
1193 1534 1283 1595 card.
1300 1535 1492 1612 subscripsi.

1133 1633 1201 1706 Ego
1229 1633 1448 1705 Octavianus,
1475 1633 1545 1694 S.S.
1573 1631 1678 1708 Sergii
1701 1632 1731 1692 et
1754 1631 1848 1691 Bacchi

1093 1727 1178 1789 diac.
1193 1730 1283 1790 card.
1299 1728 1491 1808 subscripsi.

1133 1828 1201 1902 Ego
1222 1828 1408 1900 Johannes,
1431 1829 1502 1889 S.S.
1518 1829 1645 1890 Cosmae
1674 1827 1705 1888 et
1727 1825 1850 1886 Damiani

1093 1924 1178 1986 diac.
1195 1924 1284 1986 card.
1300 1925 1492 2002 subscripsi.

1134 2025 1201 2098 Ego
1223 2024 1414 2099 Gregorius,
1441 2025 1473 2084 S.
1503 2022 1668 2084 Theodori
1682 2023 1760 2082 diac.
1783 2035 1815 2080 oa
1829 2018 1851 2078 d.

1094 2119 1286 2197 subscripsi.

1133 2220 1200 2294 Ego
1230 2219 1428 2296 Stephanus,
1459 2221 1492 2282 S.
1513 2217 1652 2280 Adriani
1679 2217 1758 2278 diac.
1784 2213 1854 2275 card.

1093 2314 1284 2394 subscripsi.

1133 2416 1250 2477 Datum
1257 2415 1413 2477 Laterani
1424 2430 1484 2493 per
1495 2430 1630 2476 manum
1642 2411 1781 2482 Ranerii,
1792 2409 1859 2486 prio

1092 2511 1140 2572 ris
1161 2514 1193 2573 S.
1215 2512 1388 2589 Frigdiani
1407 2514 1529 2574 Lucen.
1551 2514 1584 2572 S.
1609 2515 1649 2574 R.
1672 2513 1707 2572 Ε.
1727 2510 1859 2570 vicecan-

1093 2609 1233 2682 cellarii,
1250 2609 1359 2671 idibus
1371 2610 1526 2682 octobris,
1534 2609 1716 2671 indictione
1726 2609 1763 2678 V,
1773 2607 1860 2664 lucar

1093 2707 1239 2770 nationis
1254 2707 1435 2770 Dominicae
1447 2722 1535 2768 anno
1561 2705 1731 2776 MCCXVI,
1746 2699 1860 2780 pontifi-

1094 2807 1186 2866 catus
1211 2821 1292 2869 vero
1318 2805 1444 2868 domini
1461 2805 1600 2866 Honorii
1621 2807 1686 2866 ΡΡ.
1714 2803 1767 2874 Ill,
1792 2811 1861 2859 anno

1094 2919 1211 2981 pnmo.

1388 3100 1591 3186 XXXVIII

1132 3307 1185 3366 Ad
1194 3305 1673 3378 arerrrrpaeopam,monrium
1687 3302 1721 3362 et
1734 3301 1837 3360 areld-

1284 3405 1465 3462 dioconrnn
1481 3405 1708 3462 anorzcnsas.

1390 3515 1423 3573 IS
1441 3520 1495 3571 oct.
1512 3513 1590 3571 lato.

1139 3641 1247 3706 [liegest.
1262 3639 1306 3692 lib.
1324 3641 1343 3699 l,
1356 3639 1429 3704 epist.
1443 3637 1481 3687 39.
1496 3637 1553 3688 ilss.
1566 3637 1601 3687 La
1610 3637 1690 3688 Porta
1703 3597 1832 3694 dul'heilp

1095 3788 1443 3864 hrcntopiscopo,deeano
1457 3796 1486 3846 et
1501 3787 1704 3846 erclddiacouo
1714 3781 1871 3844 Turonensi-

1128 3880 1182 3938 bus
1194 3879 1300 3948 scribit,
1313 3878 1453 3935 deiectum
1469 3878 1568 3934 litterae
1582 3891 1639 3933 non
1654 3875 1756 3932 vitiare
1768 3872 1872 3942 rescrip-

1128 3976 1188 4026 tum
1204 3967 1403 4040 apostolicum,
1418 3967 1517 4038 eisque
1532 3963 1661 4034 mandat,
1678 3965 1752 4022 utin
1772 3959 1873 4044 negotio

1129 4057 1310 4130 berengariae
1322 4055 1466 4128 quondam
1483 4054 1642 4128 anglorum
1661 4053 1771 4127 regina
1789 4056 1873 4108 contra

1130 4145 1252 4203 nobilem
1282 4147 1374 4202 virum
1395 4145 1568 4202 willelmum
1599 4142 1636 4200 de
1665 4140 1815 4208 Guarchia,
1835 4135 1875 4209 qui

1129 4250 1192 4291 eam
1208 4241 1302 4291 castro
1313 4231 1348 4290 de
1364 4233 1481 4306 segreio
1497 4233 1656 4307 pertinente
1673 4229 1709 4288 ad
1724 4229 1874 4303 ipsamjura

1128 4323 1254 4380 dotalitio
1264 4323 1445 4394 spoliaverat,
1455 4321 1534 4393 Juxta
1546 4321 1672 4394 priorum
1683 4317 1875 4377 continentiam

1129 4413 1284 4470 litterarum
1300 4409 1463 4483 procedant.

1133 4556 1393 4627 HonorIuseto,
1410 4555 1659 4632 archiepiscopo
1672 4545 1876 4632 (Turonensi)

1094 4656 1126 4715 et
1140 4654 1269 4714 dilectis
1284 4653 1362 4714 filiis
1377 4653 1501 4713 decano
1514 4655 1547 4714 et
1559 4651 1806 4713 archidiacono.

1133 4752 1284 4828 Experto
1303 4751 1484 4812 carissimae
1500 4751 1534 4810 in
1550 4748 1681 4810 Christo
1701 4749 1750 4809 tili
1769 4752 1879 4809 Beren-

1093 4850 1195 4924 gariae
1211 4848 1375 4925 quondam
1391 4847 1571 4922 Anglorum
1584 4846 1712 4921 reginae
1735 4843 1797 4906 suit
1810 4857 1879 4918 pro-

1094 4948 1235 5024 positum
1253 4961 1365 5007 coram
1384 4945 1490 5016 nobie,
1507 4944 1593 5020 quod
1608 4959 1683 5003 cum
1699 4942 1819 5004 nobilis
1834 4938 1879 4997 rir

1093 5047 1145 5105 W.
1163 5045 1203 5105 de
1225 5044 1376 5104 Wirchia
1402 5044 1435 5103 et
1457 5041 1633 5118 complices
1657 5043 1732 5117 ejus
1753 5041 1880 5100 Nanne-

1093 5145 1158 5205 ten.
1184 5142 1352 5204 Redonen.
1387 5141 1419 5200 et
1453 5139 1663 5212 audegaven.
1693 5137 1878 5200 dioecesum

1093 5242 1198 5317 ipsam
1211 5242 1319 5300 castro
1335 5239 1374 5299 de
1391 5237 1527 5312 Segreio
1542 5237 1583 5297 ad
1601 5251 1673 5297 eam
1688 5235 1820 5295 ratione
1834 5228 1880 5290 sui

1093 5337 1234 5400 dotalitii
1248 5337 1433 5414 pertinente
1448 5349 1507 5411 pro
1523 5350 1592 5394 suae
1607 5332 1790 5394 voluntatis
1804 5327 1882 5392 arbi·

1093 5437 1156 5498 trio
1172 5435 1356 5513 spoliarint,
1374 5433 1487 5509 etipsa
1503 5447 1603 5508 super
1621 5431 1683 5491 hoc
1700 5430 1816 5490 contra
1829 5439 1880 5488 eos

1092 5534 1214 5595 abonae
1227 5531 1394 5594 memoriae
1404 5530 1595 5592 Innocentio
1608 5543 1691 5605 papa
1708 5525 1881 5604 praedeces·

1093 5648 1166 5694 sora
1182 5633 1294 5692 nostro
1313 5631 1352 5692 ad
1371 5647 1429 5691 ros
1443 5630 1570 5691 litteras
1591 5623 1794 5704 impetrarit3
1810 5618 1880 5698 quia
