4072 6314
86 329 150 386 1129

88 490 199 548 Deum
223 483 288 566 (1).
312 485 472 558 Quocirca
488 482 681 546 discretioni
704 481 823 544 vestrae
845 497 905 559 per

88 583 295 661 apostolica
310 583 432 662 scripta
449 581 656 654 mandamus,
674 581 837 658 quatenus
849 595 905 640 re-

87 699 167 758 gem
198 681 315 758 ipsum
344 680 472 742 adhoc
502 678 664 741 moneatis
679 679 857 756 prudenter
871 680 904 738 et

89 778 286 841 efficaciter
310 779 486 840 inducatis.
514 777 605 849 Quod
628 777 657 836 si
687 792 754 838 non
777 791 901 848 omnes,

89 877 157 937 duo
182 878 352 948 vestrum,
369 879 431 937 etc.
449 874 567 936 Datum
586 874 753 946 Laterani,
768 875 814 934 111
829 872 903 933 idus

89 972 191 1047 febr„
206 974 423 1052 pontificatus
439 973 544 1036 nostri
560 988 648 1034 anno
666 971 822 1033 secundo.

132 1119 171 1177 In
200 1117 361 1178 eumdem
381 1116 514 1177 modum
537 1115 769 1193 scriptumest
797 1111 903 1174 01100

91 1230 179 1290 regi.

420 1357 592 1448 CXXXV

122 1515 177 1574 Ad
191 1515 347 1585 cosdem,
363 1512 536 1586 uisitare,
550 1510 686 1572 abbates
701 1512 878 1571 clareval-

393 1614 532 1681 lensem,
552 1609 586 1670 01
607 1653 615 1668 .

401 1741 433 1798 11
447 1739 517 1799 febr.
530 1741 609 1798 1218.

181 1858 325 1922 [Bouquct
335 1857 438 1908 11000011
454 1856 497 1906 des
510 1856 581 1915 hist,
590 1861 612 1906 t.
624 1855 692 1914 XIX,
709 1869 735 1920 0.
749 1851 815 1912 aa&

324 1936 479 2001 1100001111).
492 1937 524 1993 11.
537 1936 610 2002 epist.
620 1935 687 1997 adu]

98 2043 257 2104 Dissidium
288 2043 411 2102 habente
439 2043 637 2102 Aurelianensi
669 2043 804 2115 episeopo
837 2055 901 2098 cum

133 2132 264 2206 quodam
285 2136 405 2203 Ioanne,
421 2132 621 2190 aurelianensi
636 2131 736 2201 milite,
752 2132 832 2204 regis
854 2130 903 2186 bo

133 2224 213 2280 mine
237 2223 322 2298 ligio,
344 2223 471 2296 episcopi
490 2236 609 2281 causam
631 2221 692 2294 agit
707 2222 736 2279 in
750 2220 805 2277 bac
825 2220 900 2292 epis-

133 2311 190 2368 tola
207 2311 357 2378 Honorius
368 2310 505 2368 adversus
519 2323 619 2384 regem
629 2324 694 2367 cum
707 2308 903 2366 moderamine

134 2407 232 2457 tamen
247 2407 280 2458 ct
294 2401 415 2458 cautela.

139 2528 313 2590 Honorius
325 2528 537 2607 episcopua...
555 2525 683 2588 dilectis
694 2525 771 2588 11110
787 2527 903 2588 Clare-

102 2623 257 2698 valleusi,
275 2625 535 2688 Morimondensi
548 2625 581 2687 01
594 2627 629 2686 Β.
643 2625 759 2686 Mariae
774 2623 814 2686 de
825 2627 905 2690 Bur,-

103 2723 255 2796 gomedio
284 2723 443 2796 Biesensi,
469 2723 658 2796 abbatibus,
684 2721 904 2800 lingonensis

104 2823 134 2882 et
148 2822 367 2884 carnotensis
379 2823 568 2892 dioecesum,
581 2822 643 2882 010.

144 2918 301 2998 suscepti
316 2932 396 2978 eura
409 2917 583 2994 regiminis
599 2931 659 2977 nos
679 2915 807 2978 anobis
822 2915 904 2976 adeo

105 3019 316 3094 peregrinari
325 3019 492 3094 compellit
503 3017 698 3081 etdistrahit
709 3017 747 3078 ad
759 3018 902 3088 diversa,

107 3115 140 3176 ut
163 3131 253 3194 saepe
279 3115 436 3181 membris
460 3116 722 3194 quiescentibus,
741 3115 904 3179 affectatae

107 3211 207 3288 quieti
227 3214 345 3276 noster
359 3229 476 3291 parum
491 3213 622 3278 animus
636 3214 837 3290 acquiescat,
851 3215 906 3275 in-

108 3309 215 3384 quieta
233 3310 331 3389 quasi
346 3310 570 3373 sollicitudine
583 3312 758 3387 cogitando
775 3328 847 3388 quoe
863 3312 904 3373 ad

108 3405 358 3470 subventionem
380 3408 610 3481 ecclesiarum,
634 3425 749 3485 pacem
774 3409 903 3485 princi-

110 3519 182 3578 pum
205 3508 237 3568 et
264 3507 405 3568 salutem
426 3507 593 3584 pertinent
611 3507 817 3586 populorum.
842 3509 906 3570 Su-

110 3615 164 3676 per
191 3603 314 3679 quibus
343 3605 552 3666 carissimum
579 3605 613 3664 in
640 3604 770 3666 Christo
800 3604 905 3665 tilium

110 3701 254 3762 nostrum
272 3716 384 3778 regem
399 3704 603 3763 Francorum
625 3701 788 3764 illustrem
801 3701 906 3764 affec-

110 3795 377 3876 luoserogamus,
387 3801 518 3863 utinter
527 3800 611 3862 alias
622 3817 704 3879 quas
715 3801 906 3878 frequenter

112 3895 298 3958 celsitudini
308 3897 410 3974 regiae
421 3898 581 3960 mittimus
592 3899 730 3970 litteras,
739 3915 807 3970 eas,
821 3915 905 3976 0000

111 3995 295 4057 nuncvobis
306 3996 491 4072 dirigimus,
505 3996 696 4074 diligentius
707 3996 771 4058 sibi
784 3998 849 4074 legi
861 3997 875 4057 1
894 4030 906 4042 ·

112 4089 174 4152 ciat
185 4093 217 4154 et
229 4094 366 4170 exponi,
383 4110 522 4171 quarum
542 4097 638 4156 tenor
650 4095 777 4156 utinam
797 4095 906 4156 taliter

113 4189 275 4267 scribatur
285 4193 320 4253 in
331 4191 455 4253 scrinio
469 4192 579 4254 cordis
596 4193 659 4264 sui,
675 4193 711 4254 ut
723 4193 820 4254 lamae
836 4209 905 4256 suae

114 4290 285 4352 consulens
314 4293 347 4352 et
366 4290 476 4362 saluti,
494 4291 566 4354 haec
591 4306 722 4368 semper
747 4291 905 4368 inopere

114 4387 272 4464 compleat
280 4405 353 4466 quae
362 4391 403 4450 ad
416 4390 548 4451 laudem
559 4390 618 4452 Dei
628 4391 660 4452 01
668 4389 904 4451 exaltationem

112 4485 231 4558 regiam
255 4487 388 4550 suaderi
420 4488 483 4549 sibi
512 4490 650 4568 paterno
680 4488 905 4550 desideremus

113 4579 243 4646 affectui
260 4587 353 4648 Tacti
368 4586 586 4647 enim'sumus
602 4586 715 4647 dolore
728 4587 838 4648 cordis
851 4588 912 4647 10-“

113 4677 279 4756 trinsecus,
302 4684 400 4762 quod,
428 4701 528 4762 quum
553 4699 658 4760 usque
682 4684 723 4745 ad
744 4685 904 4746 terminos

114 4775 196 4839 orbis
220 4783 319 4844 terrae
349 4782 559 4844 consueverit
590 4783 789 4860 praedicari,
817 4783 903 4860 quod

132 4965 183 5044 ¹(il
196 4967 252 5035 Qua
265 4969 376 5026 ratione
391 4969 541 5025 conciliata
557 4967 639 5026 luerit
650 4985 683 5026 ea
696 4969 902 5038 controversia,

114 5031 240 5096 discimus
254 5055 288 5096 ex
304 5040 430 5114 episcopi
446 5040 545 5098 litteris
560 5055 631 5168 00300
643 5041 904 5098 recitatliartcnius

114 5110 199 5165 tomi
215 5111 327 5168 collect.
348 5112 511 5183 1001001.
530 5113 559 5168 11
609 5127 616 5166 ;

148 5180 322 5250 «donasses,
333 5183 384 5240 Dei
396 5183 499 5254 gratia,
511 5182 725 5240 Aurelianensis
737 5183 901 5255 episcopus,

117 5264 126 5292 ¹
146 5253 271 5378 pupibus
294 5260 450 5326 praesentes
470 5253 579 5310 litteras
598 5253 769 5325 inspecturis
781 5255 902 5312 salutem

117 5337 126 5364 ι
146 5332 171 5374 0
209 5325 313 5380 omino.

148 5410 158 5439 ι
178 5393 289 5452 Noverit
299 5395 471 5454 universitas
480 5401 574 5452 vestra
590 5392 666 5466 quod
680 5409 734 5451 nos
745 5401 773 5452 et
785 5409 899 5453 succes-

118 5476 127 5505 «
148 5475 221 5519 sores
238 5469 324 5524 nostri
345 5467 564 5525 Aurelianenses
586 5466 723 5538 episcopi,
740 5467 900 5540 0011111001

119 5547 127 5574 ι
148 5543 236 5591 nostro
246 5536 308 5594 loco
323 5544 416 5606 erunt,
432 5537 795 5594 excellentissimodomino
805 5545 902 5594 nostro

119 5619 127 5644 ι
148 5601 268 5733 Philippo
287 5609 387 5666 illustri
409 5610 583 5666 Francorum
598 5609 671 5680 regi,
691 5609 735 5666 001
749 5607 811 5682 ojus
823 5618 901 5666 corto

119 5686 128 5717 ι
148 5686 206 5731 000
228 5687 281 5747 ato,
298 5687 427 5736 tenemur
441 5679 567 5745 reddere,
583 5679 617 5736 ad
639 5695 774 5752 magnum
799 5681 856 5738 viru
874 5689 901 5737 et

730 321 958 382 EPISTOLAE.
983 320 1061 382 LIB.
1086 320 1127 380 ΙΙ.

1695 325 1755 384 631)

959 495 1099 557 regnum
1125 480 1275 542 Franciae
1303 477 1500 542 defendebat
1527 496 1595 558 pras
1624 482 1755 546 caeteris

959 576 1074 638 mundi
1096 576 1209 653 regnis
1229 576 1488 640 ecclesiasticam
1503 577 1705 652 libertatem,
1723 580 1756 642 et

959 674 1119 735 ecclesias
1134 690 1173 735 ac
1188 674 1358 736 ministros
1371 691 1486 736 earum
1502 675 1536 735 in
1550 676 1619 736 suis
1634 677 1756 738 immu-

959 771 1118 833 nitatibus
1130 770 1415 844 confovebat-non
1427 772 1533 832 solum
1547 772 1588 833 ad
1599 789 1676 834 suos
1690 790 1757 834 ma·

959 886 1038 930 num
1056 886 1125 932 suae
1142 869 1352 932 liberalitatis
1374 870 1567 944 extendens,
1581 872 1638 934 sed
1653 873 1755 933 etiam

959 967 999 1028 ad
1020 968 1185 1045 quoslibet
1197 969 1283 1030 alios
1299 969 1356 1045 001
1371 969 1636 1046 persecutionem
1648 971 1755 1046 palie-

957 1066 1078 1127 bantur
1087 1070 1223 1145 propter
1226 1067 1402 1144 justitiam,
1413 1083 1594 1145 eorumque
1608 1068 1755 1145 inopiam

957 1164 1137 1226 relevando
1164 1181 1299 1226 suarum
1319 1164 1522 1228 abundantia
1548 1164 1752 1242 100011010ος

958 1278 1057 1333 0000,
1083 1263 1226 1339 peccatis
1255 1263 1476 1338 exigentibus,
1503 1278 1544 1324 ne
1569 1263 1613 1326 sit
1637 1279 1755 1324 aurum

958 1376 1054 1420 suum
1067 1375 1264 1422 conversum
1283 1361 1318 1421 in
1332 1361 1475 1422 scoriam
1490 1361 1523 1423 01
1535 1361 1680 1422 mutatus
1695 1377 1757 1438 00-

957 1457 1057 1520 11000
1077 1457 1169 1520 color
1192 1460 1275 1536 ejus,
1306 1459 1424 1520 merito
1451 1458 1630 1532 dubitatur,
1655 1475 1755 1536 quum

958 1555 1085 1632 lapides
1114 1555 1297 1617 sanctuarii
1323 1555 1557 1632 dispergantur
1574 1556 1697 1618 ibidem
1720 1557 1755 1617 in

958 1653 1066 1731 capite
1098 1653 1245 1715 omnium
1280 1653 1477 1731 platearum,
1506 1654 1662 1716 Satbanae
1692 1654 1758 1715 mi-

958 1751 1075 1812 nistris
1124 1751 1259 1829 impune
1304 1751 1572 1828 impugnantibus
1617 1767 1756 1830 sponsos

958 1851 1082 1911 sanctae
1102 1849 1162 1910 Dei
1185 1849 1341 1911 Ecclesiae
1361 1865 1401 1911 ac
1422 1848 1603 1912 ministros.
1624 1853 1675 1911 Ex
1693 1848 1757 1910 boc

958 1962 1039 2009 sane
1063 1947 1225 2024 premitur
1252 1948 1285 2010 et
1313 1947 1467 2010 turbatur
1499 1947 1610 2009 anima
1642 1947 1756 2009 nostra

957 2044 1054 2106 00110
1065 2044 1163 2122 quod,
1176 2062 1276 2123 quum
1289 2046 1411 2122 praeter
1424 2061 1597 2108 commune
1610 2044 1756 2106 debitum

958 2157 1022 2218 quo
1037 2141 1151 2204 1110100
1171 2140 1340 2218 diligimus
1357 2142 1542 2214 universos,
1558 2141 1755 2204 excellentia

957 2239 1050 2314 regia
1072 2239 1116 2300 sit
1135 2239 1259 2300 nostris
1283 2239 1482 2301 inviscerata
1506 2239 1689 2301 visceribus
1714 2238 1755 2299 ab

957 2337 1093 2413 antiquo
1109 2336 1334 2398 inextricabili
1349 2336 1482 2398 vinculo
1498 2336 1659 2408 caritatis,
1676 2351 1756 2396 nos-

957 2435 1083 2511 traeque
1105 2434 1240 2497 deberet
1253 2433 1451 2510 benignitati
1476 2433 1701 2511 1010000001,
1723 2434 1756 2495 01

959 2532 1116 2610 0000100
1132 2548 1206 2592 000
1221 2534 1289 2594 1)οο
1303 2547 1479 2609 00000000
1494 2531 1683 2604 deferendo,
1701 2527 1755 2608 1οέ

959 2646 1030 2691 000
1044 2644 1175 2706 semper
1195 2629 1397 2692 intendimus
1410 2629 1575 2691 honorare
1588 2629 1754 2691 honorili-

959 2727 1068 2789 centia
1083 2727 1232 2805 speciali,
1249 2727 1338 2787 idem
1353 2742 1424 2798 rex,
1442 2728 1537 2803 quasi
1557 2728 1631 2806 pius
1646 2727 1755 2789 debito

959 2825 1000 2886 de
1014 2825 1127 2887 nostra
1142 2824 1320 2888 dilectione
1336 2823 1490 2897 confidat,
1512 2825 1564 2886 001
1581 2825 1758 2902 000111001-

959 2923 1066 2984 mitati
1080 2921 1247 2984 adscribat
1259 2924 1381 2984 nostrae
1396 2922 1757 2986 mansuetudinisleni-

958 3019 1059 3081 tatem
1071 3019 1107 3080 in
1122 3019 1227 3082 nostri
1243 3020 1492 3094 derogationem
1514 3018 1663 3088 honoris,
1681 3020 1754 3080 dis-

960 3117 1147 3178 simulando
1163 3117 1309 3180 creditur
1322 3117 1512 3194 permisisse
1525 3116 1640 3178 baecin
1651 3132 1755 3192 regno

960 3230 1020 3276 suo
1036 3215 1159 3276 nostris
1168 3215 1372 3293 temporibus
1385 3215 1495 3277 minus
1510 3213 1756 3276 rationabiliter

960 3313 1758 3391 attentari,quaenonmeminimusbactenustem·

961 3411 1098 3490 poribus
1112 3411 1254 3489 alicujus
1267 3410 1389 3475 ibidem
1406 3411 1508 3472 101000
1523 3412 1736 3488 praesumpta.
1822 3401 1825 3408 ’

1002 3509 1129 3572 Relatis
1142 3509 1294 3588 equidem
1309 3509 1404 3573 nobis
1417 3524 1524 3586 nuper
1536 3507 1669 3586 injuriis
1684 3523 1758 3583 gra-

960 3605 1056 3668 vibus
1076 3607 1109 3669 01
1132 3606 1298 3682 pressuris
1323 3623 1404 3683 quas
1417 3605 1665 3666 venerabilibus
1687 3604 1759 3666 fra-

960 3703 1068 3765 tribus
1094 3703 1217 3766 nostris
1252 3703 1435 3782 Aniciensi,
1461 3703 1693 3765 suessionensi
1727 3702 1760 3766 01

948 3801 1175 3863 Υ1011000001
1191 3801 1366 3878 episcopis,
1390 3817 1429 3861 00
1445 3816 1559 3862 eorum
1579 3799 1711 3862 clericis
1727 3803 1760 3862 01

960 3899 1112 3962 0001001ἰο
1125 3901 1292 3976 irrogasse
1308 3899 1464 3962 dicuntur
1478 3899 1551 3972 lilii,
1570 3916 1636 3965 non
1652 3899 1759 3976 privi-

960 3999 1028 4074 gni,
1052 3998 1081 4059 si
1102 3999 1214 4060 tamen
1238 3997 1299 4058 filii
1316 3996 1436 4059 debent
1459 3997 1524 4058 dici
1544 3998 1612 4074 qui,
1637 3997 1759 4058 affectu

961 4096 1110 4172 deposito
1121 4094 1228 4164 filiali,
1241 4094 1395 4156 hostilem
1407 4096 1553 4168 animum
1568 4094 1758 4166 induerunt,
1782 4175 1785 4180 Ι

961 4193 1018 4254 viu
1032 4193 1199 4270 respirare
1215 4193 1393 4270 potuimus,
1417 4210 1517 4270 quum
1533 4192 1678 4269 pulsavit
1697 4207 1759 4253 ve-

960 4291 1121 4353 nerabilis
1142 4290 1257 4356 fratris
1273 4291 1379 4353 nostri
1399 4291 1651 4353 Aurrelianensis
1671 4290 1762 4368 epis-

961 4389 1035 4467 copi
1059 4387 1106 4468 (2)
1128 4390 1271 4466 gemitus
1292 4405 1391 4451 aures
1415 4392 1556 4460 nostras,
1581 4388 1636 4465 qui
1660 4387 1755 4449 nobis

960 4486 1039 4548 10011
1063 4487 1241 4565 diligenter
1268 4487 1390 4564 exponi
1418 4485 1627 4562 tyrannidem
1657 4500 1755 4563 quam

959 4583 1128 4646 lohannes
1152 4585 1248 4646 miles
1276 4584 1317 4646 de
1353 4582 1545 4644 Aurelianis
1579 4597 1653 4643 cum
1687 4583 1757 4642 suis

960 4681 1175 4758 complicibus
1196 4683 1232 4742 in
1247 4681 1403 4758 1000001
1427 4679 1677 4742 commissarum
1693 4678 1758 4741 sibi

959 4779 1175 4841 ecclesiarum
1190 4778 1400 4858 presbyteros
1414 4779 1447 4838 ct
1466 4777 1636 4838 ministros
1655 4792 1759 4838 ausus

961 4983 972 5014 ‹
994 4977 1122 5091 parvam,
1138 4963 1236 5020 turrim
1246 4976 1446 5034 novamquam
1459 4959 1594 5020 aedificari
1605 4960 1670 5019 iecit
1684 4961 1759 5034 apud

960 5056 972 5084 t
1014 5035 1146 5101 oliacum,
1165 5034 1402 5106 quotiescumque
1419 5033 1549 5101 voluerit,
1564 5047 1630 5089 cum
1646 5048 1700 5090 nos
1715 5034 1760 5090 001

960 5126 971 5153 ι
993 5120 1173 5164 successores
1187 5106 1285 5174 nostri,
1302 5107 1348 5162 vei
1364 5105 1403 5162 illi
1416 5105 1464 5177 qui
1485 5103 1548 5162 loco
1560 5105 1649 5160 nostri
1665 5113 1758 5174 erunt,

960 5197 971 5224 ι
994 5175 1028 5232 00
1040 5177 1102 5250 1000
1114 5178 1160 5234 001
1170 5177 1232 5249 ejus
1244 5176 1380 5233 mandato
1393 5190 1479 5248 super
1494 5175 1549 5232 boc
1559 5173 1696 5232 fuerimus
1711 5191 1756 5230 re-

959 5267 970 5296 «
992 5249 1103 5320 quisiti3
1116 5249 1153 5306 ita
1165 5256 1262 5306 tamen
1271 5246 1357 5318 quod,
1369 5253 1501 5304 cessante
1513 5246 1630 5328 negotio
1641 5259 1760 5328 proquo

959 5338 970 5365 ‹
993 5319 1093 5377 tradita
1109 5319 1202 5388 fuerit,
1213 5319 1314 5376 turrim
1329 5317 1461 5375 eamdem
1475 5331 1539 5373 curn
1550 5329 1628 5371 000
1642 5318 1760 5445 01οἰπί-

959 5409 970 5438 ι
992 5395 1050 5448 tale
1070 5406 1126 5462 qua
1144 5406 1209 5448 eam
1228 5391 1376 5462 receperit,
1396 5388 1478 5445 nobis
1496 5394 1525 5444 et
1543 5389 1704 5444 successori
1725 5404 1761 5446 us

958 5479 970 5507 ι
993 5461 1107 5530 nostris,
1127 5463 1172 5520 vel
1192 5468 1289 5518 nostro
1313 5461 1356 5518 vel
1378 5471 1575 5516 successorum
1595 5465 1760 5517 nostrorum

958 5558 969 5587 ‹
994 5529 1759 5616 mandatorestiuat.sclumannogratiaeltccxvfll,

957 5629 968 5658 «
992 5619 1091 5664 mense
1108 5619 1198 5676 0000.
1218 5625 1230 5656 ι

992 5677 1199 5755 (1111000000.
1239 5686 1243 5696 ·
