3982 6302
275 295 334 358 323
738 296 914 358 HONORII
936 296 981 357 111
1002 293 1151 368 OPERA.
1168 325 1206 342 ·-·
1222 297 1454 362 SERMONES.
1832 303 1879 363 etl

317 455 401 516 Sunt
411 455 520 516 autem
541 454 636 517 multi
651 469 733 532 quos
748 454 900 517 diabolus
914 471 974 534 per
987 470 1068 518 con·
1164 455 1322 534 Sequitur
1337 459 1401 520 :Et
1415 456 1557 518 tames...
1571 457 1685 520 Fames
1695 456 1808 520 suberit
1817 459 1880 520 tunc

275 551 513 629 cupiscentiam
546 551 657 613 carnis
683 569 750 614 non
784 552 901 627 allicit,
927 553 984 616 sed
1007 569 1069 630 per
1122 553 1381 629 praedicationis,
1403 554 1494 632 quia,
1515 553 1603 615 sicut
1614 569 1689 616 carc
1702 555 1832 616 1111111111
1842 556 1881 616 ci·

274 649 490 726 cupiditatem
505 650 707 712 exteriorum
720 651 866 728 captivat
879 652 911 712 at
926 652 1064 723 seducit,
1122 649 1184 722 bis,
1201 650 1246 712 ita
1259 651 1372 712 anima
1392 650 1621 728 spiritualibus
1634 650 1750 712 verbis.
1764 652 1799 712 lit
1814 651 1883 713 sicut

275 747 353 806 dum
376 745 563 807 inordinate
583 748 822 824 concupiscunt
844 747 968 820 aliena,
989 749 1066 809 dum
1122 762 1201 809 caro
1216 748 1337 819 deficit,
1346 749 1375 812 si
1384 763 1449 810 non
1463 748 1633 810 reficiatur
1646 747 1717 809 cibo
1731 747 1881 824 corporali,

275 844 397 920 injuste
423 844 601 920 acquirunt
613 845 701 906 male
719 847 907 923 concupita.
928 847 1065 924 injuste,
1121 845 1168 906 ita
1192 846 1315 918 anima,
1332 845 1362 906 sl
1386 861 1454 908 non
1474 845 1624 908 relicitur
1640 844 1710 906 cibo
1730 843 1882 920 spirituali.
1968 867 1969 870 ¹

271 941 418 1017 inquam,
436 941 512 1018 quis
529 957 589 1017 per
608 941 730 1014 dolum,
752 959 811 1020 ρον
829 944 994 1020 rapinam,
1008 959 1068 1022 per
1122 945 1216 1006 Unde
1230 944 1265 1004 in
1287 943 1484 1019 Evangelio:
1500 947 1628 1006 Nortia
1640 947 1708 1006 solo
1720 941 1884 1016 praeelati

271 1039 476 1099 coactionem
495 1037 654 1114 iniquam,
671 1055 731 1117 per
745 1041 932 1118 principum
948 1041 1068 1104 lactio-
1120 1045 1220 1104 boam
1242 1040 1372 1121 (naun.
1389 1057 1433 1113 1v,
1457 1038 1507 1120 1).
1529 1041 1609 1113 Quis
1634 1041 1684 1102 est
1704 1039 1786 1100 enim
1805 1037 1885 1115 panis

270 1151 347 1196 uem
362 1135 461 1212 atque
476 1137 668 1210 potentiam.
684 1137 741 1199 Isti
756 1139 833 1200 sunt
845 1139 970 1200 curiosi
993 1140 1066 1216 pis·
1121 1139 1197 1211 iste,
1213 1139 1279 1200 nisi
1294 1139 1363 1211 ille,
1379 1139 1419 1200 de
1434 1154 1499 1216 quo
1514 1138 1673 1216 scriptum
1687 1137 1736 1198 est
1748 1137 1781 1196 111
1795 1137 1887 1196 livan-

270 1249 327 1294 ces
337 1232 600 1310 maris,querum
609 1234 1065 1314 circumventiones‚quorum
1120 1236 1228 1313 gelio:
1248 1240 1328 1300 Noa
1346 1240 1384 1297 111
1401 1242 1471 1298 solo
1484 1249 1574 1311 panc
1586 1236 1671 1298 atvtt
1682 1239 1786 1304 boeno,
1798 1234 1888 1293 sedin

272 1330 1066 1411 astutiasetnegotiaacquirentibusotacquisltis
1120 1327 1886 1408 omrttoerboauodprocedttacorcssetssbidt

271 1417 487 1503 pereuntibus
497 1428 533 1487 iu
542 1427 636 1490 brevi
646 1429 818 1492 transeunt
827 1433 861 1493 et
870 1431 935 1493 cito
946 1431 1065 1492 delen·
1120 1432 1168 1492 Ad
1181 1447 1329 1492 mensam
1342 1431 1440 1508 butus
1455 1431 1551 1507 panis
1568 1431 1701 1508 quidam
1712 1440 1890 1489 necnecun·
1970 1457 1971 1466 ,

271 1523 479 1586 turmarum
493 1525 604 1587 tamen
617 1526 807 1604 hujusmodi
818 1528 921 1594 dedic
934 1527 1065 1590 indiam
1119 1529 1203 1591 bunt
1217 1545 1277 1590 nec
1290 1528 1457 1604 frangunt,
1477 1528 1512 1589 ut
1534 1529 1686 1604 penales,
1710 1523 1819 1603 quibus
1833 1535 1888 1582 nou

271 1622 395 1698 passim
410 1622 569 1695 ascendit,
581 1624 614 1684 et
628 1624 694 1685 late
707 1627 908 1702 pervagatur
922 1625 963 1686 ad
973 1625 1065 1687 viros
1118 1626 1197 1688 sunt
1206 1625 1328 1688 tradita
1341 1625 1472 1703 eloquia
1490 1625 1561 1686 Uei.
1578 1626 1653 1686 Non
1665 1623 1751 1685 enim
1764 1619 1834 1681 lecit
1845 1617 1890 1679 ta·

271 1719 463 1780 monasticae
495 1721 723 1796 professionis,
749 1722 807 1799 qni
835 1722 1063 1795 domunculas,
1120 1723 1197 1785 liter
1210 1723 1300 1784 omni
1313 1723 1452 1794 nationi,
1466 1724 1499 1784 et
1508 1722 1636 1800 judicia
1650 1736 1709 1781 sua
1726 1732 1788 1780 nou
1802 1713 1891 1777 mani·

271 1816 619 1892 agellos,vineolas,et
629 1819 793 1894 quaslibet
807 1835 989 1896 pauperum
997 1821 1067 1882 ter-
1120 1820 1252 1882 lentavit
1273 1819 1333 1881 eis.
1355 1819 1493 1892 Quidam
1515 1817 1711 1880 recumbunt
1722 1814 1845 1892 quidem
1856 1809 1891 1872 ad

271 1915 429 1974 ruriculas
455 1915 655 1986 auctoritate
673 1932 745 1989 sua,
765 1917 826 1978 sed
848 1917 960 1979 tamen
975 1933 1065 1994 prae·
1120 1933 1268 1979 mensam
1279 1917 1377 1978 istiu
1390 1917 1495 1993 panis,
1506 1916 1563 1976 sed
1578 1916 1657 1992 quia
1668 1929 1732 1982 nau
1741 1907 1889 1984 nument.

271 2013 376 2084 textu,
393 2011 605 2074 saecularium
623 2013 721 2074 modo
738 2014 925 2091 acquirunt.
1120 2031 1186 2076 non
1200 2014 1406 2087 reficiuntur,
1423 2013 1592 2085 attonsi,
1608 2012 1650 2074 de
1668 2010 1782 2089 quibus
1800 2005 1893 2080 scrip·
1972 2009 1973 2050 l

311 2109 458 2171 Tertium
471 2111 522 2171 est
538 2110 694 2187 superbia
705 2111 793 2184 vitae,
810 2128 883 2189 quae
894 2127 981 2174 nunc
994 2126 1067 2173 am·
1120 2113 1252 2174 tumeat
1269 2113 1305 2173 in
1319 2112 1464 2174 Jeremia
1479 2131 1486 2170 ε
1502 2113 1650 2174 Parvuli
1658 2105 1826 2184 petierunt
1843 2115 1895 2176 pa·

269 2205 352 2269 uitio
367 2207 485 2268 secun
501 2207 692 2268 nominatur
711 2207 877 2281 videncet,
905 2225 980 2270 eum
1001 2208 1067 2270 aii·
1120 2210 1257 2281 aemes
1276 2209 1507 2281 noceretque·
1520 2200 1894 2282 aaaaaeteatrnru.

271 2303 345 2381 quis
359 2305 512 2380 raptatur
532 2308 567 2366 et
589 2295 685 2366 a'rdet
699 2307 810 2381 utpote
825 2321 931 2369 vanus
944 2306 977 2368 et
990 2306 1064 2366 ela·
1120 2323 1165 2378 iv,
1181 2305 1226 2385 1).
1243 2306 1385 2383 Ideoque
1396 2305 1490 2382 quasi
1501 2304 1593 2366 latua
1601 2301 1758 2364 animalia
1771 2297 1852 2360 stant
1860 2292 1894 2356 ad
1973 2307 1974 2318 ¹

269 2401 323 2461 tus
347 2415 470 2462 vacans
496 2415 582 2462 vano
610 2400 788 2474 desiderio,
814 2403 891 2480 quia
915 2418 978 2463 nec
998 2406 1065 2466 Deo
1121 2419 1278 2482 praesepe,
1292 2407 1402 2481 Usque
1417 2402 1515 2464 nodie
1527 2417 1671 2478 namque
1685 2399 1829 2462 velamen
1841 2407 1895 2471 pc·

269 2513 391 2558 vacare
426 2513 488 2559 nec
522 2498 587 2559 sibi
616 2514 718 2576 prope
747 2515 821 2561 esse
853 2515 976 2562 curans
1014 2500 1065 2562 vel
1121 2503 1220 2564 situm
1248 2503 1300 2562 est
1329 2516 1429 2577 super
1454 2515 1512 2562 cor
1537 2497 1763 2571 eorumdum
1790 2491 1898 2568 legitur
1974 2498 1975 2556 t

271 2595 435 2671 proximo,
451 2596 556 2657 totum
579 2595 741 2672 impendit
757 2597 846 2658 laudi
863 2597 1065 2659 transitoriae
1121 2598 1294 2674 Moysesin
1303 2596 1480 2673 synagogis
1488 2611 1603 2658 eorum
1615 2615 1623 2656 z
1633 2595 1667 2658 et
1679 2587 1899 2668 lioetparentes

274 2691 307 2752 ct
324 2691 431 2753 favori
446 2692 624 2764 mundano,
641 2694 674 2754 et
688 2693 722 2754 in
737 2693 973 2770 defatigatione
991 2709 1068 2755 cor·
1121 2695 1242 2756 Christi
1251 2694 1328 2765 sint,
1343 2693 1423 2754 loris
1436 2695 1547 2754 tamen
1558 2693 1647 2754 stant
1655 2692 1690 2752 in
1703 2690 1810 2752 littera
1821 2697 1897 2762 que

271 2789 362 2865 poris
373 2789 414 2850 de
426 2805 537 2850 rerum
549 2789 716 2865 expensis,
723 2790 763 2851 de
773 2789 955 2852 honoribus
965 2790 1068 2868 adep-
1121 2793 1232 2854 reutes
1246 2807 1333 2862 eum,
1350 2806 1411 2852 nec
1422 2790 1463 2852 ad
1474 2789 1695 2852 eumintrant.
1975 2841 1976 2876 3

271 2885 327 2958 tis,
342 2886 463 2963 preter
482 2886 674 2963 huiusmodi
692 2887 918 2974 adjumentum
939 2887 1067 2950 nullum
1160 2889 1226 2952 Alii
1249 2891 1284 2950 et
1307 2889 1504 2951 recumbunt
1525 2889 1559 2950 et
1581 2885 1749 2964 fraagtmt,
1766 2875 1900 2956 sedauit
1975 2879 1976 2884 ’

273 2983 366 3044 aliud
391 2998 529 3061 prorsus
552 2985 672 3060 quaerit
697 2985 966 3048 emolumentum.
988 2987 1067 3047 Haec
1121 2985 1252 3058 dicunt,
1278 2987 1312 3048 et
1337 3001 1403 3048 non
1432 2985 1580 3056 iaciunt,
1617 2999 1685 3046 non
1718 2978 1899 3042 reficiuntur

272 3081 451 3156 sacrilegia
465 3081 640 3144 committit
660 3084 693 3145 et
713 3081 954 3161 lurta.Rapina
969 3098 1068 3144 exer·
1122 3086 1158 3146 ut
1189 3083 1269 3147 mali
1304 3082 1490 3155 christiani,
1520 3081 1578 3159 qui
1598 3079 1684 3144 bene
1702 3077 1831 3158 quidem
1857 3071 1903 3132 111-
1976 3134 1977 3161 ,

273 3178 533 3256 calcamenes,
554 3178 641 3240 bella
655 3181 787 3256 geritet
804 3180 1001 3254 homicidia3
1015 3180 1066 3241 si·
1121 3180 1298 3256 telliguut,
1335 3178 1394 3240 sed
1427 3178 1513 3241 male
1550 3177 1687 3253 vivunt3
1729 3173 1806 3252 quia
1837 3181 1902 3230 cum

273 3276 426 3340 moniaca
438 3276 553 3339 vendit
563 3278 596 3338 et
605 3277 700 3352 emit;
717 3277 830 3354 inique
843 3278 925 3354 petit
938 3279 971 3339 et
984 3277 1069 3338 reci·
1121 3278 1220 3339 bomo
1246 3277 1289 3340 sit
1313 3277 1411 3340 natus
1443 3275 1485 3338 ad
1513 3274 1685 3347 laborem,
1717 3287 1784 3334 non
1818 3264 1903 3328 labo·

273 3373 336 3450 pit;
352 3373 477 3451 injuste
491 3373 680 3450 negotiatur
698 3375 731 3435 et
745 3373 945 3450 loeneratur;
965 3375 1069 3436 instat
1122 3377 1208 3444 rant,
1222 3375 1316 3439 etita
1338 3374 1403 3436 isto
1418 3386 1504 3450 pane
1523 3387 1589 3436 non
1607 3368 1805 3434 reficiuntur
1818 3361 1905 3442 juxta

273 3469 358 3532 dolis
383 3472 417 3532 et
429 3470 581 3534 imminet
600 3469 787 3545 fraudibus
813 3470 964 3533 dissolvit
985 3485 1068 3548 pac·
1122 3472 1203 3533 illud
1222 3493 1229 3531 :
1245 3475 1288 3533 111
1310 3473 1438 3532 sudore
1456 3469 1570 3530 cattas
1585 3468 1636 3530 1111
1657 3467 1809 3530 vesceris
1826 3469 1905 3536 1111111

272 3568 342 3630 tum
355 3569 388 3628 et
401 3567 505 3630 violat
515 3568 757 3645 paramentum
778 3569 960 3644 corrumpit
972 3567 1070 3630 testi-
1123 3570 1181 3632 tua
1196 3566 1291 3647 (Gen.
1317 3583 1367 3640 111,
1389 3565 1454 3645 19).
1481 3565 1581 3637 Quasi
1602 3564 1753 3628 diceret:
1783 3560 1834 3622 1111
1857 3552 1906 3632 qui

273 3664 421 3729 monium
436 3666 470 3727 et
483 3664 641 3742 pervertit
656 3663 832 3740 judicium.
854 3667 956 3737 Quam
978 3665 1068 3726 mul·
1123 3663 1199 3726 sunt
1213 3663 1248 3723 iu
1261 3660 1385 3732 labore,
1402 3659 1598 3721 reficiuntur
1612 3658 1677 3720 isto
1690 3670 1787 3735 panc.
1800 3650 1862 3716 nlii
1879 3647 1908 3708 et

271 3763 324 3826 tos
336 3762 468 3824 seduxit
482 3762 663 3841 cupiditast
681 3763 785 3834 Quam
798 3762 910 3840 plures
924 3761 1069 3840 perdidit
1122 3759 1319 3824 recumbunt
1341 3758 1375 3820 et
1396 3756 1563 3832 frangunt,
1587 3756 1619 3818 et
1643 3756 1724 3832 quia
1745 3754 1781 3816 in
1804 3745 1909 3812 auditu

272 3859 434 3922 avaritia!
457 3860 550 3922 Unde
575 3859 611 3922 iu
635 3858 720 3924 libro
744 3859 911 3922 Numeri:
932 3860 1068 3922 Balaam
1123 3859 1215 3920 auris
1229 3855 1397 3927 obediunt,
1412 3854 1489 3916 dum
1512 3853 1589 3915 suut
1605 3851 1752 3917 iactares
1766 3845 1867 3916 verbi,
1882 3839 1910 3904 et

274 3957 379 4020 asella
394 3956 575 4031 redarguit,
590 3957 623 4018 et
634 3957 752 4033 pedem
768 3957 912 4020 sedentis
929 3957 1067 4029 attrivit,
1123 3971 1190 4018 nnn
1203 3954 1372 4019 auditores
1393 3952 1531 4022 tantum,
1547 3949 1742 4014 medullitus
1761 3943 1910 4010 reficiun-

275 4053 353 4131 quia
379 4054 496 4129 captus
518 4052 674 4129 cupidine
697 4053 934 4130 promissorum
956 4053 1070 4130 dispo-
1122 4055 1187 4118 tur.
1218 4054 1255 4114 111
1278 4043 1471 4112 tortitudine
1493 4047 1589 4125 panis
1615 4046 1715 4109 istius
1737 4035 1911 4108 ambulavit

275 4150 389 4212 suerat
422 4148 621 4214 maledicere
650 4149 765 4212 Israel.
803 4151 843 4212 Et
873 4149 907 4210 in
934 4151 1067 4212 Josue:
1123 4149 1238 4212 Helias
1258 4147 1479 4226 quadraginta
1499 4143 1615 4210 diebus
1636 4144 1669 4207 et
1694 4139 1909 4222 quadraginta

274 4246 386 4308 achor
408 4245 549 4323 populus
571 4244 744 4322 lapidavit,
770 4262 835 4324 qua
856 4245 933 4312 tulit
949 4261 1072 4323 argen—
1124 4245 1276 4310 noctibus
1290 4242 1450 4320 usquead
1465 4241 1678 4306 montemDei
1695 4239 1794 4304 oreb.
1806 4237 1846 4300 at
1859 4245 1913 4296 nos

276 4345 346 4405 tum
356 4345 390 4407 et
405 4358 524 4407 aurum
539 4342 579 4406 de
594 4343 806 4408 anathemate
819 4343 964 4407 iericho.
984 4346 1024 4406 Et
1034 4345 1070 4406 in
1125 4359 1214 4422 ergo,
1223 4342 1355 4414 iratres,
1365 4340 1534 4405 contracta
1545 4340 1642 4410 testa,
1650 4338 1769 4402 reiecti
1778 4330 1913 4408 medulla

204 4473 208 4482 ·
276 4441 362 4504 libro
381 4445 532 4518 Regum:
555 4439 688 4504 Nabotb
710 4441 946 4518 interremptus
960 4443 1021 4514 est,
1035 4443 1071 4504 ut
1123 4442 1217 4506 verbi
1231 4440 1291 4504 Dei
1305 4440 1343 4502 in
1355 4439 1419 4502 bac
1427 4438 1577 4514 tempore
1587 4436 1794 4500 abstinentes
1804 4429 1914 4495 lortius

274 4540 389 4603 Achab
398 4540 530 4603 vineam
545 4539 740 4616 possideret.
751 4539 842 4602 Giesi
852 4539 946 4616 lepra
956 4539 1070 4616 perlu-
1125 4538 1341 4609 ambulemus,
1358 4536 1394 4598 ut
1407 4536 1442 4604 in
1456 4533 1651 4596 tortitudine
1669 4535 1744 4610 ejus
1761 4521 1914 4607 usquead

275 4638 333 4708 dit,
351 4639 427 4717 quia
443 4637 539 4716 petiit
552 4638 585 4704 et
596 4637 722 4715 recepit
736 4639 912 4713 argentum
921 4637 954 4702 et
962 4637 1070 4702 vestes
1125 4636 1268 4702 montem
1277 4633 1338 4698 Dei
1350 4630 1675 4700 Orabvaleatnostra
1686 4628 1842 4690 debilitas
1852 4633 1917 4728 per-

275 4736 336 4798 sub
350 4737 486 4802 nomine
506 4735 653 4800 Helisaei.
668 4737 708 4799 Et
730 4735 767 4796 in
781 4733 963 4811 Evangelio
980 4756 988 4795 z
1008 4737 1070 4798 111-
1125 4731 1250 4804 venire,
1267 4728 1324 4794 ubi
1338 4727 1396 4793 ille
1410 4727 1467 4805 qui
1480 4725 1635 4803 apparuit
1648 4725 1759 4802 Moysi
1772 4724 1807 4784 iu
1826 4717 1916 4826 nubis

276 4831 336 4892 das
357 4833 475 4910 laqueo
498 4848 536 4896 se
561 4831 744 4909 suspendit,
767 4831 845 4908 quia
871 4829 1022 4898 vendat
1039 4831 1073 4893 et
1125 4829 1247 4908 specie,
1268 4825 1364 4910 nobis
1378 4826 1539 4902 appareat
1551 4824 1587 4884 in
1607 4822 1803 4899 1111198111θὶ
1821 4819 1854 4880 Oi
1873 4827 1917 4876 ⁸¹⁰

276 4928 413 4992 tradidit
424 4929 602 4991 Christum.
616 4929 711 4994 Unde
730 4929 765 4998 ia
780 4927 918 4992 acibus
931 4931 1072 5006 Aposto-
1126 4941 1300 4994 curramus
1323 4939 1383 5002 ρον
1409 4921 1563 4993 stadium,
1576 4920 1613 4982 ut
1627 4918 1668 4980 ad
1683 4917 1841 4981 bravium
1853 4926 1919 4993 per·

276 5025 390 5100 lorum,
411 5046 419 5085 :
443 5025 609 5088 Ananiam
633 5027 666 5088 et
694 5026 870 5106 saphiram
898 5025 1071 5091 subitanea
1125 5024 1241 5089 venire
1271 5021 1447 5099 possimus.
1481 5020 1528 5080 De
1564 5015 1794 5090 subtractione
1824 5012 1919 5088 hujm

277 5139 367 5186 mors
382 5122 553 5194 exstinxit,
570 5122 649 5200 quia
666 5122 706 5188 de
721 5124 828 5201 pretio
842 5124 915 5201 agri
937 5123 1073 5186 delrau-
1126 5121 1222 5199 panis
1237 5119 1318 5188 dicit
1328 5117 1489 5188 Dominus
1502 5130 1561 5192 per
1580 5116 1681 5176 Amos
1700 5111 1917 5192 prophetam:

278 5221 440 5284 daveruut
450 5219 655 5297 Apostolum.
671 5221 809 5294 Multas,
824 5221 935 5298 iuquit
955 5220 1072 5286 Eccle-
1125 5222 1212 5282 Ecce
1227 5220 1299 5282 dtas
1316 5215 1468 5286 cenant,
1491 5212 1573 5275 dicti
1586 5213 1770 5286 1101111111,
1793 5209 1828 5272 et
1843 5202 1921 5268 mit·

278 5319 445 5391 siasticus,
478 5317 630 5393 perarua
662 5331 791 5381 aarum
818 5320 853 5383 et
887 5320 1072 5395 arpentum
1127 5317 1341 5390 tamscmera
1359 5313 1640 5382 intercutanea
1660 5311 1793 5382 tamam
1807 5303 1918 5382 partu,

279 5417 381 5498 (Eccl.
397 5432 469 5489 viu,
483 5413 529 5495 3).
542 5417 606 5484 Qut
618 5429 747 5482 aarum
761 5415 1073 5492 carpetanorum-
1125 5426 1235 5488 rwaac
1257 5411 1352 5478 stttm
1375 5424 1485 5484 aqua,
1508 5409 1568 5477 aad
1590 5407 1755 5480 apotecae
1780 5403 1922 5464 verbam

265 5516 439 5590 asceam·
452 5512 566 5593 (Eccli.
582 5527 678 5586 mr,
699 5511 745 5594 7).
765 5514 823 5580 Vae
838 5511 907 5576 illis
928 5513 1074 5590 quiseo·
1125 5506 1408 5588 Det(Amoav1u,
1426 5503 1490 5586 11),
1507 5501 1637 5582 quando
1658 5499 1830 5564 subtrahit
1841 5511 1920 5574 gra·

278 5613 391 5674 tantur
405 5610 498 5672 illud.
1125 5607 1206 5669 tiam
1222 5603 1479 5684 praedicationis.
1495 5599 1670 5666 Sciendum
1686 5595 1841 5676 estquod
1857 5591 1921 5655 ali·
