4014 6312
83 352 148 412 513
590 307 594 314 ’
716 345 1110 438 salasensem.
1676 350 1735 410 sil

82 509 272 582 institutus,
286 508 320 570 et
333 507 491 586 predicta
506 507 648 570 ecclesia
664 509 772 572 sancti
786 509 887 571 Bene-
940 507 1032 581 tiam,
1045 505 1253 570 honestatem
1267 507 1482 570 etutilltatem
1498 509 1736 574 6661666666-

83 609 168 670 dicti
183 608 218 668 in
234 623 298 685 qna
314 607 392 668 sunt
404 606 572 668 abbatissa
588 607 621 668 et
632 606 795 668 moniales
810 604 887 668 sunt
940 605 1110 669 tinentem.
1145 605 1410 668 Praenominatus
1445 621 1524 668 vero
1559 606 1736 671 abbatissae

85 707 264 783 contiguae,
281 706 314 768 et
329 707 435 769 sancti
450 707 585 770 vedasti
598 707 739 768 ecclesia
754 721 813 784 pro
828 707 887 768 de-
940 707 1136 780 procurator
1143 719 1186 764 ax
1199 703 1338 765 adverso
1352 703 1531 781 respondit,
1543 705 1736 783 petitionem

82 807 174 868 iectu
202 805 346 880 alicujus
370 805 427 882 qui
452 799 610 881 praesset
635 804 824 874 canonicis,
854 807 887 867 et
940 805 1012 880 eJ'us
1027 817 1094 864 non
1108 815 1182 863 esse
1196 800 1362 864 ullatenus
1379 801 1615 865 admittendam
1629 805 1739 866 multi·

83 901 298 980 quotidianos
311 901 401 963 inter
413 901 504 980 ipsos
519 917 678 964 excessus
693 901 885 977 corrigeret,
941 899 1020 976 plici
1032 899 1172 971 ratione,
1188 898 1353 970 videlicet,
1367 901 1445 978 quia
1457 903 1654 980 rescriptum
1668 903 1738 964 116-1

83 1001 257 1078 pateretur
279 999 315 1061 in
339 998 568 1078 spiritualibus
592 999 625 1062 et
651 998 887 1076 temporalibus
942 997 1105 1074 patratum
1119 995 1495 1072 tuerattacitaveritate,
1512 999 1737 1078 scilicetquod

83 1115 153 1160 non
169 1097 332 1160 modicam
353 1097 534 1170 laesionem,
557 1098 644 1160 idern
664 1097 888 1175 praedecessor
942 1111 1056 1157 curam
1081 1095 1134 1157 vel
1162 1094 1481 1158 administrationem
1511 1097 1658 1175 aliquam
1690 1098 1738 1158 ibi

83 1197 237 1258 nester...
268 1195 378 1258 abbati
403 1195 724 1268 Praemonstratensi,
753 1197 786 1258 et
814 1197 887 1273 ejus
940 1192 1072 1270 gereret
1090 1192 1277 1268 abbatissa3
1306 1209 1406 1271 quum
1428 1193 1642 1271 inquisitores
1668 1196 1738 1256 suis
1790 1187 1791 1192 ’

84 1295 227 1372 collegis
238 1293 413 1382 suisdedit
427 1293 547 1356 litteris
559 1294 594 1356 in
609 1293 784 1366 mandatis
800 1295 836 1355 ut
845 1292 887 1355 ad
942 1291 1061 1353 litteris
1077 1291 1239 1364 asserant,
1262 1291 1349 1368 quod
1376 1290 1544 1354 abbatissa
1563 1293 1661 1368 gerit,
1678 1294 1735 1367 ibi,

84 1409 164 1454 eum
198 1391 419 1470 personaliter
446 1392 653 1462 accedentes,
683 1391 773 1454 circa
798 1407 888 1468 prae-
942 1389 1020 1451 licet
1029 1388 1216 1468 utcumque,
1235 1389 1380 1451 osticium
1402 1390 1594 1452 decanatus.
1612 1393 1652 1454 nt
1663 1407 1738 1453 cum

84 1491 192 1552 missa
215 1489 248 1552 et
276 1476 344 1552 alia
371 1505 445 1567 quae
475 1505 591 1567 pacem
625 1488 775 1552 ecclesiae
802 1504 886 1551 oon-
942 1485 1064 1548 taotum
1083 1485 1274 1565 hujusmodi
1292 1486 1496 1550 abbatissam
1511 1487 1741 1565 principaliter

83 1587 276 1664 tingebant,
313 1586 496 1650 statuerent
530 1603 603 1666 quae
634 1587 818 1661 honestati,
856 1587 888 1647 et
941 1584 1103 1660 tangeret,
1124 1600 1293 1663 nunquam
1314 1584 1423 1647 inerat
1440 1587 1596 1661 evocata3
1613 1585 1740 1647 duobus

85 1685 227 1748 utilitati
260 1685 410 1748 ecclesiae
444 1687 682 1764 cognoscerent
717 1684 886 1762 expedire.
941 1683 1070 1745 tanturn
1094 1681 1348 1760 inquisitoribus
1367 1699 1441 1744 cum
1455 1683 1561 1745 tribus
1581 1685 1741 1761 scripturn

87 1782 185 1855 Quod
199 1783 279 1844 licet
292 1782 383 1844 illius
397 1782 594 1846 anctoritate
609 1782 755 1846 mandati
769 1782 810 1844 ad
832 1797 889 1845 ac-
944 1777 1070 1852 tuisset,
1090 1780 1191 1842 tertio
1215 1796 1252 1843 se
1274 1780 1466 1842 nullatenus
1486 1783 1669 1844 excusante
1690 1785 1742 1844 te-

85 1880 226 1942 clesiam
241 1881 347 1957 ipsam
362 1881 592 1954 accessissent,
612 1880 818 1959 postmodum
833 1881 888 1941 ta-
943 1892 1034 1938 mere
1049 1877 1303 1955 procedentibus
1324 1879 1398 1956 post
1421 1879 1678 1957 appellationem
1700 1879 1742 1942 ad

87 1993 168 2040 men
183 1977 332 2055 pluribus
354 1977 430 2040 aliis
454 1979 565 2040 causis
581 1977 889 2056 supervenientibus
945 1973 1063 2036 Sedem
1090 1975 1315 2052 Apostolicam
1349 1975 1390 2038 ab
1427 1977 1543 2038 eadem
1574 1976 1741 2040 abbatissa

90 2074 278 2153 praepediti,
295 2075 474 2153 procedere
496 2076 529 2138 in
551 2075 741 2154 hujusmodi
756 2075 890 2152 negotio
943 2072 1743 2153 taliterinterjectam,neadaliquidprocederent
1798 2141 1799 2146 ,

84 2173 327 2251 nequiverunt3
359 2174 543 2250 praesertim
577 2175 655 2253 quia
684 2175 819 2253 qnidam
849 2174 890 2234 de
944 2170 1076 2247 quodin
1089 2173 1161 2248 ejus
1173 2171 1621 2249 praejudiciumradundaret.
1636 2176 1744 2246 Quare

85 2270 262 2332 canonicis
274 2269 431 2333 nolebant
445 2270 570 2349 aliquid
586 2287 687 2348 super
706 2271 888 2334 consuetu·
945 2268 1032 2330 idem
1061 2270 1257 2347 procurator
1280 2269 1322 2330 iis
1349 2272 1383 2332 et
1403 2271 1480 2332 aliis
1501 2271 1614 2333 multis
1636 2271 1743 2332 modis

85 2367 224 2430 dinibus
240 2367 390 2430 ecclesiae
414 2367 594 2430 immutari.
616 2371 786 2446 Quumque
803 2385 891 2447 prae-
945 2365 1074 2443 praefati
1096 2366 1277 2429 subdecani
1297 2367 1514 2429 intentionem
1531 2369 1741 2445 impugnans,

85 2465 170 2528 dicti
185 2465 288 2528 abbas
303 2467 335 2528 et
347 2465 483 2542 collegae
495 2467 601 2544 ipsius
619 2482 738 2528 causas
753 2467 889 2530 dilatio·
945 2462 1074 2526 dicebat
1088 2479 1154 2526 non
1173 2465 1287 2526 valere
1298 2465 1332 2526 id
1347 2465 1433 2543 quod
1448 2466 1499 2526 illi
1515 2466 1580 2527 dno
1595 2466 1743 2545 quipro-

85 2563 138 2625 nis
156 2563 348 2642 bnjusmodi
371 2563 413 2624 ad
424 2564 630 2626 audientiam
645 2565 891 2642 sedisaposto-
944 2564 1116 2625 cesserant
1129 2579 1229 2640 super
1242 2563 1457 2625 excusatione
1474 2564 1573 2637 tertii,
1591 2564 1745 2627 videlicet

86 2661 165 2724 licae
191 2661 261 2722 suis
283 2659 403 2722 litteris
428 2660 639 2734 detulissent,
659 2678 719 2724 nos
742 2662 890 2739 ipsarum
945 2660 1032 2736 quod
1044 2659 1159 2722 morbo
1175 2659 1349 2722 laborabat
1362 2661 1540 2723 incurabili
1557 2662 1743 2740 rescripse-

86 2761 206 2822 tenore
227 2758 376 2836 plenarie
391 2758 570 2832 intellecto,
586 2759 711 2822 eisdem
726 2759 838 2822 abbati
858 2761 892 2822 et
944 2758 1032 2831 runt,
1052 2775 1127 2820 cum
1147 2774 1247 2836 super
1266 2757 1329 2820 1166
1348 2775 1410 2820 666
1424 2759 1592 2836 publicum
1611 2761 1743 2822 instru-

84 2859 159 2934 ejus
174 2855 320 2934 collegis,
335 2856 458 2919 nostris
466 2856 616 2920 dedimus
627 2857 748 2920 litteris
759 2857 794 2918 in
804 2874 892 2936 prae-
945 2859 1103 2930 mentum,
1120 2873 1181 2918 nec
1196 2856 1301 2934 ipsius
1315 2857 1406 2918 tertii
1423 2857 1542 2920 litterae
1562 2861 1745 2936 appareant

85 2953 205 3032 ceptis,
227 2955 264 3016 ut
286 2969 353 3016 non
380 2956 571 3017 reverentes
593 2954 713 3017 taciem
732 2955 889 3028 hominis,
943 2953 1089 3032 alicujus
1108 2954 1212 3031 sigilli
1237 2955 1421 3017 authentici
1440 2956 1622 3018 munimine
1640 2956 1743 3020 robo-

88 3051 146 3113 sed
165 3051 324 3114 babentes
343 3068 412 3129 prae
427 3052 533 3114 oculis
551 3053 657 3116 solum
672 3056 787 3127 Deum,
804 3069 892 3131 prae·
945 3053 1039 3120 ratae,
1066 3068 1128 3114 nec
1147 3051 1348 3113 credendum
1363 3050 1454 3114 sitin
1480 3069 1539 3114 suc
1554 3054 1639 3116 tacto
1655 3055 1742 3116 duo·

88 3149 174 3212 dicti
202 3147 457 3226 praedecessoris
481 3151 589 3213 nostri
613 3151 805 3213 mandatum
831 3149 892 3212 ad·
946 3149 1194 3227 buspraedictis,
1209 3149 1741 3228 quumdeseterratestimonium

89 3247 233 3326 implere
257 3248 428 3325 curarent3
452 3248 712 3312 contradictores
734 3265 794 3326 per
807 3263 890 3310 cen·
945 3247 1132 3309 videantur.
1157 3247 1206 3309 Ad
1227 3249 1378 3311 ultimum
1392 3263 1485 3318 vero,
1502 3248 1669 3326 protessus
1691 3251 1744 3314 est

85 3361 205 3408 suram
230 3345 491 3408 ecclesiasticam
517 3347 767 3425 compescendo.
799 3347 892 3410 Unde
946 3361 982 3406 se
1001 3361 1068 3407 non
1085 3361 1183 3424 possa
1204 3345 1357 3409 sulficere
1381 3347 1422 3408 ad
1438 3362 1573 3408 causam
1590 3347 1743 3412 tractan-

85 3445 238 3507 volentes
263 3446 432 3523 tamquam
465 3444 526 3506 tilii
561 3445 758 3507 ‹ibedientiaa
792 3461 893 3523 super
946 3442 1033 3511 dam,
1060 3444 1172 3521 utpote
1195 3443 1237 3505 ad
1259 3444 1551 3508 contradicendum
1579 3447 1612 3508 et
1632 3446 1742 3525 impe-

86 3541 127 3602 iis
166 3543 345 3618 procedere
361 3542 523 3614 ordinate,
545 3542 587 3604 de
605 3542 784 3604 multorum
806 3559 891 3621 pru·
945 3541 1101 3603 trandum
1143 3542 1370 3604 tantummodo
1414 3542 1622 3617 destinatus,
1669 3545 1748 3608 licet

86 3639 225 3702 dantum
248 3640 397 3702 virorum
426 3641 583 3714 consilio,
610 3641 764 3718 diligenti
792 3657 893 3719 super
946 3637 1118 3700 confessus
1130 3638 1231 3700 luerit
1245 3639 1447 3702 abbatissam
1463 3641 1648 3717 appellasse
1658 3656 1747 3718 praa-

87 3739 177 3800 statu
197 3738 365 3814 praedictae
387 3739 494 3799 sancti
510 3738 646 3800 vedasti
663 3738 813 3801 ecclesiae
833 3739 890 3799 in·
946 3736 1079 3808 dictam,
1097 3737 1183 3798 sicut
1206 3736 1241 3797 in
1260 3736 1525 3813 praecedentibus
1543 3738 1744 3800 continetur.

86 3835 268 3911 quisitione
291 3835 486 3918 praebabita,
509 3834 595 3898 sicut
614 3836 753 3913 apparet
769 3852 813 3898 ex
836 3836 892 3898 lit·
946 3833 1193 3910 Oblectionibus
1217 3849 1297 3896 vero
1330 3833 1521 3912 hujusmodi
1548 3851 1744 3913 responsum

85 3933 168 3993 teris
196 3932 388 3994 eorumdem
417 3931 595 3995 abbatissae
624 3931 783 4012 praefatae,
818 3951 891 4011 quae
946 3931 1075 3994 exstitit
1088 3947 1132 3992 ex
1149 3932 1302 4004 adverso,
1317 3932 1403 4011 quod
1418 3948 1555 3994 necesse
1579 3949 1645 3996 non
1666 3934 1744 3996 lue-

87 4029 121 4089 in
148 4029 331 4106 saepedicta
360 4030 469 4092 sancti
496 4030 631 4092 vedasti
660 4031 802 4092 ecclesia
833 4031 890 4093 ut·
944 4031 998 4091 rat
1012 4027 1047 4089 in
1062 4029 1182 4092 litteris
1196 4029 1394 4106 apostolicis
1410 4030 1450 4092 de
1467 4031 1624 4108 praedicta
1641 4032 1747 4096 abba-

86 4141 232 4204 cumque
258 4127 438 4189 decanatus
460 4126 548 4205 gerit
572 4127 736 4202 osticium,
764 4129 890 4190 certum
945 4125 1027 4188 tissa
1052 4126 1253 4189 mentionem
1276 4127 1405 4202 baberi,
1435 4130 1620 4207 praesertim
1641 4147 1741 4209 quum

87 4223 176 4286 diem
218 4240 278 4302 pro
310 4225 452 4288 termino
494 4225 725 4303 praefixerunt,
756 4242 821 4304 quo
856 4227 914 4288 16,
945 4224 1045 4286 iidem
1070 4225 1278 4302 postulantes
1299 4241 1369 4288 suae
1388 4227 1510 4290 statum
1525 4229 1744 4292 ecclesiaere-

87 4323 197 4384 sancti
223 4321 358 4385 vedasti
371 4324 525 4396 ecclesia,
547 4324 645 4402 prout
660 4325 819 4402 expedire
833 4325 890 4386 vi·
946 4321 1094 4395 formari,
1117 4324 1309 4385 nullatenus
1336 4324 1545 4388 intenderent
1565 4343 1739 4401 enervare,

87 4420 224 4493 debant,
247 4419 458 4484 instituerent
479 4421 715 4484 subdecanum.
733 4423 796 4484 Sed
812 4424 891 4502 quia
945 4419 1742 4499 immojurarepotiusjurisdictionemabbatissa

86 4519 171 4596 ipsa,
197 4519 272 4594 post
292 4519 442 4596 clapsum
463 4519 549 4581 diem
565 4521 598 4582 et
615 4520 806 4593 terminum,
833 4537 892 4599 per
945 4517 1123 4595 praedictae,
1150 4520 1236 4583 sicut
1264 4537 1307 4582 ex
1326 4536 1367 4582 eo
1392 4521 1566 4582 manifeste
1591 4524 1742 4599 apparet,

88 4617 312 4693 quadraginta
327 4617 397 4678 dies
420 4633 439 4678 a
454 4618 622 4696 praedictis
637 4618 891 4697 inquisitoribus
945 4617 1032 4694 quod
1047 4633 1122 4678 cum
1134 4617 1302 4680 abbatissa
1322 4633 1388 4680 non
1403 4620 1605 4695 competeret
1628 4635 1742 4680 curam

87 4714 395 4791 expectata,coram
403 4715 452 4777 eis
461 4716 782 4794 renuitcomparere,
790 4717 890 4779 iidem
945 4729 1063 4790 gerere
1078 4717 1276 4789 animarum,
1292 4715 1369 4777 talis
1385 4731 1526 4793 persona
1548 4715 1658 4779 extitit
1668 4717 1742 4778 ins-

85 4814 184 4888 juxta
202 4810 340 4874 sormam
355 4813 510 4890 rescripti
528 4813 710 4892 Apostolici
725 4814 891 4878 honestati
945 4812 1054 4885 tituta,
1068 4828 1141 4890 quae
1160 4813 1202 4876 ad
1217 4813 1537 4877 administrationem
1553 4813 1743 4892 hujusmodi

87 4911 119 4970 et
127 4909 266 4972 utilitati
275 4911 426 4974 ecclesia
437 4913 614 4988 providere
623 4912 784 4986 volentes,
802 4928 891 4975 eum·
946 4910 1131 4972 faciendam
1151 4910 1215 4974 luit
1232 4909 1402 4972 sufficiens
1417 4912 1450 4974 et
1473 4912 1657 4990 condigna3
1680 4929 1743 4977 nec

90 5006 173 5068 dem·
191 5008 222 5068 J.
250 5007 473 5070 subdecanum
505 5010 540 5071 in
569 5010 751 5073 memorata
785 5012 891 5074 sancti
946 5005 1097 5070 obstabat
1110 5007 1192 5070 illud
1211 5008 1240 5068 si
1255 5007 1428 5070 excusatio
1443 5008 1534 5072 tertii
1549 5025 1616 5074 non
1635 5010 1744 5074 conti·

90 5104 229 5166 vedasti
257 5105 399 5168 ecclesia
420 5107 559 5183 provide
582 5109 781 5182 statuerunt,
806 5097 892 5172 sicut
946 5105 1144 5168 uebatur'in
1158 5105 1289 5183 publico
1303 5105 1536 5180 instrumento,
1555 5123 1657 5188 quum
1671 5108 1745 5172 ins-

87 5200 122 5262 in
141 5217 259 5264 eorum
281 5201 412 5276 litteris,
437 5205 607 5284 inquibus
628 5207 728 5268 etiam
743 5208 810 5268 alia
826 5223 890 5269 ex·
945 5206 1112 5267 tramenta
1130 5203 1321 5281 hiqusmodi
1340 5219 1408 5268 non
1429 5203 1512 5267 dant
1535 5203 1569 5267 in
1592 5205 1743 5284 partibus

89 5300 291 5374 primuntur,
307 5302 526 5381 propterque
542 5303 584 5366 ad
601 5303 635 5366 id
647 5304 892 5368 rationabiliter
946 5301 1137 5376 Galbcanis,
1154 5301 1213 5364 sed
1227 5301 1309 5364 satis
1321 5301 1619 5366 debebatsntticere
1634 5303 1663 5365 si
1676 5303 1741 5366 duo

88 5395 217 5459 inducti
232 5396 376 5472 luerunt,
391 5400 522 5478 plenius
539 5402 736 5464 continetur.
946 5399 979 5462 id
1012 5397 1098 5478 quod
1126 5397 1167 5461 de
1201 5399 1299 5462 tertio
1325 5401 1453 5478 collega
1474 5397 1642 5474 sciebant,
1670 5402 1740 5464 suis

128 5497 239 5565 Quare
261 5499 463 5559 memoratus
478 5500 508 5560 J.
527 5499 715 5576 postulabat
729 5499 892 5562 instanter
945 5497 1065 5560 litteris
1080 5496 1297 5570 testabantur,
1319 5497 1437 5576 quibus
1453 5497 1591 5561 debebat
1603 5493 1685 5562 tides
1706 5501 1741 5561 in

91 5590 335 5654 ordinationem
350 5594 391 5656 de
405 5595 477 5672 ipso
491 5596 673 5659 etecclesia
683 5597 803 5660 tactam
816 5613 892 5660 auc·
945 5595 987 5656 iis
1000 5594 1120 5656 etaliis
1136 5593 1299 5668 adbiberi,
1311 5595 1496 5673 praesertim
1508 5613 1608 5677 quum
1620 5597 1657 5660 in
1669 5615 1744 5676 par·

90 5687 225 5752 toritate
240 5691 430 5768 apostolica
445 5693 649 5768 confirmari,
666 5696 778 5774 utpote
790 5694 891 5772 justi·
945 5691 1033 5756 tibus
1061 5693 1130 5756 illis
1152 5691 1241 5756 tama
1260 5691 1444 5757 communis
1470 5693 1592 5758 babeat
1608 5696 1742 5759 tertium

235 5835 349 5880 1111161.
371 5825 502 5884 1611111.
744 5904 745 5908 ¹
1253 5905 1258 5914 ¹
1568 5827 1601 5884 17
