3936 6318
56 389 104 450 113
294 386 410 448 XVIII.
425 386 527 448 -IN
547 387 801 452 NA'I'IVI'IA'III
822 391 972 454 SANG'I'I
992 393 1169 458 JOANNIS
1190 395 1420 459 BAPTISTAE.
1627 401 1688 467 214

58 553 170 611 terram
185 545 364 621 desideria,
381 548 417 610 ut
431 547 466 610 in
478 546 679 612 ils'mentem
693 549 835 628 sepeliat
868 561 871 570 ⁴
890 551 1171 629 punitendadicit
1180 556 1285 618 Dauid
1297 578 1305 620 :
1316 559 1578 634 neutericum
1591 562 1691 626 taam

57 645 198 708 advocati.
217 646 324 707 Vocat
345 647 434 707 Deus
458 645 499 708 ad
524 647 644 710 coelum
662 648 698 711 ut
712 649 835 726 gaudio
888 665 913 712 a
930 653 1081 727 peccatis
1105 655 1194 716 mets
1217 650 1286 735 (Ps.
1313 657 1363 730 50,
1393 656 1457 738 10).
1485 660 1686 724 Poenitcntia

58 743 162 806 saluti
180 743 321 806 reficiat.
347 744 527 822 Sequitur:
547 748 606 820 qai
617 749 836 822 praeparauit
889 765 1030 827 namque
1044 751 1271 827 tegumentum
1286 755 1337 818 esi
1356 757 1577 832 peccatorum,
1595 761 1632 820 ut
1646 775 1688 820 ιι

59 845 225 904 clamante
239 845 366 916 faeiem
380 843 514 904 tuam...
537 842 695 922 (Malach.
718 861 768 918 ιιι,
788 845 832 926 1).
888 849 975 910 Deus
1001 865 1069 912 non
1083 850 1194 914 mdeut
1212 851 1253 914 ad
1269 863 1412 929 poenam.
1428 855 1511 926 Quia
1530 856 1618 918 sicut
1630 856 1686 918 la-

89 941 834 1019 llancviampraeparavittoanneeantotaciem
888 958 1007 1009 ramur
1021 950 1063 1010 ali
1078 948 1235 1025 originali
1250 953 1384 1026 peccato
1403 968 1461 1029 per
1472 951 1685 1030 baptismum,

59 1039 161 1101 dhrIsti
174 1038 398 1117 praedicando,
424 1034 511 1103 'sicut
525 1039 567 1104 de
579 1041 638 1104 illo
652 1043 747 1120 pater
761 1045 834 1120 ejus
888 1042 937 1106 sic
951 1046 1150 1108 mundamur
1163 1047 1207 1110 ab
1220 1049 1343 1110 actuali
1367 1063 1428 1126 per
1444 1051 1685 1127 penitentiam.

56 1137 212 1200 Ζιιιιιὶιι
222 1138 425 1216 prophetans
437 1139 505 1201 ait:
518 1143 566 1202 re
571 1142 834 1218 paerpropiieia
888 1144 934 1205 De
959 1143 1079 1221 quibus
1102 1161 1163 1224 per.
1189 1146 1400 1210 Psalmistam
1427 1147 1569 1212 dicitur:
1585 1151 1688 1212 Beati

55 1238 203 1298 nissimi
215 1239 412 1310 cunctareris,⁸
420 1241 668 1312 aracaeum
681 1240 762 1302 anie
774 1242 833 1314 fa-
887 1255 1036 1315 quomam
1049 1247 1209 1308 remtesa
1228 1246 1311 1308 ceni
1329 1247 1540 1320 iniquitates,
1556 1247 1591 1308 et
1603 1262 1687 1322 qao-

54 1337 128 1394 ciem
157 1337 297 1396 Domini
328 1343 462 1410 parare
499 1339 576 1398 cias
615 1339 691 1409 aias
723 1334 831 1417 (Cant.
887 1346 969 1400 rum
984 1339 1074 1402 tecte
1087 1341 1169 1404 suat
1179 1341 1466 1421 peacicmea,
1481 1340 1525 1422 1).

53 1433 147 1502 zach„
162 1431 207 1511 9).
224 1433 375 1506 Qualiter
390 1449 471 1496 vero
492 1434 581 1496 viam
596 1435 727 1496 Domini
746 1451 835 1513 prae-
927 1437 1110 1511 Moriendo,
1133 1438 1212 1516 qnia
1226 1441 1333 1516 magn
1351 1441 1456 1504 voluit
1472 1441 1687 1518 temporalem

53 1531 216 1606 paraverit,
240 1531 347 1593 Isaiae
366 1533 508 1594 testatur
521 1532 655 1595 dicens:
673 1537 746 1596 Vota
758 1538 832 1596 cia·
887 1533 989 1596 vitam
1003 1536 1167 1610 amittere,
1179 1553 1278 1616 quam
1292 1539 1466 1602 veritatem
1480 1539 1513 1600 et
1520 1539 1687 1618 justiiinm

52 1629 166 1690 manta
186 1632 225 1690 ia
247 1631 404 1702 deserto:
418 1632 544 1705 parate
571 1634 666 1692 niam
686 1635 834 1694 Dmniao
886 1632 1038 1694 reticere.
1066 1634 1159 1698 Unde
1185 1635 1220 1696 in
1241 1636 1421 1712 Evangelio
1439 1637 1581 1714 legitur3
1607 1636 1686 1713 qnia

52 1723 133 1802 (Luc.
146 1742 194 1798 ιιι,
206 1725 252 1806 4).
266 1729 341 1790 Vox
354 1728 419 1788 ista
431 1727 494 1790 luit
511 1731 668 1801 ioannes,
686 1729 742 1807 qni
757 1729 834 1792 ideo
863 1763 864 1768 κ
887 1745 961 1791 cum
977 1733 1176 1806 argueretur
1186 1731 1228 1794 ab
1242 1749 1281 1795 eo
1302 1733 1451 1796 Herodes
1470 1735 1605 1810 propter
1618 1735 1688 1796 He-

52 1823 257 1898 condicitur,
278 1825 520 1903 quiaverhum
540 1827 601 1888 Dei
623 1827 832 1888 incarnatum
888 1824 1059 1888 rodiadem
1075 1841 1214 1888 uxorem
1237 1828 1351 1890 manis
1373 1829 1437 1902 sni,
1453 1827 1531 1906 quia
1546 1827 1687 1892 duxerat

51 1922 215 1996 precessit
240 1923 301 1986 Vel
314 1939 381 1986 vox
393 1925 541 1986 ioannes
552 1924 660 1986 dictus
674 1925 724 1986 esi
743 1940 762 1986 a
778 1925 831 1986 di-
886 1937 971 1996 eam,
989 1924 1081 1986 misit
1091 1924 1241 1988 Herodes
1255 1928 1288 1990 et
1306 1927 1473 2004 amputari
1490 1927 1569 1989 iecit
1587 1928 1688 2003 caput

50 2020 171 2094 gnitate,
181 2021 260 2098 quia
273 2023 396 2099 quanto
411 2031 478 2084 vox
489 2021 633 2085 vicinior
647 2023 697 2084 est
710 2021 830 2095 Verbo,
886 2022 1026 2082 ioannis
1047 2022 1084 2084 in
1109 2039 1255 2088 carcere.
1282 2025 1366 2098 Quia
1394 2025 1503 2086 omnis
1528 2038 1619 2100 ergo,
1649 2025 1685 2086 ui

49 2118 126 2178 tunic
139 2118 210 2195 ipsa
225 2119 289 2181 ruit
302 2121 334 2182 et
348 2121 399 2182 est
410 2120 541 2182 Christo
553 2120 782 2198 propinquior,
799 2123 832 2182 et
886 2117 967 2179 dicit
981 2117 1099 2182 metus
1117 2120 1308 2196 Gregorius,
1326 2121 1384 2199 qui
1398 2121 1496 2184 tidem
1515 2122 1640 2182 rectam
1652 2121 1687 2182 ei

50 2216 164 2276 tutans
185 2217 413 2290 excellentior,
434 2218 492 2295 qui
513 2233 574 2295 pro
599 2217 660 2280 sui
671 2217 832 2294 dignitate
886 2214 972 2278 bona
987 2231 1088 2294 opera
1098 2217 1268 2294 predicat,
1282 2219 1430 2282 venienti
1444 2221 1512 2280 Deo
1527 2218 1569 2279 ad
1584 2217 1686 2283 corda

49 2315 242 2376 meantum
257 2315 501 2393 prophetasad
516 2315 831 2394 etplusquampro·
886 2312 1091 2376 audientium
1112 2315 1202 2377 vium
1221 2318 1327 2392 parat.
1343 2317 1440 2378 Viam
1463 2331 1524 2376 nos
1538 2313 1685 2377 venienti

48 2410 162 2486 phetaa
177 2413 318 2476 Domino
330 2413 452 2476 meruit
463 2413 637 2492 appellari.
654 2415 739 2476 Nam
757 2425 832 2475 cum
886 2409 1025 2473 Domino
1040 2412 1251 2488 praedicando
1261 2413 1294 2475 et
1308 2413 1425 2489 dignos
1440 2412 1567 2474 tructus
1581 2411 1686 2488 poeni·
1777 2497 1781 2502 Ι

48 2509 205 2585 prophetis
224 2512 394 2573 nuntiavit
404 2511 572 2574 Christum
583 2512 760 2575 venturum
774 2511 830 2573 ‹li-
886 2508 999 2570 tentIaa
1013 2509 1167 2572 iaciendo
1181 2510 1538 2588 praemanentes
1553 2509 1684 2586 hospite

49 2607 451 2683 cens:Venietscrtiormc
454 2608 695 2689 portmauro.
704 2608 829 2689 mlo),
886 2607 1030 2681 vegetati
1054 2607 1177 2670 annea
1195 2617 1336 2670 munera
1351 2608 1557 2672 aeternaliter
1574 2606 1685 2684 perui-
1726 2629 1729 2637 ·

48 2709 75 2764 et
83 2721 150 2766 cum
160 2706 320 2783 apostolis
331 2711 528 2783 praesentem
541 2708 685 2770 ostendit
699 2708 829 2770 dicens:
886 2717 964 2781 pere
974 2719 1174 2768 mereamur.

47 2804 121 2864 Eece
144 2807 264 2880 Aquas
289 2807 365 2878 Dei,
400 2819 475 2868 ecce
500 2808 560 2880 qui
588 2806 674 2868 tottii
689 2805 832 2880 peccata
926 2801 1028 2864 Item:
1043 2806 1128 2866 licea
1150 2804 1251 2866 mitio
1276 2810 1437 2880 anqetam
1457 2817 1586 2866 meum.
1603 2805 1679 2864 An-

47 2905 152 2962 mnndt
165 2899 277 2981 (Joan.
292 2917 316 2975 1,
337 2901 588 2981 tetricrepo
605 2903 771 2966 clamabat
795 2903 831 2965 in
885 2899 981 2976 gelus
995 2900 1203 2978 quadruplex
1221 2901 1367 2963 officinm
1389 2900 1489 2964 habet
1507 2901 1543 2962 in
1564 2899 1681 2963 nobis:

47 2996 175 3071 deserto,
193 3000 271 3078 quia
292 2999 408 3063 beatus
426 3001 572 3064 ioannes
595 2999 744 3078 Baptista
767 3001 830 3061 de·
885 2998 1110 3074 comparandi,
1122 2999 1313 3076 reparandi,
1325 2998 1510 3078 imperandi
1520 3000 1685 3076 etpreepa·

46 3097 130 3157 seriae
144 3111 186 3158 ac
208 3097 373 3160 destituta
394 3097 574 3176 gentilitati
592 3098 830 3160 consolationis
884 3096 993 3157 randi.
1009 3097 1240 3174 comparandi,
1264 3097 1342 3174 quia
1358 3095 1568 3159 administrat
1587 3095 1683 3158 nobis

44 3191 229 3256 beneficium
247 3195 421 3258 nuntiabat
435 3197 549 3259 dicens
564 3213 572 3258 :
588 3198 722 3259 Parate
736 3201 831 3259 cmm
885 3193 998 3256 dlena
1021 3193 1194 3266 benenom,
1224 3195 1257 3258 et
1285 3194 1406 3272 accipit
1430 3211 1451 3257 ι
1474 3193 1570 3256 nohis
1595 3192 1683 3254 bona

45 3293 177 3354 Domino
193 3291 323 3374 (Matth.
346 3309 398 3367 ιιι,
414 3291 460 3374 3).
483 3297 554 3356 Hoc
577 3295 637 3368 est,
661 3295 830 3372 poenIten-
884 3291 1092 3369 temporalia,
1115 3292 1248 3370 quando
1268 3293 1487 3371 representat
1508 3294 1576 3355 Deo
1595 3290 1683 3352 bona

44 3389 113 3449 llam
136 3391 236 3467 agite,
266 3393 545 3470 appropinquavit
572 3394 662 3454 enim
691 3407 830 3470 regnum
885 3405 986 3466 opera
1012 3390 1143 3463 nostra,
1166 3391 1253 3453 sicut
1280 3390 1363 3453 uicit
1383 3390 1522 3468 angelus
1547 3387 1681 3452 Tantane

44 3486 202 3548 culcmm.
885 3489 1024 3552 ozaena
1045 3491 1169 3550 manaa
1194 3503 1274 3550 mem
1294 3492 1468 3564 marmnis,
1493 3503 1555 3564 eqo
1580 3487 1684 3548 catali

74 3583 261 3662 tripliciter
297 3587 387 3648 vlam
424 3587 565 3650 Domino
600 3589 828 3676 preparavit:
885 3586 1078 3648 orationem
1103 3587 1200 3648 tuam
1230 3590 1378 3648 Daciae
1407 3585 1504 3664 (roh.
1527 3600 1588 3657 ιιι,
1616 3583 1679 3661 12).

45 3683 253 3756 predicando,
268 3682 478 3762 baptizando,
495 3685 678 3747 moriendo.
696 3686 829 3748 Praedi·
884 3683 1030 3758 Angelus
1045 3683 1164 3745 obtulit
1188 3684 1372 3745 oratIonem
1393 3682 1505 3743 Tabim
1528 3681 1680 3752 Domino,

44 3783 146 3854 cando,
158 3781 317 3861 quoniam
331 3780 530 3860 baptismum
540 3784 749 3861 quopeccata
762 3784 832 3846 sol·
885 3794 951 3839 non
967 3780 1053 3856 quod
1069 3782 1157 3840 Deus
1169 3792 1235 3841 non
1245 3781 1392 3841 audierit
1405 3780 1509 3850 illam,
1524 3777 1578 3840 vel
1593 3777 1680 3855 quod

44 3881 163 3950 rantur,
183 3879 241 3958 qui
254 3880 356 3942 talem
373 3881 453 3943 dare
467 3895 535 3944 non
549 3881 691 3959 poterat,
708 3882 831 3959 praedi·
884 3891 950 3938 non
963 3878 1148 3954 susceperit
1156 3876 1252 3939 illam
1263 3878 1365 3940 etiam
1382 3877 1456 3938 sine
1476 3875 1606 3952 angelo,
1623 3873 1681 3936 sed

43 3977 135 4040 cahat.
157 3977 254 4042 Unde
274 3979 310 4040 in
330 3977 536 4056 Evangelio:
558 3977 657 4042 Vettii
676 3982 830 4043 ioannes
884 3975 1008 4036 dictum
1031 3975 1083 4036 est
1106 3975 1221 4048 attuit,
1252 3975 1349 4048 idest,
1377 3973 1564 4036 orationem
1591 3973 1682 4034 tuam

42 4077 190 4150 sapiam
211 4080 249 4138 in
273 4089 415 4140 omnem
446 4079 626 4154 reqieccm
651 4080 828 4150 tardastis,
885 4071 1038 4150 precibus
1051 4072 1134 4134 meis
1149 4071 1272 4149 adjuvi.
1411 4079 1413 4084 ·

39 4178 223 4244 praedicans
248 4175 457 4248 eaptamum
475 4175 693 4250 pausaniae
712 4179 751 4237 in
771 4191 831 4237 re·
924 4169 1125 4248 Reparandi,
1153 4170 1231 4248 quia
1254 4169 1446 4234 visitatione
1471 4183 1530 4230 ιιιι
1546 4184 1607 4230 nes
1621 4183 1681 4229 re-

42 4276 230 4335 missionem
240 4273 463 4348 pennatorum
478 4271 572 4353 (Luc.
587 4287 640 4346 ιιι,
662 4271 709 4353 3).
726 4275 831 4350 Egre-
884 4267 981 4346 parat
998 4269 1041 4330 ed
1064 4268 1216 4336 putates,
1239 4271 1273 4330 et
1293 4266 1459 4330 restaurat
1472 4266 1559 4328 hona
1581 4279 1682 4343 opera
1714 4267 1716 4270 ’

7 4375 8 4378 ’
42 4369 103 4442 glus
117 4369 318 4448 praedicator
331 4371 410 4449 quia
429 4387 469 4433 ιι
487 4372 652 4449 praeclpue
668 4370 831 4449 praedica·
884 4367 1009 4429 nostra.
1031 4366 1126 4430 Unde
1147 4367 1306 4428 Dominus
1320 4365 1356 4426 in
1375 4364 1683 4441 Evangelioztiaei-

42 4463 95 4540 hat
120 4485 181 4546 per
204 4485 279 4546 quae
301 4483 383 4531 vera
407 4471 506 4532 datur
528 4469 682 4532 remissio
706 4483 829 4548 pecca-
884 4466 979 4526 aium
994 4465 1046 4526 est
1069 4467 1202 4540 anqeiis
1220 4466 1284 4525 liei
1297 4477 1404 4536 saper
1417 4477 1486 4524 aaa
1499 4462 1682 4536 peccatore

42 4567 148 4642 iarum,
184 4567 388 4646 haptIsmum
423 4567 562 4640 scilicet,
596 4567 631 4630 ei
664 4569 831 4646 poeniten·
881 4561 1260 4637 paniiecttamapente
1275 4558 1368 4641 (Luc.
1385 4574 1442 4632 xv,
1459 4557 1504 4638 7).
1523 4558 1683 4621 similitor

43 4663 119 4727 iam.
734 4706 737 4715 .
883 4659 1135 4737 intelligendum
1154 4659 1204 4721 est
1228 4657 1314 4735 quad
1328 4657 1475 4734 gaudent
1488 4655 1529 4716 de
1550 4653 1681 4716 caeteris

72 4763 286 4842 Baptizando,
309 4763 389 4841 quia
412 4761 612 4840 baptismum
627 4762 829 4840 paenitentia
883 4755 980 4820 bonis
1000 4757 1169 4828 Ecclesia,
1185 4755 1239 4818 vel
1257 4754 1388 4832 quando
1402 4753 1486 4831 justi
1506 4751 1682 4830 proliciunt

44 4863 215 4923 noneolum
227 4857 433 4938 predicavit,
447 4860 505 4922 sed
518 4860 618 4924 etiam
634 4860 829 4938 quibusdam
883 4857 919 4918 in
940 4854 1036 4918 bonis
1058 4852 1299 4932 operibusve
1320 4849 1453 4930 quando
1476 4850 1683 4913 collocantur

43 4955 128 5020 dedit.
154 4959 251 5022 Unde
270 4959 306 5020 in
332 4957 514 5036 Evangelio
528 4979 537 5020 z
550 4959 651 5021 liniti
673 4959 829 5033 baptiza·
883 4954 920 5016 in
933 4951 1123 5016 coelestibus
1135 4949 1279 5013 sedibus.

42 5055 158 5118 tantur
192 5059 236 5118 ab
273 5071 323 5129 eo,
357 5055 558 5130 confitentes
589 5056 731 5132 peccata
764 5069 830 5119 saa
924 5049 1123 5129 imperandi,
1135 5047 1214 5127 qula
1225 5047 1369 5127 imperat
1382 5047 1479 5110 malis
1490 5045 1682 5124 angelisne

43 5149 403 5232 (manumittitlroc
417 5154 568 5233 estquod
585 5154 685 5217 Pater
698 5155 829 5216 suusde
883 5149 979 5212 honis
993 5147 1146 5220 ιιοιιιιιῐ,
1162 5147 1229 5209 nisi
1241 5146 1355 5209 adhoc
1370 5145 1477 5209 solum
1492 5147 1528 5208 ut
1540 5145 1679 5224 prosint.

43 5263 73 5310 ιι
86 5253 705 5330 prophetaveraidicensznauaeaam
717 5256 830 5316 aciem
883 5249 978 5312 Unde
1001 5250 1148 5312 ioannes
1168 5246 1205 5308 in
1227 5243 1428 5323 Apocalypsi
1444 5265 1452 5304 ι
1468 5245 1613 5306 Factam
1628 5243 1681 5304 est

45 5349 116 5412 iiam
141 5352 266 5414 sciatis
285 5354 375 5427 papi
406 5355 493 5427 ejus,
521 5355 560 5413 ia
589 5354 830 5414 remissionem
881 5349 1043 5423 praciam
1055 5359 1222 5422 maqmim
1244 5347 1282 5406 ia
1300 5348 1393 5415 coeia,
1409 5344 1554 5404 Mictaei
1568 5341 1601 5403 ei
1615 5357 1682 5402 an-

7 5459 9 5480 ,
41 5451 379 5518 peccator-remearem
389 5447 482 5528 (Luc.
496 5463 520 5524 ι,
531 5445 597 5528 77).
608 5451 656 5510 De
666 5448 828 5525 baptismo
881 5449 948 5522 peti
959 5449 1034 5518 aas
1046 5441 1297 5520 praemuntur
1312 5456 1391 5503 cmm
1401 5443 1551 5502 dracone
1564 5436 1678 5517 (apoc.

44 5541 153 5621 legitur
179 5547 217 5610 in
241 5547 422 5624 Evangelio
445 5550 554 5610 :Nisi
580 5550 657 5621 qais
683 5548 828 5609 renatas
883 5559 942 5616 ιιι,
959 5541 1005 5622 7).
1020 5540 1171 5617 Quotidie
1186 5540 1223 5602 tlt
1246 5539 1448 5617 praeliumin
1467 5537 1562 5610 coelo,
1583 5536 1677 5610 idest,

44 5645 137 5714 pern
147 5661 292 5721 escaque
304 5648 338 5708 et
347 5646 482 5720 Spiritu
490 5647 627 5718 sarecto,
638 5658 707 5707 aaa
715 5645 829 5707 mira-
882 5643 917 5704 in
932 5657 1010 5704 aere
1024 5640 1100 5712 istc,
1117 5641 1194 5702 dum
1217 5639 1298 5700 mali
1317 5637 1428 5714 angeli
1440 5636 1573 5700 student
1585 5635 1681 5698 noble

45 5743 81 5802 tii
98 5749 132 5806 m
154 5759 305 5824 requam
323 5749 486 5808 cretarum
506 5741 616 5825 (ioan.
641 5757 690 5817 ιιι,
711 5740 757 5823 5).
781 5745 827 5806 De
882 5755 1013 5814 nocere,
1025 5738 1145 5802 athoni
1156 5737 1267 5814 angeli
1278 5751 1338 5798 nos
1348 5735 1480 5799 student
1490 5734 1680 5800 defendere.
