3994 6326
253 275 312 334 itii

257 430 481 509 apostolorum
508 430 580 506 ejns
607 442 642 487 se
671 426 801 488 noverit
825 427 1048 487 incursurum.

296 531 414 590 Datum
443 525 610 596 Laterani,
636 525 710 586 XVI
738 523 897 585 kalendas
919 523 1048 602 aprilis,

256 626 465 704 pontificatus
480 623 585 685 nostri
602 638 689 684 anno
710 621 864 683 secundo.

596 809 713 896 CLXI
758 835 762 840 ·

367 965 418 1024 Ad
433 964 718 1024 aurelianensem
732 961 937 1034 episcopum.

540 1082 573 1139 m
588 1089 670 1139 mart.
689 1081 767 1138 1118.

273 1199 393 1263 largest,
406 1197 451 1248 lib.
468 1197 498 1254 ll,
511 1196 584 1260 epist.
602 1195 670 1245 10110.
682 1196 740 1245 llss.
752 1195 789 1245 La
803 1195 879 1244 Porto
896 1192 930 1244 du
943 1192 1037 1257 Thali]

488 1301 671 1360 Praebendam
685 1309 821 1360 reservat.

298 1421 475 1492 Honorius,
491 1422 566 1492 etc,
581 1436 655 1480 ven.
671 1419 766 1480 fratri
784 1416 961 1498 (Manassi)
981 1419 1053 1480 An-

258 1519 420 1580 relianen.
436 1517 600 1594 episcopo.

299 1616 399 1678 Sedes
411 1615 611 1692 Apostolica,
626 1629 699 1692 quae
709 1614 832 1690 ignotis
845 1612 1054 1674 liberalitatis

258 1729 327 1774 snae
350 1727 486 1773 munere
511 1727 598 1789 saepe
619 1714 731 1774 notam
759 1711 808 1773 eis
836 1710 953 1772 adimit
972 1725 1055 1786 pau-

258 1809 406 1888 pertatis
429 1807 528 1870 Urbis
545 1808 695 1880 clericos,
712 1809 767 1885 qui
784 1810 861 1870 sunt
878 1808 911 1870 ei
929 1807 998 1868 noti
1013 1805 1054 1868 ab

258 1908 363 1974 ntero,
375 1909 533 1984 tanquam
547 1905 596 1966 illi
608 1922 690 1982 quos
701 1906 835 1982 proprio
846 1905 932 1967 lacte
942 1905 1053 1976 lactat,

258 2003 344 2064 sicut
361 2004 466 2063 mater
488 2001 718 2072 honorificata,
741 2018 814 2078 qnae
835 2001 975 2079 pignora
999 2016 1059 2062 ca·

259 2100 348 2160 riora
365 2099 475 2162 carius
491 2099 710 2176 amplexatur,
736 2115 804 2160 suae
820 2098 1057 2160 consolationis

259 2195 415 2257 uberibus
448 2197 620 2258 consuevit
648 2197 681 2258 et
706 2195 802 2258 debet
832 2195 1056 2258 abnndantIus

258 2293 445 2364 confovere,
472 2293 649 2370 specialem
672 2293 739 2354 illis
762 2293 903 2369 gratiam
926 2293 1056 2370 impen-

259 2391 377 2462 dendo,
402 2407 485 2468 quos
499 2391 587 2452 inter
610 2389 792 2452 familiares
808 2393 891 2467 ejus,
909 2393 941 2453 et
961 2392 1056 2452 notos

259 2489 311 2548 sni
324 2487 404 2550 facit
418 2487 576 2550 nobilitas
591 2489 723 2564 generis
739 2489 896 2550 notiores.
913 2489 993 2549 Inde
1007 2487 1057 2549 est

259 2585 344 2662 qnod
369 2601 428 2663 pro
453 2585 573 2646 dilecto
600 2585 707 2646 filio...
730 2584 876 2646 basilicae
896 2585 1057 2662 principis

259 2681 492 2759 Apostolorum
526 2683 703 2754 canonico,
736 2683 813 2743 nato
843 2681 964 2743 nobilis
992 2681 1057 2742 uiri

259 2779 422 2841 lobannis
432 2778 471 2840 de
481 2781 602 2840 Sancto
614 2779 802 2844 Eustachio.
815 2778 1058 2842 fraternitatem

259 2878 352 2937 tuam
384 2890 541 2952 rogamus
573 2877 711 2948 attente,
741 2877 774 2937 et
802 2876 974 2938 hortamur
1000 2893 1059 2954 per

262 2973 452 3050 apostolica
474 2972 535 3035 tibi
563 2973 686 3050 scripta
714 2974 937 3051 precipiendo
958 2990 1057 3037 man·

262 3071 389 3142 dantes,
407 3071 568 3148 quatenus
584 3071 626 3142 ei,
642 3069 697 3148 qni
709 3069 769 3132 tibi
784 3073 817 3132 et
829 3071 980 3132 ecclesiae
992 3071 1058 3133 tuae

261 3185 320 3244 per
335 3185 370 3230 se
385 3185 424 3229 ac
439 3184 517 3228 snos
532 3168 640 3244 potest
654 3168 799 3229 existere
818 3167 1008 3230 fructuosus
1024 3169 1059 3230 in

262 3265 385 3336 multis,
411 3263 622 3342 praebendam
646 3265 681 3324 in
708 3264 822 3344 eadem
847 3265 1000 3337 ccclesia,
1031 3266 1059 3326 si

262 3377 336 3438 quae
351 3363 457 3436 vacat,
481 3361 522 3423 ob
535 3361 758 3424 reverentiam
776 3362 975 3439 apostolica
1000 3364 1061 3424 Se-

262 3459 312 3518 dis
328 3461 362 3524 et
375 3461 532 3532 nostram,
546 3457 728 3522 liberaliter
742 3458 906 3532 conferas,
924 3462 957 3521 et
971 3461 1059 3521 assi-

261 3573 352 3632 gnes.
371 3555 526 3644 Alioquin
542 3556 753 3619 donationem
774 3557 880 3634 primo
892 3559 1059 3620 vacaturae

262 3654 448 3732 praebendae
461 3654 556 3716 nobis
570 3653 721 3718 volumus
735 3656 913 3726 reservari,
937 3658 973 3718 ut
987 3671 1060 3717 earn

262 3767 412 3827 personae
425 3752 553 3812 idoneae
573 3750 793 3814 conferamus.
815 3752 1060 3815 Denunoiantes

262 3847 405 3920 irritum,
429 3850 462 3910 et
493 3847 593 3910 inane
619 3848 649 3908 si
673 3847 750 3926 quId
775 3851 891 3911 contra
914 3851 1061 3912 extiterit

262 3947 470 4007 attentatum.
504 3947 623 4007 Datum
651 3947 808 4008 Laterani
836 3949 873 4008 11
899 3947 1060 4008 kalendas

263 4043 379 4118 aprilis
393 4058 481 4104 anno
497 4043 651 4104 secundo.

591 4211 729 4298 CLXII

341 4353 393 4414 Ad
414 4353 694 4414 archidiaconum
714 4355 979 4429 Putaomrmm,

420 4448 600 4510 cautorem
613 4450 647 4512 et
660 4453 899 4512 subdecanum.

546 4571 580 4628 19
598 4579 680 4630 mart.
698 4571 776 4630 1118.

288 4684 407 4748 [nagan.
422 4683 467 4734 ns.
479 4685 509 4743 n,
524 4686 599 4750 epra.
611 4685 667 4736 aaa.
682 4686 1033 4752 rememorarent]

334 4793 375 4848 lic
390 4793 566 4850 correctione
585 4799 613 4850 et
632 4793 834 4852 reformatIone
856 4795 885 4850 in
905 4793 990 4852 domo

451 4883 676 4955 eleemosynaria
692 4881 727 4940 de
741 4883 868 4956 liupella.

304 4997 483 5068 Honorius,
509 5000 584 5070 etc,
604 4997 732 5061 dilectis
755 4999 870 5061 filiis...
892 5001 1062 5063 archidia-

263 5109 347 5156 cono
371 5094 523 5155 Briocen.
547 5096 715 5159 Pictaren.
739 5097 903 5172 dioecesis,
932 5099 1061 5162 cantori

263 5192 400 5270 majoris
416 5192 576 5266 ecclesie,
598 5197 666 5258 et...
689 5195 876 5258 subdecano
894 5195 981 5258 beati
1000 5197 1062 5260 Hi-

262 5291 340 5353 larii
355 5291 524 5354 Pictaven.

303 5391 353 5450 Ex
386 5391 480 5467 parte
516 5390 709 5452 dilectorum
744 5391 888 5454 filiorum
921 5394 1059 5456 fratrum

263 5485 380 5547 domus
401 5487 673 5566 eleemosynariae
693 5489 732 5550 de
749 5491 887 5568 Rupella
908 5491 970 5555 fnit
984 5508 1062 5569 pro-

264 5583 406 5662 positum
427 5601 538 5647 coram
565 5586 669 5659 nohis,
700 5588 785 5666 qnod
813 5605 913 5666 qnnm
940 5591 1061 5666 prioris

874 267 1047 328 IlthOIlII
1073 268 1114 326 III
1137 267 1286 328 OPERA.

1840 269 1892 328 fuid
1912 311 1916 326 .

1104 425 1156 486 sui
1178 424 1295 488 electio
1321 424 1426 488 libera
1452 423 1552 486 fuerit
1575 423 1617 486 ab
1643 425 1779 504 antiquo
1800 427 1891 502 Juxta

1104 523 1190 600 quod
1210 522 1332 600 ipsisa
1356 523 1513 585 Romanis
1538 523 1753 585 Pontificibus
1772 527 1824 586 est
1846 525 1893 584 in-

1104 620 1281 692 dultum...,
1304 620 1397 698 prior
1415 621 1472 698 qui
1496 637 1584 684 nunc
1608 623 1659 682 est
1680 622 1797 684 contra
1821 637 1892 682 con-

1105 717 1313 779 suetudinem
1335 718 1481 796 ejusdem
1500 718 1576 791 loci,
1592 734 1631 780 ac
1649 719 1892 796 privilegiorum

1106 831 1241 876 suornm
1270 817 1429 887 tenorem,
1458 815 1580 878 ibidem
1607 815 1733 894 praefici
1759 832 1795 876 se
1820 833 1892 892 per-

1106 913 1206 983 misit,
1230 928 1290 990 per
1311 916 1409 990 cujus
1432 912 1590 990 injuriam
1610 916 1642 975 et
1665 913 1893 989 negligentiam

1105 1009 1192 1071 bona
1214 1010 1408 1072 minuuntur
1429 1009 1589 1087 ipsorum,
1614 1027 1687 1089 qnae
1702 1011 1789 1072 idem
1811 1011 1891 1072 dila·

1107 1107 1207 1185 pidat,
1224 1108 1414 1168 eorumdem
1428 1123 1568 1168 assensu
1583 1108 1717 1170 minime
1729 1109 1891 1185 requisito.

1108 1205 1274 1265 Prmterea
1301 1220 1400 1281 quum
1423 1204 1659 1281 hospitalitatis
1673 1205 1781 1281 gratia
1796 1205 1840 1266 ibi
1858 1205 1893 1265 ab

1107 1301 1242 1378 antiquo
1264 1302 1475 1364 consueverit
1502 1301 1687 1373 observari,
1713 1302 1785 1364 baec
1813 1305 1893 1378 ejus-

1106 1399 1180 1460 dem
1207 1399 1329 1476 prioris
1358 1398 1594 1476 tempererare
1619 1400 1661 1461 ad
1686 1399 1826 1460 nibilum
1851 1403 1893 1460 est

1106 1495 1258 1572 redactam
1281 1496 1412 1559 etdicta
1433 1497 1561 1570 domna,
1578 1498 1634 1575 qni
1656 1498 1745 1558 inter
1765 1499 1891 1558 caeteras

1107 1593 1299 1656 convicinae
1312 1594 1484 1658 consuerit
1498 1595 1658 1658 hactenus
1668 1595 1828 1656 bonorum
1837 1595 1892 1670 spi·

1108 1689 1277 1751 ritualium
1299 1689 1332 1752 et
1354 1689 1584 1767 temporalium
1601 1689 1750 1752 ubertate
1771 1689 1890 1760 llorere,

1108 1787 1191 1848 adeo
1217 1787 1325 1850 estin
1349 1787 1522 1866 utriusque
1545 1787 1705 1864 collapsa,
1729 1786 1893 1866 quodnisi

1109 1885 1215 1946 eidem
1246 1901 1306 1964 per
1334 1888 1481 1948 nostram
1514 1883 1773 1947 sollicitudinem
1807 1883 1892 1946 citius

1109 1983 1335 2056 succurratur,
1360 1982 1418 2044 vix
1437 1981 1582 2060 adjiciet,
1609 1982 1646 2045 ut
1662 1983 1825 2057 resurgat.
1848 1983 1897 2044 ln·
1992 2037 1993 2040 ,

1110 2094 1209 2158 super
1232 2096 1332 2157 quum
1354 2079 1456 2141 iidem
1474 2078 1595 2141 fratres
1609 2079 1734 2142 certam
1759 2078 1895 2154 regulam

1110 2176 1151 2238 ab
1170 2176 1322 2238 omnibus
1337 2179 1527 2254 juramento
1547 2177 1710 2240 firmatam
1731 2175 1764 2237 et
1782 2176 1897 2238 contir-

1111 2277 1234 2337 matam
1257 2275 1292 2338 in
1318 2275 1504 2354 privilegiis
1530 2275 1721 2338 eorumdem
1747 2273 1898 2336 observa·
1993 2345 1994 2380 ἦ

1110 2371 1219 2434 verint
1233 2371 1434 2452 abantiquo,
1449 2372 1556 2434 dictus
1572 2373 1662 2450 prior
1676 2371 1752 2449 post
1765 2371 1901 2448 appella·
1993 2381 1994 2390 ¹

1110 2471 1235 2532 tionem
1264 2470 1306 2532 ad
1335 2485 1397 2534 nos
1429 2469 1574 2546 legitIme
1604 2470 1845 2546 interpositam,
1872 2473 1900 2528 et

1111 2569 1233 2646 praeter
1257 2567 1457 2646 apostolica
1488 2567 1582 2630 Sedis
1605 2582 1780 2628 assensum
1809 2565 1902 2626 aliam
1994 2599 1995 2656 p

1112 2665 1192 2742 ipsis
1214 2665 1411 2727 inconsultis
1437 2663 1676 2730 observandam
1702 2663 1845 2740 recepit,
1873 2663 1904 2723 in

1112 2762 1333 2838 contemptum
1355 2759 1571 2834 nostramet
1591 2757 1823 2837 praejudicium
1848 2775 1904 2819 eo-

1111 2857 1272 2931 rumdem,
1298 2860 1330 2920 et
1358 2857 1536 2936 aliqnando
1565 2857 1904 2922 excommunicatione

1113 2958 1256 3028 notatus,
1283 2955 1427 3019 scienter
1443 2955 1557 3017 divina
1576 2955 1789 3034 presumpsit
1802 2955 1904 3016 oflicia
1995 2953 1996 2962 ’

1113 3054 1298 3126 celebrare,
1325 3054 1392 3114 alia
1421 3053 1525 3115 multa
1556 3053 1730 3116 committit
1760 3053 1905 3114 enormia

1113 3153 1148 3213 in
1172 3152 1289 3213 salutis
1316 3167 1384 3212 suae
1413 3149 1632 3228 dispendium,
1660 3151 1694 3214 et
1717 3150 1904 3214 scandalum

1113 3249 1340 3327 plurimorum.
1370 3247 1463 3310 Unde
1478 3247 1572 3334 nobis
1587 3247 1759 3312 humiliter
1778 3247 1904 3326 suppli-

1113 3347 1249 3416 carunt,
1277 3348 1313 3409 ut
1341 3345 1519 3423 superbis
1550 3346 1761 3408 indemnitati
1797 3361 1906 3410 eorum

1114 3445 1327 3520 dignaremur
1339 3445 1476 3521 paterna
1488 3442 1711 3506 sollicitudine
1723 3444 1903 3520 providere.

1114 3543 1272 3603 Nolenles
1286 3541 1389 3619 igitur
1403 3541 1486 3613 hoec,
1502 3543 1530 3602 si
1541 3556 1620 3602 vera
1634 3541 1711 3614 sint,
1728 3541 1906 3604 conniven-

1113 3637 1201 3700 tibus
1223 3640 1328 3700 ocnlis
1352 3638 1567 3716 pertransire,
1585 3637 1779 3702 discretioni
1794 3641 1905 3700 vestre

1114 3752 1174 3814 per
1185 3735 1373 3813 apostolica
1389 3735 1512 3813 scripta
1526 3735 1732 3808 mandamus,
1750 3737 1905 3814 quatenus

1114 3833 1155 3896 ad
1182 3833 1289 3894 locum
1315 3833 1424 3910 ipsum
1450 3833 1670 3911 personaliter
1702 3833 1903 3904 accedentes,

1114 3931 1156 3992 iis
1172 3947 1245 4010 quae
1265 3947 1285 3993 a
1306 3931 1444 4010 praefato
1467 3931 1579 4009 pctore
1604 3931 1751 3993 alienata
1769 3932 1903 3992 invena-

1114 4029 1188 4090 ritis
1198 4027 1325 4100 illicite,
1338 4027 1390 4090 vel
1400 4029 1570 4102 distracta,
1587 4029 1628 4090 ad
1645 4031 1700 4106 Jus
1714 4029 1750 4092 et
1762 4029 1905 4106 proprie-

1115 4127 1215 4187 tatem
1237 4125 1402 4204 praedictae
1426 4126 1542 4188 domus
1564 4126 1710 4204 legitime
1734 4127 1902 4194 revocatis,

1116 4239 1216 4301 super
1231 4222 1307 4284 aliis
1321 4223 1500 4301 inquiratis
1517 4223 1710 4300 diligentius
1725 4223 1900 4292 veritatem

1114 4323 1149 4382 et
1163 4321 1350 4398 corrigatis,
1364 4336 1403 4382 ac
1416 4319 1603 4384 reformetis
1618 4321 1816 4384 auctoritate
1829 4336 1901 4380 nos-

1114 4419 1165 4480 tra
1177 4417 1297 4479 ibidem
1310 4434 1383 4496 quae
1393 4417 1610 4482 correctionis
1623 4421 1655 4480 et
1665 4417 1901 4480 reformationis

1115 4517 1223 4578 officio
1245 4515 1442 4578 inveneritis
1468 4516 1633 4594 indigere;
1652 4516 1900 4579 contradictores

1115 4630 1174 4692 per
1201 4629 1375 4676 censuram
1404 4614 1664 4677 eeclesiasticam
1691 4615 1898 4692 appellatione

1115 4712 1295 4788 postposita
1311 4714 1569 4789 compescentes.
1586 4711 1676 4784 Quod
1700 4713 1729 4772 si
1745 4711 1826 4774 forte
1839 4709 1895 4770 ali-

1115 4808 1193 4888 quid
1206 4809 1408 4871 difficultatis
1424 4810 1597 4872 emerserit
1612 4825 1670 4872 vos
1692 4809 1775 4872 illud
1797 4809 1893 4870 nostro

1115 4907 1261 4968 examini
1277 4912 1497 4980 reservantes,
1514 4910 1546 4968 et
1558 4907 1747 4984 redigentes
1761 4909 1796 4968 in
1809 4903 1893 4978 scrip

1114 5005 1157 5066 tis
1175 5003 1236 5064 sub
1256 5004 1374 5082 sigillis
1390 5005 1508 5067 vestris
1532 5003 1573 5066 ad
1598 5007 1747 5069 nostram
1764 5016 1892 5082 prasen-

1114 5103 1194 5165 tiam
1220 5103 1468 5175 transmittatis,
1500 5101 1637 5180 praefixo
1664 5102 1810 5182 partibus
1834 5103 1890 5160 tar-

1115 5201 1204 5262 mino
1227 5200 1436 5277 competenti,
1463 5217 1526 5278 quo
1541 5204 1656 5264 nostro
1671 5217 1707 5264 sa
1722 5193 1888 5276 conspectui

1115 5299 1368 5374 repraesentent,
1395 5300 1520 5373 justam
1541 5299 1641 5362 dante
1670 5300 1804 5361 Domino
1822 5310 1887 5358 sen·

1117 5397 1253 5457 tentiam
1266 5397 1459 5474 recepturae.
1468 5397 1560 5468 Quod
1576 5398 1604 5458 si
1618 5415 1685 5460 non
1698 5397 1885 5469 omnesaue

1115 5495 1180 5558 dno
1195 5497 1353 5568 vestrum,
1379 5497 1440 5556 etc.
1465 5495 1584 5557 Datum
1607 5497 1762 5560 Laterani
1782 5499 1816 5557 11
1836 5491 1886 5552 ta·

1116 5594 1231 5655 lendas
1246 5592 1362 5670 aprilis
1377 5608 1466 5654 anno
1481 5593 1636 5654 secundo.
