3986 6304
72 307 122 368 217

74 459 239 536 indulgere,
255 471 351 518 nemo
366 457 539 518 autumare
555 458 745 534 praesumat,
763 459 849 536 quod

74 573 199 636 unquam
220 555 300 617 velit
313 554 414 616 Sedes
434 555 623 632 Apostolica
640 556 693 616 vel
716 556 757 616 ad
773 572 848 618 mo-

76 659 168 719 dicum
181 653 357 714 terminum
371 668 562 730 prorogare,
585 653 642 730 qui
660 652 723 714 fuit
744 669 850 731 nuper

75 757 105 817 in
117 767 200 814 sacro
219 751 368 828 generali
381 751 529 812 Concilio
549 751 757 822 constitutus,
775 767 849 812 cum

75 869 132 932 pra
144 848 243 910 multo
258 847 423 910 desiderio
445 848 541 910 nobis
556 850 589 911 et
601 849 758 910 fratribus
771 865 851 910 nos-

75 951 123 1012 tris
136 946 237 1008 omnis
259 946 414 1008 celeritas
430 945 472 1007 sit
491 962 624 1008 morosa
649 947 682 1008 et
696 945 850 1023 quaelibet

74 1043 245 1108 festinantia
259 1043 357 1104 nimis
373 1043 479 1120 pigra,
503 1059 542 1104 eo
560 1043 647 1122 quod
666 1044 751 1104 nihil
769 1044 850 1104 satis

75 1141 199 1220 cupienti
244 1141 354 1202 animo
395 1141 581 1203 festinatur.
628 1141 850 1218 Accingimini

74 1243 168 1317 igitur,
186 1238 259 1310 filii,
285 1239 446 1315 potenter,
457 1239 490 1300 et
511 1240 547 1300 ut
570 1238 782 1301 laudabiliter
803 1239 851 1299 in-

74 1337 197 1415 cepistis,
218 1335 322 1398 estote
339 1337 459 1414 parati,
476 1337 553 1414 quia
573 1338 850 1414 praeparationem

73 1433 281 1498 cordisvestri
301 1435 392 1494 auris
412 1434 472 1495 Dei
484 1435 516 1495 et
535 1435 707 1496 homiuum
731 1451 851 1513 accep-

73 1533 188 1604 taritet
206 1532 295 1593 sicut
310 1531 489 1608 prudenter
510 1532 761 1610 disposuit,jam
780 1533 852 1594 sul-

74 1646 136 1691 care
156 1629 263 1690 maria
286 1629 461 1701 inchoetis,
479 1629 609 1692 caeteris
622 1631 850 1707 gradientibus

74 1745 151 1788 suum
162 1728 237 1798 iter,
250 1728 287 1789 ut
303 1743 377 1788 oum
392 1728 452 1800 eis,
461 1729 600 1790 Domino
613 1728 806 1802 deducente,
814 1729 850 1788 in

74 1825 188 1903 praefixo
210 1826 361 1902 tempore
387 1825 589 1902 perveniatis
616 1826 657 1887 ad
678 1827 793 1902 portus
815 1827 850 1886 in

75 1923 197 1984 donchio
222 1923 424 2000 praefinitos,
459 1921 527 1995 ubi,
553 1923 595 1984 ad
617 1923 850 1986 stabiliendum

74 2022 196 2082 restrum
211 2021 588 2098 propositum,recipere
602 2022 736 2098 possitis
751 2038 771 2083 a
787 2025 850 2083 uo-

74 2118 114 2178 his
140 2118 315 2180 consilium
349 2119 381 2180 et
419 2119 582 2180 auxilium
616 2119 848 2196 opportunum,

77 2217 193 2278 scientes
229 2216 320 2293 quod
349 2216 378 2276 si
409 2218 466 2294 qui
496 2216 625 2290 forsan,
654 2218 741 2296 quod
763 2221 849 2278 Deus

77 2314 190 2384 1101101,
212 2313 382 2374 diabolica
402 2313 518 2374 fraude
541 2315 668 2376 seducti
687 2315 742 2376 rel
763 2316 850 2377 tem-

77 2411 176 2486 poralis
206 2428 272 2474 seu
306 2411 451 2472 carnalis
478 2412 601 2473 amorIs
632 2412 850 2476 delectatione

78 2507 206 2570 abstracti
231 2508 459 2586 aliquatenus,
476 2509 530 2570 vel
560 2509 676 2582 illecti,
702 2511 849 2572 cervices

78 2623 135 2668 suas
149 2606 185 2668 ab
196 2623 302 2668 onere
313 2610 383 2685 jam
399 2609 551 2684 suscepto
567 2607 607 2669 ad
620 2610 751 2686 tempus
766 2608 849 2669 sub-

80 2701 228 2767 ducereuel
244 2707 406 2767 excutere
421 2705 568 2768 indebite
584 2706 789 2779 molirentur,
797 2707 850 2768 vel

81 2817 157 2878 super
184 2804 244 2864 hoc
277 2803 353 2864 aliis
377 2803 648 2880 impedimentum
677 2805 847 2882 praestare,

81 2901 174 2972 prater
191 2901 447 2962 diminutionem
467 2902 589 2963 divinae
611 2902 727 2978 glorIae
743 2919 781 2963 ac
796 2902 851 2963 in-

83 2994 188 3060 famiam
198 2999 421 3078 corporalem,
435 3000 671 3062 coercitionem
684 3017 751 3061 non
767 3016 848 3061 eva-

28 3129 29 3150 2
84 3091 172 3156 demut
182 3097 230 3158 rel
243 3113 425 3160 censuram
439 3097 675 3160 ecclesiasticae
700 3097 848 3159 ultionis.

81 3189 131 3250 l'os
143 3195 239 3257 autem
259 3195 362 3258 electi
371 3196 429 3258 Dei
445 3197 477 3258 et
492 3195 552 3256 filii
566 3197 585 3258 J
588 3213 646 3256 esu
661 3195 794 3266 Christi,
811 3211 851 3256 ac

83 3287 205 3361 primitiae
217 3292 434 3371 triumphalis
456 3294 623 3355 exercitus
643 3293 768 3355 domini
789 3295 852 3354 Sa-

81 3381 156 3448 baoth
169 3393 252 3468 regis
272 3391 393 3468 gloriae
411 3407 450 3453 ac
471 3392 642 3464 uirtutum,
656 3405 755 3468 super
777 3391 850 3452 vias

83 3487 181 3547 restras
204 3489 320 3566 ponite
347 3489 486 3551 firmiter
519 3489 620 3550 corda
651 3491 851 3561 restra,neo

82 3585 248 3653 permittatis
275 3589 316 3648 ut
337 3586 572 3648 candelabrum
591 3588 739 3649 uestrum
759 3587 852 3664 quis-

84 3692 156 3752 quam
169 3683 205 3745 de
224 3685 303 3746 loco
320 3701 380 3746 suo
392 3684 545 3748 amoveat
565 3685 619 3746 rel
641 3685 744 3762 aliqui
757 3684 850 3747 vohis

83 3781 246 3856 precipiant
260 3798 421 3844 coronam
445 3783 478 3843 et
491 3783 633 3856 gloriam
657 3785 728 3859 jam
751 3797 852 3859 para-

85 3870 139 3934 tau.
153 3879 242 3942 Multi
257 3881 350 3941 enim
365 3895 425 3957 per
445 3883 552 3941 terras
568 3880 599 3941 et
612 3881 718 3940 maria
742 3879 852 3940 certa-

84 3968 124 4030 tn
141 3991 317 4053 properare
339 3977 518 4055 disponunt
543 3977 578 4038 iu
602 3978 745 4039 termino
764 3993 853 4053 prae-

85 4063 167 4144 luno,
192 4075 295 4136 tantae
333 4074 449 4151 gloriae
486 4074 619 4136 titulum
657 4076 733 4136 ante
766 4074 850 4136 alios

86 4170 333 4244 conquirendum,
362 4173 451 4234 inter
480 4189 563 4250 quos
594 4173 787 4234 carissimus
815 4173 851 4233 in

42 4263 43 4276 ¹
86 4260 185 4329 Christo
199 4271 289 4332 filius
305 4271 429 4342 noster,
448 4271 604 4347 Ungariae
626 4286 687 4332 rex
696 4271 849 4342 illustris,

43 4349 45 4362 ⁴
87 4358 174 4425 adhoc
194 4384 289 4445 opus,
306 4369 406 4446 prout
426 4368 522 4429 nobis
549 4368 619 4428 suis
633 4367 754 4429 lilteris
769 4368 851 4429 inti-

86 4459 168 4532 uaris,
198 4465 378 4541 magnifice
409 4481 444 4526 se
477 4465 631 4542 accingit.
668 4467 743 4527 Non
773 4480 851 4540 ergo

87 4555 226 4633 tuisquam
237 4563 407 4640 deinceps,
420 4563 476 4640 qui
486 4563 622 4640 paratus
635 4563 760 4632 existit,
772 4563 853 4625 tem·

87 4661 249 4736 usuagis
290 4661 512 4738 opportunum
541 4661 687 4722 inaniter
708 4663 850 4738 praesto-

87 4741 155 4823 ltili,
167 4771 263 4832 quum
288 4773 387 4820 omne
411 4774 485 4820 cras
512 4759 556 4820 sit
567 4757 702 4819 dubium
728 4774 853 4836 expec-

88 4841 206 4922 11111110
221 4857 279 4934 qui
295 4872 364 4917 non
379 4857 429 4920 est
449 4855 548 4918 hodie
561 4857 605 4918 sit
624 4873 698 4918 cras
712 4856 852 4918 forsitan

88 4943 168 5008 uiuus
179 4955 286 5032 aptius,
300 4953 377 5014 dum
397 4971 464 5016 uox
476 4955 642 5017 cantantis
657 4955 691 5016 in
706 4955 852 5017 fenestra

88 5041 216 5110 alconus
233 5052 270 5114 111
292 5053 543 5130 superliminari
555 5052 720 5114 fallaciter
737 5069 854 5131 expec-

89 5135 187 5219 huto„
203 5149 259 5210 sed
275 5151 376 5227 juxta
391 5150 569 5212 consilium
585 5151 745 5227 sapientis
756 5152 854 5228 quid-

89 5237 142 5305 llid
154 5245 253 5317 potest
267 5247 434 5309 instanter
453 5263 572 5308 manus
585 5248 764 5326 cujuslibet
773 5264 854 5326 ope-

90 5335 163 5410 ntur,
182 5345 256 5419 quia
275 5361 346 5406 non
365 5345 605 5408 dormientibus
627 5347 684 5408 sed
708 5347 854 5423 vigilan-

92 5427 151 5494 tibus
172 5455 292 5504 corona
322 5443 470 5506 noscitur
497 5444 709 5521 repromissa.
735 5447 852 5507 Datum

94 5521 852 5620 Ι110101117111111.1011100111,11011111100111101100111

95 5633 154 5688 illo
164 5636 274 5709 11111110.

663 297 915 378 1111010111.
938 301 1016 362 urs.
1041 303 1066 364 1.

1199 475 1407 566 CLXXVII

904 659 956 718 Ad
969 661 1191 756 Palestinorum
1210 667 1406 740 0010000001
1425 669 1624 733 accuratam
1635 677 1703 734 Fu·

943 761 1113 821 silicinam
1126 765 1338 827 Placentiam
1354 769 1520 842 diaecesis,
1541 772 1575 832 et
1596 775 1700 834 dcco-

944 872 1028 918 oum
1044 861 1253 924 Toletaaum.

1197 986 1231 1043 27
1250 989 1408 1048 10111117.

937 1095 1009 1161 [(1011.
1024 1097 1069 1148 lat.
1083 1097 1155 1162 3931,
1166 1114 1192 1166 p,
1205 1099 1243 1151 73.
1259 1105 1319 1154 llss.
1331 1103 1508 1171 bibliotheque
1519 1109 1670 1176 nationale]

905 1212 1046 1287 Episcopo
1065 1222 1093 1273 ct
1110 1215 1204 1275 abbati
1220 1219 1369 1278 Fusillensi
1386 1222 1558 1282 Placentino
1570 1225 1701 1286 dioecesis

940 1309 968 1360 ct
986 1302 1096 1361 decano
1116 1307 1252 1365 Toletano
1275 1310 1391 1368 mandat
1411 1319 1441 1369 ut
1460 1315 1632 1387 compellant
1650 1319 1700 1375 Ju-

941 1390 1018 1450 daeos
1038 1391 1074 1450 ad
1096 1397 1277 1468 exsequendo
1300 1415 1363 1471 quse
1385 1400 1415 1458 iu
1435 1403 1560 1461 Concilio
1574 1405 1703 1478 generali

940 1481 1015 1626 0111ξο
1026 1496 1076 1540 eos
1091 1490 1194 1542 statuta
1212 1494 1288 1557 suut,
1302 1491 1459 1562 praesertim
1475 1489 1509 1548 dc
1522 1491 1703 1551 distinctione

962 1585 976 1627 a
999 1571 1064 1630 ilus.

944 1689 1025 1749 Cum
1048 1689 1084 1750 in
1105 1695 1255 1767 generali
1276 1697 1423 1759 Concilio
1446 1699 1584 1776 provida
1603 1700 1705 1765 fuerit

905 1785 1144 1852 deliberatione
1166 1791 1342 1868 statutum,
1364 1793 1498 1860 Judaeos
1521 1816 1581 1876 per
1603 1800 1703 1862 subs-

904 1884 1704 1974 tractionemcommunionisfideliumspecialiter

905 1981 940 2042 in
956 1987 1163 2047 commerciis
1178 1991 1421 2066 compellendos
1437 1993 1478 2054 ad
1494 1994 1705 2058 satisfacien-
1780 2015 1782 2018 ·

905 2079 982 2141 dum
993 2083 1144 2145 ecclesiis
1154 2102 1214 2163 pro
1225 2087 1361 2150 decimis
1372 2090 1635 2155 etoblationibus
1645 2093 1705 2156 de-

904 2177 983 2240 bitis
1005 2198 1120 2258 quasa
1140 2183 1333 2248 christianis
1355 2187 1395 2249 de
1415 2189 1566 2252 domibus
1579 2192 1611 2253 et
1624 2207 1705 2268 pos-

906 2279 1108 2341 sessionibus
1141 2283 1218 2344 aliis
1252 2286 1425 2362 percipere
1463 2289 1704 2351 consueverant

904 2378 1082 2453 antequam
1097 2379 1138 2440 ad
1152 2381 1286 2445 Judaeos
1301 2400 1507 2462 quocumque
1529 2385 1624 2448 titulo
1645 2386 1704 2447 de-

904 2483 1073 2546 venissent
1087 2487 1215 2566 adjecto
1230 2491 1298 2552 uta
1312 2492 1631 2566 christianis,Judaei
1643 2507 1703 2570 per

905 2579 1131 2646 diversitatem
1154 2587 1295 2651 habitus
1320 2589 1566 2668 distinguantur
1595 2589 1703 2654 Judaei

905 2685 1200 2746 commemorantes
1220 2686 1254 2747 in
1274 2687 1409 2749 dioecesi
1425 2691 1458 2750 et
1472 2688 1606 2750 civitate
1618 2691 1705 2750 Bur-

904 2784 981 2854 gen,
1002 2795 1063 2841 nec
1081 2797 1116 2842 se
1128 2797 1148 2842 a
1162 2783 1354 2847 christianIs
1371 2802 1431 2863 per
1443 2787 1575 2849 habitus
1590 2787 1703 2866 quali-

904 2877 1006 2938 tatem
1026 2877 1230 2956 distinguere
1245 2899 1306 2944 nec
1325 2899 1385 2960 pro
1403 2884 1541 2946 decimis
1563 2887 1596 2946 et
1611 2883 1706 2947 obla-

905 2975 1050 3038 tionibus
1075 2980 1277 3055 supradictis
1300 2980 1562 3044 satisfactionem
1585 2982 1705 3044 curant

905 3074 1055 3135 ecclesiis
1075 3075 1244 3151 exhibere,
1266 3079 1352 3141 sicut
1369 3080 1570 3142 venerabilis
1589 3080 1705 3142 fratris

906 3172 1012 3232 nostri
1024 3174 1203 3249 Burgensis
1219 3175 1365 3254 episcopi
1377 3177 1488 3240 oblata
1502 3178 1599 3240 nobis
1617 3178 1706 3255 peti-

904 3269 951 3331 110
963 3270 1129 3347 patefecit.
1147 3273 1288 3351 Ideoque
1303 3275 1497 3338 discretioni
1509 3277 1630 3338 vestrae
1644 3291 1705 3352 per

905 3368 1087 3445 apostolica
1106 3371 1229 3448 scripta
1244 3373 1451 3440 mandamus,
1468 3375 1630 3453 quatenus
1643 3375 1661 3435 J
1664 3391 1705 3434 u-

905 3466 995 3528 daeos
1009 3467 1099 3544 ipsos
1119 3468 1160 3529 ad
1183 3469 1389 3532 observanda
1408 3472 1568 3549 praedicta
1582 3488 1704 3534 secuu-

905 3563 983 3625 dum
1010 3564 1149 3626 formam
1175 3583 1369 3644 expressam
1395 3569 1430 3630 in
1456 3570 1528 3646 ipso
1555 3569 1702 3630 Concilio

906 3662 1110 3740 compellatis
1130 3665 1166 3724 in
1185 3665 1396 3736 christianos,
1414 3666 1470 3744 qui
1485 3667 1609 3728 eisdem
1625 3665 1702 3727 effi-

906 3775 981 3820 cere
992 3761 1220 3822 recusantibus
1233 3763 1349 3823 contra
1358 3763 1616 3840 prohibitionem
1625 3779 1704 3825 ves-

905 3859 990 3918 tram
999 3859 1242 3921 communicare
1261 3863 1544 3938 praesumpserint,
1561 3877 1703 3924 censura

906 3955 1133 4018 ecclesiastica
1164 3974 1252 4019 mon.
1280 3975 1411 4036 praem,
1432 3961 1530 4037 juxta
1561 3959 1701 4020 formam

906 4053 1703 4131 ejusdemConciliiexercentes.Quodsinonom-

906 4169 976 4226 nes,
994 4154 1083 4215 etc...
1104 4154 1139 4215 tu
1158 4154 1261 4216 frater
1284 4156 1449 4232 episcope,
1472 4156 1560 4217 etc...
1584 4157 1702 4217 Datum

906 4252 1073 4324 Laterani,
1089 4254 1133 4314 Vl
1153 4251 1313 4314 kalendas
1337 4253 1509 4326 februarii,
1530 4253 1705 4332 pontifica-

906 4349 958 4410 tus
971 4349 1077 4411 nostri
1092 4365 1179 4411 anno
1191 4350 1309 4428 primo.

1192 4519 1422 4607 CLXXVIII

945 4675 998 4734 Ad
1013 4672 1201 4747 capitulum
1217 4673 1251 4733 af
1267 4677 1433 4747 populum
1448 4649 1660 4734 Tolosanum.

1203 4795 1238 4852 28
1251 4794 1311 4868 jan,
1325 4795 1404 4853 1117.

961 4917 1078 4984 [inpelli
1099 4917 1242 4968 bullarium
1261 4917 1357 4968 ordinis
1379 4921 1428 4971 FT.
1444 4919 1649 4990 medicatorum,

1190 5003 1209 5048 t.
1223 4999 1244 5062 l,
1257 5013 1282 5064 p.
1294 4999 1319 5059 o,
1332 5013 1358 5050 11.
1369 4999 1409 5062 ll.

909 5117 1042 5174 Hortatur
1062 5115 1226 5190 capitulum,
1252 5121 1280 5173 et
1309 5116 1444 5189 populum
1465 5116 1637 5173 Tolosanum
1667 5113 1703 5171 ad

943 5207 1141 5278 eleemosynas
1155 5203 1318 5278 erogandas
1336 5204 1481 5262 sororibus
1494 5203 1596 5261 domus
1610 5201 1703 5275 hospi·

942 5295 1008 5352 talis
1022 5293 1150 5351 Arualdi.

947 5438 1114 5500 Honorius
1149 5438 1347 5516 episcopus,
1382 5452 1496 5500 servus
1530 5451 1703 5498 servorum

908 5537 979 5607 Dei,
993 5536 1122 5598 dilectis
1146 5536 1225 5597 filiis
1245 5537 1389 5614 capitulo
1405 5536 1437 5596 et
1462 5535 1582 5612 populo
1604 5535 1704 5596 Tolo-

908 5632 1701 5712 sano,salutemetApostolicambenedictionem.
