<?xml version="1.0" encoding="UTF-8"?>
<!DOCTYPE html PUBLIC "-//W3C//DTD XHTML 1.0 Transitional//EN"
    "http://www.w3.org/TR/xhtml1/DTD/xhtml1-transitional.dtd">
<html xmlns="http://www.w3.org/1999/xhtml" xml:lang="en" lang="en">
 <head>
  <title>
</title>
<meta http-equiv="Content-Type" content="text/html;charset=utf-8" />
  <meta name='ocr-system' content='tesseract 3.04.00' />
  <meta name='ocr-capabilities' content='ocr_page ocr_carea ocr_par ocr_line ocrx_word'/>
</head>
<body>
  <div class='ocr_page' id='page_1' title='image "./mediiaevibiblio01unkngoog_0522.png"; bbox 0 0 3994 6326; ppageno 0'>
   <div class='ocr_carea' id='block_1_1' title="bbox 47 380 1072 444">
    <p class='ocr_par' dir='ltr' id='par_1_1' title="bbox 47 380 1072 444">
     <span class='ocr_line' id='line_1_1' title="bbox 47 380 1072 444; baseline 0.004 -6"><span class='ocrx_word' id='word_1_1' title='bbox 47 380 108 438; x_wconf 72' lang='lat' dir='ltr'>soti</span> <span class='ocrx_word' id='word_1_2' title='bbox 672 381 906 442; x_wconf 68' lang='lat' dir='ltr'>‘ErisTOLAEt</span> <span class='ocrx_word' id='word_1_3' title='bbox 930 384 1007 444; x_wconf 87' lang='lat' dir='ltr'>LlB.</span> <span class='ocrx_word' id='word_1_4' title='bbox 1033 383 1072 443; x_wconf 90' lang='lat' dir='ltr'>[l.</span> 
     </span>
    </p>
   </div>
   <div class='ocr_carea' id='block_1_2' title="bbox 1640 389 1700 450">
    <p class='ocr_par' dir='ltr' id='par_1_2' title="bbox 1640 389 1700 450">
     <span class='ocr_line' id='line_1_2' title="bbox 1640 389 1700 450; baseline 0 -1"><span class='ocrx_word' id='word_1_5' title='bbox 1640 389 1700 450; x_wconf 74' lang='lat'>570</span> 
     </span>
    </p>
   </div>
   <div class='ocr_carea' id='block_1_3' title="bbox 44 537 1702 2084">
    <p class='ocr_par' dir='ltr' id='par_1_3' title="bbox 44 537 1697 718">
     <span class='ocr_line' id='line_1_3' title="bbox 44 537 1697 620; baseline 0.007 -22"><span class='ocrx_word' id='word_1_6' title='bbox 44 538 191 600; x_wconf 80' lang='lat' dir='ltr'>viriliter</span> <span class='ocrx_word' id='word_1_7' title='bbox 218 539 251 601; x_wconf 89' lang='lat' dir='ltr'>et</span> <span class='ocrx_word' id='word_1_8' title='bbox 273 537 435 616; x_wconf 87' lang='lat' dir='ltr'>potenter,</span> <span class='ocrx_word' id='word_1_9' title='bbox 459 537 683 602; x_wconf 80' lang='lat' dir='ltr'><strong>turbatoribus</strong></span> <span class='ocrx_word' id='word_1_10' title='bbox 699 539 790 618; x_wconf 85' lang='lat' dir='ltr'><strong>pacis</strong></span> <span class='ocrx_word' id='word_1_11' title='bbox 814 541 847 603; x_wconf 90' lang='lat' dir='ltr'>et</span> <span class='ocrx_word' id='word_1_12' title='bbox 902 545 941 606; x_wconf 87' lang='lat' dir='ltr'>ac</span> <span class='ocrx_word' id='word_1_13' title='bbox 955 543 1143 606; x_wconf 77' lang='lat' dir='ltr'>Fromundo</span> <span class='ocrx_word' id='word_1_14' title='bbox 1162 545 1332 607; x_wconf 89' lang='lat' dir='ltr'>canonicis</span> <span class='ocrx_word' id='word_1_15' title='bbox 1355 545 1587 620; x_wconf 88' lang='lat' dir='ltr'>Remensibus,</span> <span class='ocrx_word' id='word_1_16' title='bbox 1603 548 1697 610; x_wconf 91' lang='lat' dir='ltr'>salu-</span> 
     </span>
     <span class='ocr_line' id='line_1_4' title="bbox 45 635 1536 718; baseline 0.006 -22"><span class='ocrx_word' id='word_1_17' title='bbox 45 635 126 697; x_wconf 87' lang='lat' dir='ltr'>fidei</span> <span class='ocrx_word' id='word_1_18' title='bbox 142 651 271 697; x_wconf 90' lang='lat' dir='ltr'>omnem</span> <span class='ocrx_word' id='word_1_19' title='bbox 286 637 421 699; x_wconf 92' lang='lat' dir='ltr'>omnino</span> <span class='ocrx_word' id='word_1_20' title='bbox 436 636 593 712; x_wconf 82' lang='lat' dir='ltr'>favorem,</span> <span class='ocrx_word' id='word_1_21' title='bbox 616 638 791 699; x_wconf 90' lang='lat' dir='ltr'>consilium</span> <span class='ocrx_word' id='word_1_22' title='bbox 814 640 847 701; x_wconf 87' lang='lat' dir='ltr'>et</span> <span class='ocrx_word' id='word_1_23' title='bbox 900 639 966 702; x_wconf 89' lang='lat' dir='ltr'>tem</span> <span class='ocrx_word' id='word_1_24' title='bbox 988 641 1021 702; x_wconf 90' lang='lat' dir='ltr'>et</span> <span class='ocrx_word' id='word_1_25' title='bbox 1032 641 1247 718; x_wconf 88' lang='lat' dir='ltr'>apostolicam</span> <span class='ocrx_word' id='word_1_26' title='bbox 1261 641 1536 706; x_wconf 81' lang='lat' dir='ltr'>benedictionem.</span> 
     </span>
    </p>

    <p class='ocr_par' dir='ltr' id='par_1_4' title="bbox 44 718 1702 2084">
     <span class='ocr_line' id='line_1_5' title="bbox 47 718 1698 817; baseline 0.007 -23"><span class='ocrx_word' id='word_1_27' title='bbox 47 734 214 794; x_wconf 83' lang='lat' dir='ltr'>auxilium</span> <span class='ocrx_word' id='word_1_28' title='bbox 238 733 492 811; x_wconf 81' lang='lat' dir='ltr'>subtrahentes3</span> <span class='ocrx_word' id='word_1_29' title='bbox 509 753 569 813; x_wconf 91' lang='lat' dir='ltr'>pro</span> <span class='ocrx_word' id='word_1_30' title='bbox 583 740 672 798; x_wconf 85' lang='lat' dir='ltr'>certo</span> <span class='ocrx_word' id='word_1_31' title='bbox 688 737 846 800; x_wconf 90' lang='lat' dir='ltr'>habentes</span> <span class='ocrx_word' id='word_1_32' title='bbox 943 741 1083 800; x_wconf 82' lang='lat' dir='ltr'>Gravem</span> <span class='ocrx_word' id='word_1_33' title='bbox 1098 740 1314 817; x_wconf 91' lang='lat' dir='ltr'>quorumdam</span> <span class='ocrx_word' id='word_1_34' title='bbox 1329 741 1482 804; x_wconf 90' lang='lat' dir='ltr'>abbatum</span> <span class='ocrx_word' id='word_1_35' title='bbox 1505 718 1698 805; x_wconf 63' lang='lat' dir='ltr'>et&#39;iratrum</span> 
     </span>
     <span class='ocr_line' id='line_1_6' title="bbox 46 832 1695 918; baseline 0.007 -27"><span class='ocrx_word' id='word_1_36' title='bbox 46 832 147 908; x_wconf 92' lang='lat' dir='ltr'>quod,</span> <span class='ocrx_word' id='word_1_37' title='bbox 164 832 193 892; x_wconf 92' lang='lat' dir='ltr'>si</span> <span class='ocrx_word' id='word_1_38' title='bbox 208 833 265 909; x_wconf 91' lang='lat' dir='ltr'>qui</span> <span class='ocrx_word' id='word_1_39' title='bbox 278 833 408 910; x_wconf 88' lang='lat' dir='ltr'>tepidos</span> <span class='ocrx_word' id='word_1_40' title='bbox 429 834 642 897; x_wconf 80' lang='lat' dir='ltr'>exhibuerint</span> <span class='ocrx_word' id='word_1_41' title='bbox 667 851 702 896; x_wconf 89' lang='lat' dir='ltr'>sa</span> <span class='ocrx_word' id='word_1_42' title='bbox 727 835 763 896; x_wconf 91' lang='lat' dir='ltr'>in</span> <span class='ocrx_word' id='word_1_43' title='bbox 784 835 848 896; x_wconf 89' lang='lat' dir='ltr'>hac</span> <span class='ocrx_word' id='word_1_44' title='bbox 903 837 1230 899; x_wconf 88' lang='lat' dir='ltr'>Praemonstratensis</span> <span class='ocrx_word' id='word_1_45' title='bbox 1254 839 1392 908; x_wconf 82' lang='lat' dir='ltr'>ordinis,</span> <span class='ocrx_word' id='word_1_46' title='bbox 1419 841 1592 901; x_wconf 90' lang='lat' dir='ltr'>Remensis</span> <span class='ocrx_word' id='word_1_47' title='bbox 1622 858 1695 918; x_wconf 91' lang='lat' dir='ltr'>pro-</span> 
     </span>
     <span class='ocr_line' id='line_1_7' title="bbox 45 931 1701 1015; baseline 0.007 -25"><span class='ocrx_word' id='word_1_48' title='bbox 45 931 154 1006; x_wconf 88' lang='lat' dir='ltr'>parte,</span> <span class='ocrx_word' id='word_1_49' title='bbox 171 931 229 991; x_wconf 90' lang='lat' dir='ltr'>aut</span> <span class='ocrx_word' id='word_1_50' title='bbox 250 947 310 1008; x_wconf 91' lang='lat' dir='ltr'>per</span> <span class='ocrx_word' id='word_1_51' title='bbox 332 931 478 994; x_wconf 90' lang='lat' dir='ltr'>occultas</span> <span class='ocrx_word' id='word_1_52' title='bbox 501 933 764 996; x_wconf 82' lang='lat' dir='ltr'>machinationes</span> <span class='ocrx_word' id='word_1_53' title='bbox 785 932 848 993; x_wconf 90' lang='lat' dir='ltr'>ad·</span> <span class='ocrx_word' id='word_1_54' title='bbox 902 933 1032 1004; x_wconf 77' lang='lat' dir='ltr'>vinciae,</span> <span class='ocrx_word' id='word_1_55' title='bbox 1049 936 1234 1012; x_wconf 84' lang='lat' dir='ltr'>recepimus</span> <span class='ocrx_word' id='word_1_56' title='bbox 1258 937 1489 1012; x_wconf 88' lang='lat' dir='ltr'>quaestionem,</span> <span class='ocrx_word' id='word_1_57' title='bbox 1515 938 1600 1015; x_wconf 93' lang='lat' dir='ltr'>quod</span> <span class='ocrx_word' id='word_1_58' title='bbox 1623 938 1701 1002; x_wconf 87' lang='lat' dir='ltr'>licet</span> 
     </span>
     <span class='ocr_line' id='line_1_8' title="bbox 44 1025 1697 1112; baseline 0.007 -25"><span class='ocrx_word' id='word_1_59' title='bbox 44 1043 167 1088; x_wconf 80' lang='lat' dir='ltr'>versus</span> <span class='ocrx_word' id='word_1_60' title='bbox 178 1043 238 1089; x_wconf 92' lang='lat' dir='ltr'>nos</span> <span class='ocrx_word' id='word_1_61' title='bbox 252 1025 312 1108; x_wconf 89' lang='lat'>(1),</span> <span class='ocrx_word' id='word_1_62' title='bbox 325 1029 466 1092; x_wconf 80' lang='lat' dir='ltr'>veritate</span> <span class='ocrx_word' id='word_1_63' title='bbox 478 1033 657 1108; x_wconf 87' lang='lat' dir='ltr'>comperta,</span> <span class='ocrx_word' id='word_1_64' title='bbox 673 1031 721 1092; x_wconf 90' lang='lat' dir='ltr'>sic</span> <span class='ocrx_word' id='word_1_65' title='bbox 733 1046 848 1093; x_wconf 88' lang='lat' dir='ltr'>severe</span> <span class='ocrx_word' id='word_1_66' title='bbox 902 1033 938 1093; x_wconf 91' lang='lat' dir='ltr'>in</span> <span class='ocrx_word' id='word_1_67' title='bbox 951 1045 1064 1094; x_wconf 88' lang='lat' dir='ltr'>eorum</span> <span class='ocrx_word' id='word_1_68' title='bbox 1080 1033 1265 1110; x_wconf 88' lang='lat' dir='ltr'>privilegiis</span> <span class='ocrx_word' id='word_1_69' title='bbox 1280 1033 1458 1096; x_wconf 90' lang='lat' dir='ltr'>inhibitum</span> <span class='ocrx_word' id='word_1_70' title='bbox 1471 1035 1514 1096; x_wconf 87' lang='lat' dir='ltr'>sit</span> <span class='ocrx_word' id='word_1_71' title='bbox 1528 1051 1697 1112; x_wconf 86' lang='lat' dir='ltr'>expresse,</span> 
     </span>
     <span class='ocr_line' id='line_1_9' title="bbox 45 1126 1701 1210; baseline 0.005 -24"><span class='ocrx_word' id='word_1_72' title='bbox 45 1126 351 1188; x_wconf 82' lang='lat' dir='ltr'>animadvertemus</span> <span class='ocrx_word' id='word_1_73' title='bbox 369 1127 404 1188; x_wconf 92' lang='lat' dir='ltr'>in</span> <span class='ocrx_word' id='word_1_74' title='bbox 420 1128 520 1205; x_wconf 90' lang='lat' dir='ltr'>ipsos,</span> <span class='ocrx_word' id='word_1_75' title='bbox 535 1129 621 1206; x_wconf 91' lang='lat' dir='ltr'>quod</span> <span class='ocrx_word' id='word_1_76' title='bbox 633 1130 848 1206; x_wconf 88' lang='lat' dir='ltr'>quantitatem</span> <span class='ocrx_word' id='word_1_77' title='bbox 903 1145 945 1191; x_wconf 92' lang='lat' dir='ltr'>ne</span> <span class='ocrx_word' id='word_1_78' title='bbox 967 1129 1040 1207; x_wconf 91' lang='lat' dir='ltr'>quis</span> <span class='ocrx_word' id='word_1_79' title='bbox 1063 1129 1336 1208; x_wconf 89' lang='lat' dir='ltr'>archiepiscopus</span> <span class='ocrx_word' id='word_1_80' title='bbox 1360 1130 1414 1193; x_wconf 84' lang='lat' dir='ltr'>val</span> <span class='ocrx_word' id='word_1_81' title='bbox 1438 1133 1612 1210; x_wconf 91' lang='lat' dir='ltr'>episcopus</span> <span class='ocrx_word' id='word_1_82' title='bbox 1634 1135 1701 1194; x_wconf 90' lang='lat' dir='ltr'>nisi</span> 
     </span>
     <span class='ocr_line' id='line_1_10' title="bbox 47 1224 1700 1307; baseline 0.004 -22"><span class='ocrx_word' id='word_1_83' title='bbox 47 1224 156 1300; x_wconf 83' lang='lat' dir='ltr'>culpae</span> <span class='ocrx_word' id='word_1_84' title='bbox 180 1240 286 1303; x_wconf 84' lang='lat' dir='ltr'>poenae</span> <span class='ocrx_word' id='word_1_85' title='bbox 311 1226 455 1302; x_wconf 85' lang='lat' dir='ltr'>qualitas</span> <span class='ocrx_word' id='word_1_86' title='bbox 483 1226 676 1300; x_wconf 85' lang='lat' dir='ltr'>declarabit,</span> <span class='ocrx_word' id='word_1_87' title='bbox 704 1227 741 1290; x_wconf 85' lang='lat' dir='ltr'>ut</span> <span class='ocrx_word' id='word_1_88' title='bbox 770 1227 848 1305; x_wconf 90' lang='lat' dir='ltr'>qui·</span> <span class='ocrx_word' id='word_1_89' title='bbox 903 1227 938 1287; x_wconf 93' lang='lat' dir='ltr'>in</span> <span class='ocrx_word' id='word_1_90' title='bbox 954 1228 1129 1290; x_wconf 80' lang='lat' dir='ltr'>manifesta</span> <span class='ocrx_word' id='word_1_91' title='bbox 1142 1228 1340 1290; x_wconf 89' lang='lat' dir='ltr'>necessitate</span> <span class='ocrx_word' id='word_1_92' title='bbox 1355 1229 1391 1289; x_wconf 92' lang='lat' dir='ltr'>in</span> <span class='ocrx_word' id='word_1_93' title='bbox 1413 1245 1527 1290; x_wconf 92' lang='lat' dir='ltr'>eorum</span> <span class='ocrx_word' id='word_1_94' title='bbox 1550 1233 1700 1307; x_wconf 78' lang='lat' dir='ltr'>grangiis</span> 
     </span>
     <span class='ocr_line' id='line_1_11' title="bbox 47 1323 1701 1404; baseline 0.005 -22"><span class='ocrx_word' id='word_1_95' title='bbox 47 1338 191 1400; x_wconf 92' lang='lat' dir='ltr'>cumque</span> <span class='ocrx_word' id='word_1_96' title='bbox 212 1323 390 1397; x_wconf 87' lang='lat' dir='ltr'>audierint,</span> <span class='ocrx_word' id='word_1_97' title='bbox 414 1326 577 1388; x_wconf 85' lang='lat' dir='ltr'>attentare</span> <span class='ocrx_word' id='word_1_98' title='bbox 593 1325 716 1388; x_wconf 87' lang='lat' dir='ltr'>similia</span> <span class='ocrx_word' id='word_1_99' title='bbox 731 1323 849 1387; x_wconf 88' lang='lat' dir='ltr'>sormi·</span> <span class='ocrx_word' id='word_1_100' title='bbox 904 1325 1098 1402; x_wconf 87' lang='lat' dir='ltr'>hospitetur,</span> <span class='ocrx_word' id='word_1_101' title='bbox 1111 1326 1245 1404; x_wconf 89' lang='lat' dir='ltr'>quidam</span> <span class='ocrx_word' id='word_1_102' title='bbox 1255 1327 1366 1388; x_wconf 90' lang='lat' dir='ltr'>tamen</span> <span class='ocrx_word' id='word_1_103' title='bbox 1375 1327 1523 1404; x_wconf 90' lang='lat' dir='ltr'>episcopi</span> <span class='ocrx_word' id='word_1_104' title='bbox 1531 1329 1701 1390; x_wconf 90' lang='lat' dir='ltr'>velarchi·</span> 
     </span>
     <span class='ocr_line' id='line_1_12' title="bbox 47 1420 1701 1502; baseline 0.005 -22"><span class='ocrx_word' id='word_1_105' title='bbox 47 1420 195 1496; x_wconf 90' lang='lat' dir='ltr'>dabunt;</span> <span class='ocrx_word' id='word_1_106' title='bbox 223 1437 285 1483; x_wconf 90' lang='lat' dir='ltr'>nec</span> <span class='ocrx_word' id='word_1_107' title='bbox 313 1424 448 1500; x_wconf 90' lang='lat' dir='ltr'>sperent</span> <span class='ocrx_word' id='word_1_108' title='bbox 473 1438 509 1485; x_wconf 90' lang='lat' dir='ltr'>se</span> <span class='ocrx_word' id='word_1_109' title='bbox 533 1424 638 1486; x_wconf 88' lang='lat' dir='ltr'>latere</span> <span class='ocrx_word' id='word_1_110' title='bbox 666 1439 726 1486; x_wconf 91' lang='lat' dir='ltr'>nos</span> <span class='ocrx_word' id='word_1_111' title='bbox 753 1438 850 1500; x_wconf 90' lang='lat' dir='ltr'>posse</span> <span class='ocrx_word' id='word_1_112' title='bbox 905 1422 1036 1484; x_wconf 90' lang='lat' dir='ltr'>diaconi</span> <span class='ocrx_word' id='word_1_113' title='bbox 1065 1424 1239 1485; x_wconf 86' lang='lat' dir='ltr'>Remensis</span> <span class='ocrx_word' id='word_1_114' title='bbox 1266 1425 1447 1502; x_wconf 81' lang='lat' dir='ltr'>provinciae</span> <span class='ocrx_word' id='word_1_115' title='bbox 1471 1440 1510 1486; x_wconf 90' lang='lat' dir='ltr'>ac</span> <span class='ocrx_word' id='word_1_116' title='bbox 1541 1424 1701 1488; x_wconf 82' lang='lat' dir='ltr'>officiales</span> 
     </span>
     <span class='ocr_line' id='line_1_13' title="bbox 47 1516 1701 1599; baseline 0.004 -22"><span class='ocrx_word' id='word_1_117' title='bbox 47 1516 151 1578; x_wconf 90' lang='lat' dir='ltr'>aliter</span> <span class='ocrx_word' id='word_1_118' title='bbox 175 1518 385 1592; x_wconf 88' lang='lat' dir='ltr'>attentantes,</span> <span class='ocrx_word' id='word_1_119' title='bbox 417 1520 494 1598; x_wconf 92' lang='lat' dir='ltr'>quia</span> <span class='ocrx_word' id='word_1_120' title='bbox 519 1520 641 1582; x_wconf 89' lang='lat' dir='ltr'>multos</span> <span class='ocrx_word' id='word_1_121' title='bbox 674 1521 788 1582; x_wconf 93' lang='lat' dir='ltr'>oculos</span> <span class='ocrx_word' id='word_1_122' title='bbox 819 1519 851 1581; x_wconf 90' lang='lat' dir='ltr'>et</span> <span class='ocrx_word' id='word_1_123' title='bbox 905 1535 1030 1594; x_wconf 91' lang='lat' dir='ltr'>eorum,</span> <span class='ocrx_word' id='word_1_124' title='bbox 1064 1521 1101 1582; x_wconf 93' lang='lat' dir='ltr'>in</span> <span class='ocrx_word' id='word_1_125' title='bbox 1146 1521 1288 1598; x_wconf 86' lang='lat' dir='ltr'>singulis</span> <span class='ocrx_word' id='word_1_126' title='bbox 1325 1523 1476 1599; x_wconf 82' lang='lat' dir='ltr'>grangiis</span> <span class='ocrx_word' id='word_1_127' title='bbox 1509 1523 1701 1584; x_wconf 91' lang='lat' dir='ltr'>eorumdem</span> 
     </span>
     <span class='ocr_line' id='line_1_14' title="bbox 48 1615 1701 1698; baseline 0.004 -23"><span class='ocrx_word' id='word_1_128' title='bbox 48 1630 151 1676; x_wconf 87' lang='lat' dir='ltr'>aures</span> <span class='ocrx_word' id='word_1_129' title='bbox 165 1615 335 1690; x_wconf 89' lang='lat' dir='ltr'>habemus,</span> <span class='ocrx_word' id='word_1_130' title='bbox 353 1633 413 1695; x_wconf 90' lang='lat' dir='ltr'>per</span> <span class='ocrx_word' id='word_1_131' title='bbox 427 1634 508 1695; x_wconf 91' lang='lat' dir='ltr'>quas</span> <span class='ocrx_word' id='word_1_132' title='bbox 524 1621 594 1696; x_wconf 80' lang='lat' dir='ltr'>J&#39;am</span> <span class='ocrx_word' id='word_1_133' title='bbox 612 1621 771 1697; x_wconf 89' lang='lat' dir='ltr'>coepimus</span> <span class='ocrx_word' id='word_1_134' title='bbox 792 1617 849 1678; x_wconf 91' lang='lat' dir='ltr'>in·</span> <span class='ocrx_word' id='word_1_135' title='bbox 905 1617 1044 1680; x_wconf 86' lang='lat' dir='ltr'>iratrum</span> <span class='ocrx_word' id='word_1_136' title='bbox 1056 1619 1093 1680; x_wconf 90' lang='lat' dir='ltr'>in</span> <span class='ocrx_word' id='word_1_137' title='bbox 1108 1621 1177 1680; x_wconf 90' lang='lat' dir='ltr'>suis</span> <span class='ocrx_word' id='word_1_138' title='bbox 1192 1619 1392 1681; x_wconf 89' lang='lat' dir='ltr'>dioecesibus</span> <span class='ocrx_word' id='word_1_139' title='bbox 1406 1621 1605 1694; x_wconf 86' lang='lat' dir='ltr'>constitutis,</span> <span class='ocrx_word' id='word_1_140' title='bbox 1620 1636 1701 1698; x_wconf 92' lang='lat' dir='ltr'>pro-</span> 
     </span>
     <span class='ocr_line' id='line_1_15' title="bbox 46 1714 1701 1802; baseline 0.004 -29"><span class='ocrx_word' id='word_1_141' title='bbox 46 1714 205 1789; x_wconf 85' lang='lat' dir='ltr'>telligere</span> <span class='ocrx_word' id='word_1_142' title='bbox 227 1715 414 1792; x_wconf 90' lang='lat' dir='ltr'>aliquorum</span> <span class='ocrx_word' id='word_1_143' title='bbox 430 1716 606 1802; x_wconf 77' lang='lat' dir='ltr'>yersutias,</span> <span class='ocrx_word' id='word_1_144' title='bbox 623 1732 683 1794; x_wconf 90' lang='lat' dir='ltr'>per</span> <span class='ocrx_word' id='word_1_145' title='bbox 696 1732 778 1793; x_wconf 91' lang='lat' dir='ltr'>quas</span> <span class='ocrx_word' id='word_1_146' title='bbox 793 1715 849 1776; x_wconf 93' lang='lat' dir='ltr'>ni·</span> <span class='ocrx_word' id='word_1_147' title='bbox 906 1717 1095 1778; x_wconf 89' lang='lat' dir='ltr'>curationes</span> <span class='ocrx_word' id='word_1_148' title='bbox 1115 1716 1253 1793; x_wconf 82' lang='lat' dir='ltr'>exigunt</span> <span class='ocrx_word' id='word_1_149' title='bbox 1281 1718 1464 1791; x_wconf 90' lang='lat' dir='ltr'>annuatim,</span> <span class='ocrx_word' id='word_1_150' title='bbox 1493 1735 1567 1796; x_wconf 83' lang='lat' dir='ltr'>quae</span> <span class='ocrx_word' id='word_1_151' title='bbox 1594 1718 1623 1779; x_wconf 93' lang='lat' dir='ltr'>si</span> <span class='ocrx_word' id='word_1_152' title='bbox 1651 1719 1701 1780; x_wconf 92' lang='lat' dir='ltr'>eis</span> 
     </span>
     <span class='ocr_line' id='line_1_16' title="bbox 47 1812 1701 1892; baseline 0.003 -21"><span class='ocrx_word' id='word_1_153' title='bbox 47 1813 167 1872; x_wconf 90' lang='lat' dir='ltr'>tuntur</span> <span class='ocrx_word' id='word_1_154' title='bbox 181 1812 259 1873; x_wconf 91' lang='lat' dir='ltr'>huic</span> <span class='ocrx_word' id='word_1_155' title='bbox 273 1813 407 1889; x_wconf 88' lang='lat' dir='ltr'>negotio</span> <span class='ocrx_word' id='word_1_156' title='bbox 426 1814 523 1890; x_wconf 86' lang='lat' dir='ltr'>quasi</span> <span class='ocrx_word' id='word_1_157' title='bbox 538 1829 598 1892; x_wconf 92' lang='lat' dir='ltr'>per</span> <span class='ocrx_word' id='word_1_158' title='bbox 618 1813 851 1876; x_wconf 89' lang='lat' dir='ltr'>subterraneos</span> <span class='ocrx_word' id='word_1_159' title='bbox 906 1813 1085 1892; x_wconf 91' lang='lat' dir='ltr'>aliquando</span> <span class='ocrx_word' id='word_1_160' title='bbox 1106 1814 1191 1876; x_wconf 88' lang='lat' dir='ltr'>iorte</span> <span class='ocrx_word' id='word_1_161' title='bbox 1218 1817 1393 1890; x_wconf 88' lang='lat' dir='ltr'>negantur,</span> <span class='ocrx_word' id='word_1_162' title='bbox 1421 1815 1569 1876; x_wconf 90' lang='lat' dir='ltr'>ministri</span> <span class='ocrx_word' id='word_1_163' title='bbox 1585 1831 1701 1878; x_wconf 91' lang='lat' dir='ltr'>eorum</span> 
     </span>
     <span class='ocr_line' id='line_1_17' title="bbox 47 1908 1702 1984; baseline 0.003 -15"><span class='ocrx_word' id='word_1_164' title='bbox 47 1908 202 1970; x_wconf 86' lang='lat' dir='ltr'>tramites</span> <span class='ocrx_word' id='word_1_165' title='bbox 217 1910 363 1972; x_wconf 86' lang='lat' dir='ltr'>obviare.</span> <span class='ocrx_word' id='word_1_166' title='bbox 384 1913 503 1974; x_wconf 90' lang='lat' dir='ltr'>Datum</span> <span class='ocrx_word' id='word_1_167' title='bbox 530 1910 696 1984; x_wconf 87' lang='lat' dir='ltr'>Laterani,</span> <span class='ocrx_word' id='word_1_168' title='bbox 721 1913 767 1973; x_wconf 92' lang='lat' dir='ltr'>Ill</span> <span class='ocrx_word' id='word_1_169' title='bbox 782 1910 849 1972; x_wconf 89' lang='lat' dir='ltr'>kal.</span> <span class='ocrx_word' id='word_1_170' title='bbox 906 1911 946 1972; x_wconf 91' lang='lat' dir='ltr'>de</span> <span class='ocrx_word' id='word_1_171' title='bbox 973 1911 1172 1973; x_wconf 91' lang='lat' dir='ltr'>animalibus</span> <span class='ocrx_word' id='word_1_172' title='bbox 1200 1912 1232 1974; x_wconf 90' lang='lat' dir='ltr'>et</span> <span class='ocrx_word' id='word_1_173' title='bbox 1260 1912 1356 1973; x_wconf 91' lang='lat' dir='ltr'>bonis</span> <span class='ocrx_word' id='word_1_174' title='bbox 1393 1913 1470 1974; x_wconf 90' lang='lat' dir='ltr'>aliis</span> <span class='ocrx_word' id='word_1_175' title='bbox 1510 1913 1702 1975; x_wconf 89' lang='lat' dir='ltr'>eorumdem</span> 
     </span>
     <span class='ocr_line' id='line_1_18' title="bbox 45 2007 850 2084; baseline 0.001 -17"><span class='ocrx_word' id='word_1_176' title='bbox 45 2007 210 2083; x_wconf 87' lang='lat' dir='ltr'>januarii,</span> <span class='ocrx_word' id='word_1_177' title='bbox 233 2007 445 2084; x_wconf 85' lang='lat' dir='ltr'>pontificatus</span> <span class='ocrx_word' id='word_1_178' title='bbox 464 2009 570 2071; x_wconf 90' lang='lat' dir='ltr'>nostri</span> <span class='ocrx_word' id='word_1_179' title='bbox 590 2025 678 2072; x_wconf 89' lang='lat' dir='ltr'>anno</span> <span class='ocrx_word' id='word_1_180' title='bbox 693 2008 850 2071; x_wconf 90' lang='lat' dir='ltr'>secundo.</span> 
     </span>
    </p>
   </div>
   <div class='ocr_carea' id='block_1_4' title="bbox 49 2151 855 2621">
    <p class='ocr_par' dir='ltr' id='par_1_5' title="bbox 49 2151 855 2621">
     <span class='ocr_line' id='line_1_19' title="bbox 90 2151 852 2224; baseline 0.003 -14"><span class='ocrx_word' id='word_1_181' title='bbox 90 2153 130 2210; x_wconf 95' lang='lat' dir='ltr'>ln</span> <span class='ocrx_word' id='word_1_182' title='bbox 154 2151 306 2212; x_wconf 87' lang='lat' dir='ltr'>eumdem</span> <span class='ocrx_word' id='word_1_183' title='bbox 329 2152 462 2214; x_wconf 89' lang='lat' dir='ltr'>modum</span> <span class='ocrx_word' id='word_1_184' title='bbox 485 2152 726 2224; x_wconf 79' lang='lat' dir='ltr'>nbredunensi,</span> <span class='ocrx_word' id='word_1_185' title='bbox 745 2151 852 2214; x_wconf 88' lang='lat' dir='ltr'>Vien-</span> 
     </span>
     <span class='ocr_line' id='line_1_20' title="bbox 49 2248 853 2326; baseline 0 -18"><span class='ocrx_word' id='word_1_186' title='bbox 49 2249 160 2319; x_wconf 89' lang='lat' dir='ltr'>nensi,</span> <span class='ocrx_word' id='word_1_187' title='bbox 178 2249 334 2326; x_wconf 87' lang='lat' dir='ltr'>Aquensi,</span> <span class='ocrx_word' id='word_1_188' title='bbox 348 2250 586 2326; x_wconf 76' lang='lat' dir='ltr'>burdegalensi</span> <span class='ocrx_word' id='word_1_189' title='bbox 605 2251 639 2312; x_wconf 90' lang='lat' dir='ltr'>et</span> <span class='ocrx_word' id='word_1_190' title='bbox 652 2248 853 2313; x_wconf 89' lang='lat' dir='ltr'>Bituricensi</span> 
     </span>
     <span class='ocr_line' id='line_1_21' title="bbox 49 2346 854 2424; baseline 0.001 -18"><span class='ocrx_word' id='word_1_191' title='bbox 49 2346 313 2424; x_wconf 87' lang='lat' dir='ltr'>archiepiscopis</span> <span class='ocrx_word' id='word_1_192' title='bbox 329 2347 363 2408; x_wconf 92' lang='lat' dir='ltr'>et</span> <span class='ocrx_word' id='word_1_193' title='bbox 374 2362 487 2409; x_wconf 91' lang='lat' dir='ltr'>eorum</span> <span class='ocrx_word' id='word_1_194' title='bbox 498 2347 733 2424; x_wconf 81' lang='lat' dir='ltr'>suffraganeis3</span> <span class='ocrx_word' id='word_1_195' title='bbox 751 2346 854 2407; x_wconf 89' lang='lat' dir='ltr'>abba·</span> 
     </span>
     <span class='ocr_line' id='line_1_22' title="bbox 49 2443 853 2524; baseline 0.002 -20"><span class='ocrx_word' id='word_1_196' title='bbox 49 2443 141 2504; x_wconf 87' lang='lat' dir='ltr'>tibus</span> <span class='ocrx_word' id='word_1_197' title='bbox 158 2444 191 2506; x_wconf 90' lang='lat' dir='ltr'>ot</span> <span class='ocrx_word' id='word_1_198' title='bbox 212 2443 288 2505; x_wconf 90' lang='lat' dir='ltr'>aliis</span> <span class='ocrx_word' id='word_1_199' title='bbox 307 2445 524 2506; x_wconf 90' lang='lat' dir='ltr'>ecclesiarum</span> <span class='ocrx_word' id='word_1_200' title='bbox 548 2445 696 2524; x_wconf 90' lang='lat' dir='ltr'>praelatis</span> <span class='ocrx_word' id='word_1_201' title='bbox 715 2460 775 2522; x_wconf 92' lang='lat' dir='ltr'>per</span> <span class='ocrx_word' id='word_1_202' title='bbox 800 2460 853 2506; x_wconf 79' lang='lat' dir='ltr'>eo</span> 
     </span>
     <span class='ocr_line' id='line_1_23' title="bbox 50 2542 855 2621; baseline 0.002 -19"><span class='ocrx_word' id='word_1_203' title='bbox 50 2542 203 2602; x_wconf 78' lang='lat' dir='ltr'>rumdam</span> <span class='ocrx_word' id='word_1_204' title='bbox 219 2543 424 2621; x_wconf 87' lang='lat' dir='ltr'>provincias</span> <span class='ocrx_word' id='word_1_205' title='bbox 450 2544 656 2618; x_wconf 86' lang='lat' dir='ltr'>constitutis,</span> <span class='ocrx_word' id='word_1_206' title='bbox 680 2545 713 2606; x_wconf 87' lang='lat' dir='ltr'>ot</span> <span class='ocrx_word' id='word_1_207' title='bbox 731 2542 855 2604; x_wconf 83' lang='lat' dir='ltr'>suffra·</span> 
     </span>
    </p>
   </div>
   <div class='ocr_carea' id='block_1_5' title="bbox 52 2640 854 2798">
    <p class='ocr_par' dir='ltr' id='par_1_6' title="bbox 52 2640 854 2798">
     <span class='ocr_line' id='line_1_24' title="bbox 52 2640 854 2714; baseline 0.004 -15"><span class='ocrx_word' id='word_1_208' title='bbox 52 2640 174 2714; x_wconf 87' lang='lat' dir='ltr'>ganeis</span> <span class='ocrx_word' id='word_1_209' title='bbox 199 2640 405 2703; x_wconf 81' lang='lat' dir='ltr'>Arelatensis</span> <span class='ocrx_word' id='word_1_210' title='bbox 430 2642 462 2704; x_wconf 92' lang='lat' dir='ltr'>et</span> <span class='ocrx_word' id='word_1_211' title='bbox 487 2640 717 2704; x_wconf 88' lang='lat' dir='ltr'>Narbonensis</span> <span class='ocrx_word' id='word_1_212' title='bbox 744 2641 854 2702; x_wconf 89' lang='lat' dir='ltr'>eccle-</span> 
     </span>
     <span class='ocr_line' id='line_1_25' title="bbox 54 2753 196 2798; baseline 0.014 -2"><span class='ocrx_word' id='word_1_213' title='bbox 54 2753 196 2798; x_wconf 83' lang='lat' dir='ltr'>siarum.</span> 
     </span>
    </p>
   </div>
   <div class='ocr_carea' id='block_1_6' title="bbox 422 2864 487 2951">
    <p class='ocr_par' dir='ltr' id='par_1_7' title="bbox 422 2864 487 2951">
     <span class='ocr_line' id='line_1_26' title="bbox 422 2864 487 2951; baseline 0.015 -1"><span class='ocrx_word' id='word_1_214' title='bbox 422 2864 487 2951; x_wconf 78' lang='lat' dir='ltr'>ild</span> 
     </span>
    </p>
   </div>
   <div class='ocr_carea' id='block_1_7' title="bbox 56 3010 855 3268">
    <p class='ocr_par' dir='ltr' id='par_1_8' title="bbox 56 3010 855 3268">
     <span class='ocr_line' id='line_1_27' title="bbox 56 3010 855 3090; baseline 0.003 -21"><span class='ocrx_word' id='word_1_215' title='bbox 56 3013 110 3070; x_wconf 82' lang='lat' dir='ltr'>Ad</span> <span class='ocrx_word' id='word_1_216' title='bbox 128 3011 287 3071; x_wconf 82' lang='lat' dir='ltr'>dilectum</span> <span class='ocrx_word' id='word_1_217' title='bbox 304 3011 459 3073; x_wconf 78' lang='lat' dir='ltr'>abbatem</span> <span class='ocrx_word' id='word_1_218' title='bbox 482 3013 600 3074; x_wconf 78' lang='lat' dir='ltr'>Sartctt</span> <span class='ocrx_word' id='word_1_219' title='bbox 626 3013 741 3074; x_wconf 79' lang='lat' dir='ltr'>oberti</span> <span class='ocrx_word' id='word_1_220' title='bbox 764 3010 855 3090; x_wconf 79' lang='lat' dir='ltr'>(Huc-</span> 
     </span>
     <span class='ocr_line' id='line_1_28' title="bbox 92 3106 855 3186; baseline 0.003 -18"><span class='ocrx_word' id='word_1_221' title='bbox 92 3106 204 3186; x_wconf 79' lang='lat' dir='ltr'>bcrtt)</span> <span class='ocrx_word' id='word_1_222' title='bbox 233 3108 267 3169; x_wconf 85' lang='lat' dir='ltr'>ct</span> <span class='ocrx_word' id='word_1_223' title='bbox 292 3110 337 3169; x_wconf 86' lang='lat' dir='ltr'>ad</span> <span class='ocrx_word' id='word_1_224' title='bbox 364 3110 483 3170; x_wconf 65' lang='lat' dir='ltr'>saiwis</span> <span class='ocrx_word' id='word_1_225' title='bbox 507 3112 652 3171; x_wconf 79' lang='lat' dir='ltr'>Joartm&#39;s</span> <span class='ocrx_word' id='word_1_226' title='bbox 678 3111 712 3171; x_wconf 85' lang='lat' dir='ltr'>et</span> <span class='ocrx_word' id='word_1_227' title='bbox 736 3110 855 3170; x_wconf 78' lang='lat' dir='ltr'>Sarcctt</span> 
     </span>
     <span class='ocr_line' id='line_1_29' title="bbox 93 3205 813 3268; baseline 0.004 -5"><span class='ocrx_word' id='word_1_228' title='bbox 93 3205 247 3265; x_wconf 81' lang='lat' dir='ltr'>Martini</span> <span class='ocrx_word' id='word_1_229' title='bbox 268 3207 414 3266; x_wconf 71' lang='lat' dir='ltr'>dccoms</span> <span class='ocrx_word' id='word_1_230' title='bbox 428 3209 626 3268; x_wconf 81' lang='lat' dir='ltr'>Leodiensts</span> <span class='ocrx_word' id='word_1_231' title='bbox 646 3209 813 3268; x_wconf 79' lang='lat' dir='ltr'>dioecesis.</span> 
     </span>
    </p>
   </div>
   <div class='ocr_carea' id='block_1_8' title="bbox 318 3335 600 3396">
    <p class='ocr_par' dir='ltr' id='par_1_9' title="bbox 318 3335 600 3396">
     <span class='ocr_line' id='line_1_30' title="bbox 318 3335 600 3396; baseline 0.007 -2"><span class='ocrx_word' id='word_1_232' title='bbox 318 3336 352 3394; x_wconf 83' lang='lat' dir='ltr'>oi</span> <span class='ocrx_word' id='word_1_233' title='bbox 367 3335 496 3394; x_wconf 87' lang='lat' dir='ltr'>decemb.</span> <span class='ocrx_word' id='word_1_234' title='bbox 521 3338 600 3396; x_wconf 77' lang='lat' dir='ltr'>till.</span> 
     </span>
    </p>
   </div>
   <div class='ocr_carea' id='block_1_9' title="bbox 55 3435 859 3721">
    <p class='ocr_par' dir='ltr' id='par_1_10' title="bbox 55 3435 859 3721">
     <span class='ocr_line' id='line_1_31' title="bbox 93 3435 856 3543; baseline 0.001 -19"><span class='ocrx_word' id='word_1_235' title='bbox 93 3464 265 3525; x_wconf 89' lang='lat' dir='ltr'>Honorius</span> <span class='ocrx_word' id='word_1_236' title='bbox 289 3465 346 3537; x_wconf 91' lang='grc' dir='ltr'><strong>ΙΙΙ,</strong></span> <span class='ocrx_word' id='word_1_237' title='bbox 374 3435 471 3542; x_wconf 85' lang='lat' dir='ltr'>papa,</span> <span class='ocrx_word' id='word_1_238' title='bbox 499 3465 717 3543; x_wconf 71' lang='lat' dir='ltr'>questionem</span> <span class='ocrx_word' id='word_1_239' title='bbox 746 3481 856 3528; x_wconf 88' lang='lat' dir='ltr'>causae</span> 
     </span>
     <span class='ocr_line' id='line_1_32' title="bbox 55 3561 859 3624; baseline 0.001 -3"><span class='ocrx_word' id='word_1_240' title='bbox 55 3563 147 3624; x_wconf 88' lang='lat' dir='ltr'>inter</span> <span class='ocrx_word' id='word_1_241' title='bbox 166 3561 370 3624; x_wconf 85' lang='lat' dir='ltr'>Ludovicum</span> <span class='ocrx_word' id='word_1_242' title='bbox 391 3563 546 3624; x_wconf 89' lang='lat' dir='ltr'>comitem</span> <span class='ocrx_word' id='word_1_243' title='bbox 570 3562 610 3623; x_wconf 93' lang='lat' dir='ltr'>de</span> <span class='ocrx_word' id='word_1_244' title='bbox 637 3565 700 3624; x_wconf 90' lang='lat' dir='ltr'>Los</span> <span class='ocrx_word' id='word_1_245' title='bbox 725 3565 758 3624; x_wconf 89' lang='lat' dir='ltr'>et</span> <span class='ocrx_word' id='word_1_246' title='bbox 771 3565 813 3622; x_wconf 88' lang='lat' dir='ltr'>W</span> <span class='ocrx_word' id='word_1_247' title='bbox 816 3563 859 3622; x_wconf 89' lang='lat' dir='ltr'>il-</span> 
     </span>
     <span class='ocr_line' id='line_1_33' title="bbox 55 3658 857 3721; baseline 0.002 -3"><span class='ocrx_word' id='word_1_248' title='bbox 55 3659 219 3720; x_wconf 90' lang='lat' dir='ltr'>lhelmum</span> <span class='ocrx_word' id='word_1_249' title='bbox 242 3658 282 3721; x_wconf 92' lang='lat' dir='ltr'>de</span> <span class='ocrx_word' id='word_1_250' title='bbox 308 3659 487 3720; x_wconf 91' lang='lat' dir='ltr'>Hollandia</span> <span class='ocrx_word' id='word_1_251' title='bbox 516 3661 623 3721; x_wconf 83' lang='lat' dir='ltr'>ortam</span> <span class='ocrx_word' id='word_1_252' title='bbox 652 3676 695 3721; x_wconf 83' lang='lat' dir='ltr'>ex</span> <span class='ocrx_word' id='word_1_253' title='bbox 718 3659 857 3721; x_wconf 90' lang='lat' dir='ltr'>arbitrio</span> 
     </span>
    </p>
   </div>
   <div class='ocr_carea' id='block_1_10' title="bbox 56 3755 860 3914">
    <p class='ocr_par' dir='ltr' id='par_1_11' title="bbox 56 3755 860 3914">
     <span class='ocr_line' id='line_1_34' title="bbox 56 3755 858 3833; baseline 0.004 -17"><span class='ocrx_word' id='word_1_254' title='bbox 56 3755 208 3833; x_wconf 91' lang='lat' dir='ltr'>Philippi</span> <span class='ocrx_word' id='word_1_255' title='bbox 244 3757 483 3818; x_wconf 91' lang='lat' dir='ltr'>Namurcensis</span> <span class='ocrx_word' id='word_1_256' title='bbox 515 3756 781 3832; x_wconf 90' lang='lat' dir='ltr'>cognoscendam</span> <span class='ocrx_word' id='word_1_257' title='bbox 826 3757 858 3819; x_wconf 89' lang='lat' dir='ltr'>et</span> 
     </span>
     <span class='ocr_line' id='line_1_35' title="bbox 58 3850 860 3914; baseline 0.001 -3"><span class='ocrx_word' id='word_1_258' title='bbox 58 3851 279 3912; x_wconf 88' lang='lat' dir='ltr'>decidendam</span> <span class='ocrx_word' id='word_1_259' title='bbox 305 3852 480 3914; x_wconf 90' lang='lat' dir='ltr'>committit</span> <span class='ocrx_word' id='word_1_260' title='bbox 507 3850 619 3913; x_wconf 90' lang='lat' dir='ltr'>abbati</span> <span class='ocrx_word' id='word_1_261' title='bbox 654 3852 767 3914; x_wconf 88' lang='lat' dir='ltr'>Sancti</span> <span class='ocrx_word' id='word_1_262' title='bbox 789 3854 860 3912; x_wconf 91' lang='lat' dir='ltr'>Hu-</span> 
     </span>
    </p>
   </div>
   <div class='ocr_carea' id='block_1_11' title="bbox 57 3949 861 4517">
    <p class='ocr_par' dir='ltr' id='par_1_12' title="bbox 57 3949 859 4120">
     <span class='ocr_line' id='line_1_36' title="bbox 57 3949 859 4012; baseline 0 -3"><span class='ocrx_word' id='word_1_263' title='bbox 57 3949 145 4012; x_wconf 85' lang='lat' dir='ltr'>berti</span> <span class='ocrx_word' id='word_1_264' title='bbox 167 3951 201 4010; x_wconf 92' lang='lat' dir='ltr'>et</span> <span class='ocrx_word' id='word_1_265' title='bbox 222 3949 356 4011; x_wconf 90' lang='lat' dir='ltr'>decanis</span> <span class='ocrx_word' id='word_1_266' title='bbox 383 3949 497 4011; x_wconf 89' lang='lat' dir='ltr'>Sancti</span> <span class='ocrx_word' id='word_1_267' title='bbox 519 3951 659 4012; x_wconf 76' lang='lat' dir='ltr'>loannis</span> <span class='ocrx_word' id='word_1_268' title='bbox 688 3950 721 4012; x_wconf 91' lang='lat' dir='ltr'>et</span> <span class='ocrx_word' id='word_1_269' title='bbox 746 3949 859 4011; x_wconf 83' lang='lat' dir='ltr'>Sancti</span> 
     </span>
     <span class='ocr_line' id='line_1_37' title="bbox 58 4046 725 4120; baseline 0 -13"><span class='ocrx_word' id='word_1_270' title='bbox 58 4046 577 4108; x_wconf 83' lang='lat' dir='ltr'>MartiniLeodiensisdioecesis</span> <span class='ocrx_word' id='word_1_271' title='bbox 723 4117 725 4120; x_wconf 80' lang='lat'>.</span> 
     </span>
    </p>

    <p class='ocr_par' dir='ltr' id='par_1_13' title="bbox 59 4142 861 4517">
     <span class='ocr_line' id='line_1_38' title="bbox 97 4142 857 4223; baseline -0.001 -17"><span class='ocrx_word' id='word_1_272' title='bbox 97 4142 211 4223; x_wconf 88' lang='lat' dir='ltr'>(Vide,</span> <span class='ocrx_word' id='word_1_273' title='bbox 229 4145 354 4210; x_wconf 80' lang='lat' dir='ltr'>Quinto</span> <span class='ocrx_word' id='word_1_274' title='bbox 374 4145 589 4219; x_wconf 71' lang='lat' dir='ltr'>comparatio,</span> <span class='ocrx_word' id='word_1_275' title='bbox 611 4142 667 4204; x_wconf 93' lang='lat' dir='ltr'>lib.</span> <span class='ocrx_word' id='word_1_276' title='bbox 686 4145 726 4215; x_wconf 94' lang='lat' dir='ltr'>ll,</span> <span class='ocrx_word' id='word_1_277' title='bbox 743 4142 792 4204; x_wconf 89' lang='lat' dir='ltr'>tit.</span> <span class='ocrx_word' id='word_1_278' title='bbox 809 4144 857 4216; x_wconf 88' lang='grc'>16,</span> 
     </span>
     <span class='ocr_line' id='line_1_39' title="bbox 59 4240 861 4318; baseline -0.002 -15"><span class='ocrx_word' id='word_1_279' title='bbox 59 4245 138 4303; x_wconf 88' lang='lat' dir='ltr'>tom.</span> <span class='ocrx_word' id='word_1_280' title='bbox 158 4244 185 4313; x_wconf 94' lang='lat' dir='ltr'>l,</span> <span class='ocrx_word' id='word_1_281' title='bbox 202 4256 277 4318; x_wconf 91' lang='lat' dir='ltr'>pag.</span> <span class='ocrx_word' id='word_1_282' title='bbox 293 4242 363 4314; x_wconf 81' lang='lat'>238,</span> <span class='ocrx_word' id='word_1_283' title='bbox 395 4240 451 4301; x_wconf 92' lang='lat' dir='ltr'>ubi</span> <span class='ocrx_word' id='word_1_284' title='bbox 477 4240 583 4302; x_wconf 81' lang='lat' dir='ltr'>fusius</span> <span class='ocrx_word' id='word_1_285' title='bbox 620 4241 772 4318; x_wconf 78' lang='lat' dir='ltr'>exposita</span> <span class='ocrx_word' id='word_1_286' title='bbox 798 4240 861 4302; x_wconf 83' lang='lat' dir='ltr'>ruit</span> 
     </span>
     <span class='ocr_line' id='line_1_40' title="bbox 61 4337 861 4416; baseline 0.001 -17"><span class='ocrx_word' id='word_1_287' title='bbox 61 4339 133 4401; x_wconf 81' lang='lat' dir='ltr'>haec</span> <span class='ocrx_word' id='word_1_288' title='bbox 147 4354 337 4400; x_wconf 89' lang='lat' dir='ltr'>causacum</span> <span class='ocrx_word' id='word_1_289' title='bbox 352 4337 483 4415; x_wconf 91' lang='lat' dir='ltr'>duplice</span> <span class='ocrx_word' id='word_1_290' title='bbox 499 4338 644 4416; x_wconf 85' lang='lat' dir='ltr'>Epistola</span> <span class='ocrx_word' id='word_1_291' title='bbox 661 4337 800 4400; x_wconf 87' lang='lat' dir='ltr'>Honorii</span> <span class='ocrx_word' id='word_1_292' title='bbox 816 4340 861 4400; x_wconf 92' lang='lat' dir='ltr'>Ill</span> 
     </span>
     <span class='ocr_line' id='line_1_41' title="bbox 64 4434 441 4517; baseline 0.005 -21"><span class='ocrx_word' id='word_1_293' title='bbox 64 4436 280 4513; x_wconf 85' lang='lat' dir='ltr'>integerrime</span> <span class='ocrx_word' id='word_1_294' title='bbox 296 4434 441 4517; x_wconf 91' lang='lat' dir='ltr'>recusa.)</span> 
     </span>
    </p>
   </div>
   <div class='ocr_carea' id='block_1_12' title="bbox 420 4604 506 4692">
    <p class='ocr_par' dir='ltr' id='par_1_14' title="bbox 420 4604 506 4692">
     <span class='ocr_line' id='line_1_42' title="bbox 420 4604 506 4692; baseline 0.023 -2"><span class='ocrx_word' id='word_1_295' title='bbox 420 4604 506 4692; x_wconf 80' lang='lat' dir='ltr'>XCI</span> 
     </span>
    </p>
   </div>
   <div class='ocr_carea' id='block_1_13' title="bbox 91 4757 838 4916">
    <p class='ocr_par' dir='ltr' id='par_1_15' title="bbox 91 4757 838 4916">
     <span class='ocr_line' id='line_1_43' title="bbox 91 4757 838 4828; baseline 0 -10"><span class='ocrx_word' id='word_1_296' title='bbox 91 4761 145 4818; x_wconf 78' lang='lat' dir='ltr'>Ad</span> <span class='ocrx_word' id='word_1_297' title='bbox 160 4760 326 4818; x_wconf 82' lang='lat' dir='ltr'>decanum</span> <span class='ocrx_word' id='word_1_298' title='bbox 345 4759 561 4828; x_wconf 70' lang='lat' dir='ltr'>lismensem,</span> <span class='ocrx_word' id='word_1_299' title='bbox 586 4760 780 4818; x_wconf 73' lang='lat' dir='ltr'>derandum</span> <span class='ocrx_word' id='word_1_300' title='bbox 804 4757 838 4818; x_wconf 85' lang='lat' dir='ltr'>ct</span> 
     </span>
     <span class='ocr_line' id='line_1_44' title="bbox 142 4856 783 4916; baseline -0.003 0"><span class='ocrx_word' id='word_1_301' title='bbox 142 4856 380 4916; x_wconf 78' lang='lat' dir='ltr'>Fromondom</span> <span class='ocrx_word' id='word_1_302' title='bbox 393 4857 574 4916; x_wconf 76' lang='lat' dir='ltr'>canonicos</span> <span class='ocrx_word' id='word_1_303' title='bbox 586 4857 783 4916; x_wconf 76' lang='lat' dir='ltr'>Ramesses</span> 
     </span>
    </p>
   </div>
   <div class='ocr_carea' id='block_1_14' title="bbox 154 4974 779 5149">
    <p class='ocr_par' dir='ltr' id='par_1_16' title="bbox 154 4974 779 5149">
     <span class='ocr_line' id='line_1_45' title="bbox 333 4974 603 5034; baseline -0.004 -2"><span class='ocrx_word' id='word_1_304' title='bbox 333 4975 366 5032; x_wconf 79' lang='lat'>31</span> <span class='ocrx_word' id='word_1_305' title='bbox 383 4974 511 5032; x_wconf 89' lang='lat' dir='ltr'>decemb.</span> <span class='ocrx_word' id='word_1_306' title='bbox 525 4975 603 5034; x_wconf 74' lang='lat' dir='ltr'>latr.</span> 
     </span>
     <span class='ocr_line' id='line_1_46' title="bbox 154 5081 779 5149; baseline 0.003 -17"><span class='ocrx_word' id='word_1_307' title='bbox 154 5083 249 5147; x_wconf 60' lang='lat' dir='ltr'>[liuga</span> <span class='ocrx_word' id='word_1_308' title='bbox 263 5081 343 5134; x_wconf 81' lang='lat' dir='ltr'>Sacra</span> <span class='ocrx_word' id='word_1_309' title='bbox 356 5081 479 5147; x_wconf 82' lang='lat' dir='ltr'>antiquit.</span> <span class='ocrx_word' id='word_1_310' title='bbox 491 5082 615 5146; x_wconf 76' lang='lat' dir='ltr'>tionum,</span> <span class='ocrx_word' id='word_1_311' title='bbox 626 5090 645 5134; x_wconf 87' lang='lat' dir='ltr'>t.</span> <span class='ocrx_word' id='word_1_312' title='bbox 659 5085 679 5142; x_wconf 93' lang='lat' dir='ltr'>l,</span> <span class='ocrx_word' id='word_1_313' title='bbox 690 5097 716 5148; x_wconf 92' lang='lat' dir='ltr'>p.</span> <span class='ocrx_word' id='word_1_314' title='bbox 729 5083 779 5149; x_wconf 83' lang='lat' dir='ltr'>to]</span> 
     </span>
    </p>
   </div>
   <div class='ocr_carea' id='block_1_15' title="bbox 65 5198 865 5450">
    <p class='ocr_par' dir='ltr' id='par_1_17' title="bbox 65 5198 865 5450">
     <span class='ocr_line' id='line_1_47' title="bbox 65 5198 864 5272; baseline 0.001 -17"><span class='ocrx_word' id='word_1_315' title='bbox 65 5200 133 5256; x_wconf 90' lang='lat' dir='ltr'>lllos</span> <span class='ocrx_word' id='word_1_316' title='bbox 148 5199 296 5256; x_wconf 81' lang='lat' dir='ltr'>constituit</span> <span class='ocrx_word' id='word_1_317' title='bbox 311 5198 423 5272; x_wconf 81' lang='lat' dir='ltr'>judices</span> <span class='ocrx_word' id='word_1_318' title='bbox 442 5199 644 5257; x_wconf 76' lang='lat' dir='ltr'>controversiae</span> <span class='ocrx_word' id='word_1_319' title='bbox 668 5201 742 5257; x_wconf 88' lang='lat' dir='ltr'>inter</span> <span class='ocrx_word' id='word_1_320' title='bbox 759 5201 864 5258; x_wconf 82' lang='lat' dir='ltr'>Gerra-</span> 
     </span>
     <span class='ocr_line' id='line_1_48' title="bbox 99 5287 865 5362; baseline 0.003 -18"><span class='ocrx_word' id='word_1_321' title='bbox 99 5289 177 5345; x_wconf 90' lang='lat' dir='ltr'>sium</span> <span class='ocrx_word' id='word_1_322' title='bbox 206 5287 338 5345; x_wconf 84' lang='lat' dir='ltr'>abbatem</span> <span class='ocrx_word' id='word_1_323' title='bbox 362 5289 666 5346; x_wconf 80' lang='lat' dir='ltr'>Praemoostratensem</span> <span class='ocrx_word' id='word_1_324' title='bbox 693 5296 721 5346; x_wconf 89' lang='lat' dir='ltr'>et</span> <span class='ocrx_word' id='word_1_325' title='bbox 745 5288 865 5362; x_wconf 86' lang='lat' dir='ltr'>Stepha-</span> 
     </span>
     <span class='ocr_line' id='line_1_49' title="bbox 103 5376 612 5450; baseline 0.004 -18"><span class='ocrx_word' id='word_1_326' title='bbox 103 5391 174 5434; x_wconf 90' lang='lat' dir='ltr'>num</span> <span class='ocrx_word' id='word_1_327' title='bbox 189 5376 413 5434; x_wconf 88' lang='lat' dir='ltr'>Noviomensern</span> <span class='ocrx_word' id='word_1_328' title='bbox 433 5377 612 5450; x_wconf 85' lang='lat' dir='ltr'>episcopum.</span> 
     </span>
    </p>
   </div>
   <div class='ocr_carea' id='block_1_16' title="bbox 71 5503 868 5679">
    <p class='ocr_par' dir='ltr' id='par_1_18' title="bbox 71 5503 868 5679">
     <span class='ocr_line' id='line_1_50' title="bbox 109 5503 868 5580; baseline 0 -16"><span class='ocrx_word' id='word_1_329' title='bbox 109 5503 279 5565; x_wconf 87' lang='lat' dir='ltr'>Honorius</span> <span class='ocrx_word' id='word_1_330' title='bbox 290 5503 476 5580; x_wconf 88' lang='lat' dir='ltr'>episcopus,</span> <span class='ocrx_word' id='word_1_331' title='bbox 489 5519 606 5566; x_wconf 84' lang='lat' dir='ltr'>servus</span> <span class='ocrx_word' id='word_1_332' title='bbox 616 5519 788 5566; x_wconf 81' lang='lat' dir='ltr'>servorum</span> <span class='ocrx_word' id='word_1_333' title='bbox 797 5503 868 5579; x_wconf 87' lang='lat' dir='ltr'>Dei,</span> 
     </span>
     <span class='ocr_line' id='line_1_51' title="bbox 71 5599 867 5679; baseline 0.005 -19"><span class='ocrx_word' id='word_1_334' title='bbox 71 5599 203 5661; x_wconf 90' lang='lat' dir='ltr'>dilectis</span> <span class='ocrx_word' id='word_1_335' title='bbox 229 5600 295 5661; x_wconf 83' lang='lat' dir='ltr'>filis</span> <span class='ocrx_word' id='word_1_336' title='bbox 320 5600 445 5664; x_wconf 88' lang='lat' dir='ltr'>decano</span> <span class='ocrx_word' id='word_1_337' title='bbox 470 5603 503 5663; x_wconf 92' lang='lat' dir='ltr'>et</span> <span class='ocrx_word' id='word_1_338' title='bbox 526 5603 685 5679; x_wconf 87' lang='lat' dir='ltr'>magistro</span> <span class='ocrx_word' id='word_1_339' title='bbox 710 5603 867 5676; x_wconf 85' lang='lat' dir='ltr'>Gerardo,</span> 
     </span>
    </p>
   </div>
   <div class='ocr_carea' id='block_1_17' title="bbox 107 5733 591 5804">
    <p class='ocr_par' dir='ltr' id='par_1_19' title="bbox 107 5733 591 5804">
     <span class='ocr_line' id='line_1_52' title="bbox 107 5733 591 5804; baseline 0.006 -14"><span class='ocrx_word' id='word_1_340' title='bbox 107 5733 149 5804; x_wconf 80' lang='lat' dir='ltr'>(l)</span> <span class='ocrx_word' id='word_1_341' title='bbox 170 5734 281 5789; x_wconf 82' lang='lat' dir='ltr'>Forsan</span> <span class='ocrx_word' id='word_1_342' title='bbox 294 5733 367 5791; x_wconf 81' lang='lat' dir='ltr'>deest</span> <span class='ocrx_word' id='word_1_343' title='bbox 380 5735 591 5796; x_wconf 86' lang='lat' dir='ltr'>attentaverint.</span> 
     </span>
    </p>
   </div>
   <div class='ocr_carea' id='block_1_18' title="bbox 906 2008 1708 3050">
    <p class='ocr_par' dir='ltr' id='par_1_20' title="bbox 906 2008 1708 3050">
     <span class='ocr_line' id='line_1_53' title="bbox 907 2008 1704 2088; baseline 0.003 -18"><span class='ocrx_word' id='word_1_344' title='bbox 907 2009 1035 2085; x_wconf 86' lang='lat' dir='ltr'>praedas</span> <span class='ocrx_word' id='word_1_345' title='bbox 1061 2009 1224 2072; x_wconf 87' lang='lat' dir='ltr'>violenter</span> <span class='ocrx_word' id='word_1_346' title='bbox 1251 2008 1428 2082; x_wconf 90' lang='lat' dir='ltr'>abducunt,</span> <span class='ocrx_word' id='word_1_347' title='bbox 1456 2026 1538 2087; x_wconf 90' lang='lat' dir='ltr'>quas</span> <span class='ocrx_word' id='word_1_348' title='bbox 1566 2026 1624 2088; x_wconf 92' lang='lat' dir='ltr'>pro</span> <span class='ocrx_word' id='word_1_349' title='bbox 1651 2012 1704 2088; x_wconf 92' lang='lat' dir='ltr'>pi-</span> 
     </span>
     <span class='ocr_line' id='line_1_54' title="bbox 906 2106 1703 2183; baseline 0.003 -15"><span class='ocrx_word' id='word_1_350' title='bbox 906 2123 1010 2183; x_wconf 89' lang='lat' dir='ltr'>gnore</span> <span class='ocrx_word' id='word_1_351' title='bbox 1034 2107 1191 2183; x_wconf 87' lang='lat' dir='ltr'>obligant,</span> <span class='ocrx_word' id='word_1_352' title='bbox 1214 2108 1266 2169; x_wconf 90' lang='lat' dir='ltr'>vel</span> <span class='ocrx_word' id='word_1_353' title='bbox 1290 2107 1439 2170; x_wconf 90' lang='lat' dir='ltr'>alienant</span> <span class='ocrx_word' id='word_1_354' title='bbox 1470 2106 1615 2181; x_wconf 91' lang='lat' dir='ltr'>omnino,</span> <span class='ocrx_word' id='word_1_355' title='bbox 1641 2125 1703 2170; x_wconf 91' lang='lat' dir='ltr'>nec</span> 
     </span>
     <span class='ocr_line' id='line_1_55' title="bbox 908 2204 1705 2284; baseline 0.001 -19"><span class='ocrx_word' id='word_1_356' title='bbox 908 2204 1065 2266; x_wconf 86' lang='lat' dir='ltr'>fratribus</span> <span class='ocrx_word' id='word_1_357' title='bbox 1076 2205 1159 2282; x_wconf 90' lang='lat' dir='ltr'>ipsis</span> <span class='ocrx_word' id='word_1_358' title='bbox 1176 2205 1366 2278; x_wconf 89' lang='lat' dir='ltr'>restituunt,</span> <span class='ocrx_word' id='word_1_359' title='bbox 1382 2205 1486 2267; x_wconf 91' lang='lat' dir='ltr'>donec</span> <span class='ocrx_word' id='word_1_360' title='bbox 1507 2221 1567 2284; x_wconf 91' lang='lat' dir='ltr'>pro</span> <span class='ocrx_word' id='word_1_361' title='bbox 1590 2207 1705 2284; x_wconf 90' lang='lat' dir='ltr'>requi-</span> 
     </span>
     <span class='ocr_line' id='line_1_56' title="bbox 908 2302 1702 2382; baseline 0 -18"><span class='ocrx_word' id='word_1_362' title='bbox 908 2303 971 2365; x_wconf 89' lang='lat' dir='ltr'>sita</span> <span class='ocrx_word' id='word_1_363' title='bbox 984 2302 1218 2380; x_wconf 89' lang='lat' dir='ltr'>procuratione</span> <span class='ocrx_word' id='word_1_364' title='bbox 1233 2304 1324 2366; x_wconf 88' lang='lat' dir='ltr'>certa</span> <span class='ocrx_word' id='word_1_365' title='bbox 1333 2304 1474 2382; x_wconf 89' lang='lat' dir='ltr'>pecunia</span> <span class='ocrx_word' id='word_1_366' title='bbox 1483 2303 1702 2381; x_wconf 84' lang='lat' dir='ltr'>persolvatur,</span> 
     </span>
     <span class='ocr_line' id='line_1_57' title="bbox 908 2401 1703 2478; baseline 0.001 -17"><span class='ocrx_word' id='word_1_367' title='bbox 908 2401 963 2478; x_wconf 92' lang='lat' dir='ltr'>qui</span> <span class='ocrx_word' id='word_1_368' title='bbox 980 2402 1016 2463; x_wconf 90' lang='lat' dir='ltr'>ut</span> <span class='ocrx_word' id='word_1_369' title='bbox 1028 2401 1204 2463; x_wconf 86' lang='lat' dir='ltr'>avaritiam</span> <span class='ocrx_word' id='word_1_370' title='bbox 1218 2416 1312 2462; x_wconf 89' lang='lat' dir='ltr'>suam</span> <span class='ocrx_word' id='word_1_371' title='bbox 1328 2402 1361 2462; x_wconf 93' lang='lat' dir='ltr'>et</span> <span class='ocrx_word' id='word_1_372' title='bbox 1376 2401 1583 2463; x_wconf 81' lang='lat' dir='ltr'>exactionem</span> <span class='ocrx_word' id='word_1_373' title='bbox 1599 2417 1703 2463; x_wconf 81' lang='lat' dir='ltr'>excu-</span> 
     </span>
     <span class='ocr_line' id='line_1_58' title="bbox 908 2497 1701 2576; baseline 0.001 -16"><span class='ocrx_word' id='word_1_374' title='bbox 908 2499 992 2570; x_wconf 89' lang='lat' dir='ltr'>sent,</span> <span class='ocrx_word' id='word_1_375' title='bbox 1009 2497 1145 2560; x_wconf 80' lang='lat' dir='ltr'>frivolas</span> <span class='ocrx_word' id='word_1_376' title='bbox 1160 2498 1333 2575; x_wconf 82' lang='lat' dir='ltr'>exigendae</span> <span class='ocrx_word' id='word_1_377' title='bbox 1348 2499 1593 2576; x_wconf 86' lang='lat' dir='ltr'>procurationis</span> <span class='ocrx_word' id='word_1_378' title='bbox 1617 2515 1701 2561; x_wconf 92' lang='lat' dir='ltr'>cau-</span> 
     </span>
     <span class='ocr_line' id='line_1_59' title="bbox 909 2596 1704 2674; baseline 0 -16"><span class='ocrx_word' id='word_1_379' title='bbox 909 2613 963 2658; x_wconf 90' lang='lat' dir='ltr'>sas</span> <span class='ocrx_word' id='word_1_380' title='bbox 978 2596 1161 2673; x_wconf 88' lang='lat' dir='ltr'>assignant,</span> <span class='ocrx_word' id='word_1_381' title='bbox 1176 2597 1228 2658; x_wconf 86' lang='lat' dir='ltr'>vel</span> <span class='ocrx_word' id='word_1_382' title='bbox 1251 2598 1329 2674; x_wconf 88' lang='lat' dir='ltr'>quia</span> <span class='ocrx_word' id='word_1_383' title='bbox 1351 2596 1415 2674; x_wconf 91' lang='lat' dir='ltr'>ipsi</span> <span class='ocrx_word' id='word_1_384' title='bbox 1437 2600 1495 2660; x_wconf 92' lang='lat' dir='ltr'>aut</span> <span class='ocrx_word' id='word_1_385' title='bbox 1516 2596 1704 2674; x_wconf 85' lang='lat' dir='ltr'>praedeces-</span> 
     </span>
     <span class='ocr_line' id='line_1_60' title="bbox 909 2694 1700 2772; baseline 0 -16"><span class='ocrx_word' id='word_1_386' title='bbox 909 2711 1001 2757; x_wconf 85' lang='lat' dir='ltr'>sores</span> <span class='ocrx_word' id='word_1_387' title='bbox 1016 2711 1131 2756; x_wconf 90' lang='lat' dir='ltr'>eorum</span> <span class='ocrx_word' id='word_1_388' title='bbox 1146 2695 1180 2756; x_wconf 91' lang='lat' dir='ltr'>in</span> <span class='ocrx_word' id='word_1_389' title='bbox 1200 2694 1349 2772; x_wconf 88' lang='lat' dir='ltr'>grangiis</span> <span class='ocrx_word' id='word_1_390' title='bbox 1372 2694 1507 2758; x_wconf 84' lang='lat' dir='ltr'>fuerunt</span> <span class='ocrx_word' id='word_1_391' title='bbox 1529 2694 1700 2772; x_wconf 90' lang='lat' dir='ltr'>hospitati,</span> 
     </span>
     <span class='ocr_line' id='line_1_61' title="bbox 909 2792 1704 2870; baseline -0.003 -16"><span class='ocrx_word' id='word_1_392' title='bbox 909 2792 980 2855; x_wconf 82' lang='lat' dir='ltr'>sive</span> <span class='ocrx_word' id='word_1_393' title='bbox 1003 2793 1082 2870; x_wconf 92' lang='lat' dir='ltr'>quia</span> <span class='ocrx_word' id='word_1_394' title='bbox 1105 2793 1142 2853; x_wconf 90' lang='lat' dir='ltr'>in</span> <span class='ocrx_word' id='word_1_395' title='bbox 1167 2793 1316 2869; x_wconf 86' lang='lat' dir='ltr'>grangiis</span> <span class='ocrx_word' id='word_1_396' title='bbox 1338 2792 1419 2869; x_wconf 91' lang='lat' dir='ltr'>ipsis</span> <span class='ocrx_word' id='word_1_397' title='bbox 1443 2792 1580 2855; x_wconf 83' lang='lat' dir='ltr'>decimae</span> <span class='ocrx_word' id='word_1_398' title='bbox 1605 2793 1704 2855; x_wconf 90' lang='lat' dir='ltr'>colli-</span> 
     </span>
     <span class='ocr_line' id='line_1_62' title="bbox 909 2889 1706 2968; baseline -0.003 -16"><span class='ocrx_word' id='word_1_399' title='bbox 909 2891 1040 2967; x_wconf 88' lang='lat' dir='ltr'>gantur,</span> <span class='ocrx_word' id='word_1_400' title='bbox 1066 2907 1125 2952; x_wconf 90' lang='lat' dir='ltr'>seu</span> <span class='ocrx_word' id='word_1_401' title='bbox 1151 2889 1229 2967; x_wconf 84' lang='lat' dir='ltr'>quia</span> <span class='ocrx_word' id='word_1_402' title='bbox 1257 2889 1421 2962; x_wconf 90' lang='lat' dir='ltr'>canonici,</span> <span class='ocrx_word' id='word_1_403' title='bbox 1451 2889 1507 2968; x_wconf 91' lang='lat' dir='ltr'>qui</span> <span class='ocrx_word' id='word_1_404' title='bbox 1533 2889 1706 2968; x_wconf 87' lang='lat' dir='ltr'>parochia·</span> 
     </span>
     <span class='ocr_line' id='line_1_63' title="bbox 909 2986 1708 3050; baseline -0.001 -2"><span class='ocrx_word' id='word_1_405' title='bbox 909 2989 974 3050; x_wconf 90' lang='lat' dir='ltr'>lem</span> <span class='ocrx_word' id='word_1_406' title='bbox 987 2988 1163 3049; x_wconf 86' lang='lat' dir='ltr'>ecclesiam</span> <span class='ocrx_word' id='word_1_407' title='bbox 1176 2988 1210 3047; x_wconf 93' lang='lat' dir='ltr'>in</span> <span class='ocrx_word' id='word_1_408' title='bbox 1225 2987 1345 3048; x_wconf 84' lang='lat' dir='ltr'>ricinis</span> <span class='ocrx_word' id='word_1_409' title='bbox 1360 2986 1442 3047; x_wconf 93' lang='lat' dir='ltr'>locis</span> <span class='ocrx_word' id='word_1_410' title='bbox 1457 2986 1606 3048; x_wconf 89' lang='lat' dir='ltr'>obtinere</span> <span class='ocrx_word' id='word_1_411' title='bbox 1626 3003 1708 3048; x_wconf 91' lang='lat' dir='ltr'>nos-</span> 
     </span>
    </p>
   </div>
   <div class='ocr_carea' id='block_1_19' title="bbox 910 3083 1802 3161">
    <p class='ocr_par' dir='ltr' id='par_1_21' title="bbox 910 3083 1802 3161">
     <span class='ocr_line' id='line_1_64' title="bbox 910 3083 1802 3161; baseline -0.003 -14"><span class='ocrx_word' id='word_1_412' title='bbox 910 3086 1040 3156; x_wconf 88' lang='lat' dir='ltr'>cuntur,</span> <span class='ocrx_word' id='word_1_413' title='bbox 1072 3083 1250 3161; x_wconf 90' lang='lat' dir='ltr'>aliquando</span> <span class='ocrx_word' id='word_1_414' title='bbox 1272 3083 1519 3146; x_wconf 88' lang='lat' dir='ltr'>commorantur</span> <span class='ocrx_word' id='word_1_415' title='bbox 1545 3084 1581 3144; x_wconf 95' lang='lat' dir='ltr'>in</span> <span class='ocrx_word' id='word_1_416' title='bbox 1604 3099 1708 3160; x_wconf 84' lang='lat' dir='ltr'>gran·</span> <span class='ocrx_word' id='word_1_417' title='bbox 1799 3147 1802 3152; x_wconf 74' lang='grc'><strong>,</strong></span> 
     </span>
    </p>
   </div>
   <div class='ocr_carea' id='block_1_20' title="bbox 910 3180 1724 5699">
    <p class='ocr_par' dir='ltr' id='par_1_22' title="bbox 910 3180 1724 5699">
     <span class='ocr_line' id='line_1_65' title="bbox 910 3180 1705 3260; baseline -0.001 -17"><span class='ocrx_word' id='word_1_418' title='bbox 910 3182 985 3260; x_wconf 90' lang='lat' dir='ltr'>giis,</span> <span class='ocrx_word' id='word_1_419' title='bbox 1015 3182 1073 3242; x_wconf 89' lang='lat' dir='ltr'>aut</span> <span class='ocrx_word' id='word_1_420' title='bbox 1098 3181 1175 3258; x_wconf 90' lang='lat' dir='ltr'>quia</span> <span class='ocrx_word' id='word_1_421' title='bbox 1204 3181 1303 3242; x_wconf 91' lang='lat' dir='ltr'>ineis</span> <span class='ocrx_word' id='word_1_422' title='bbox 1338 3180 1519 3242; x_wconf 87' lang='lat' dir='ltr'>claustrum</span> <span class='ocrx_word' id='word_1_423' title='bbox 1547 3182 1705 3242; x_wconf 92' lang='lat' dir='ltr'>Sororum</span> 
     </span>
     <span class='ocr_line' id='line_1_66' title="bbox 910 3278 1709 3358; baseline -0.003 -16"><span class='ocrx_word' id='word_1_424' title='bbox 910 3280 1082 3352; x_wconf 88' lang='lat' dir='ltr'>habeatur,</span> <span class='ocrx_word' id='word_1_425' title='bbox 1100 3294 1173 3358; x_wconf 85' lang='lat' dir='ltr'>quae</span> <span class='ocrx_word' id='word_1_426' title='bbox 1189 3278 1321 3356; x_wconf 91' lang='lat' dir='ltr'>quidem</span> <span class='ocrx_word' id='word_1_427' title='bbox 1337 3295 1379 3340; x_wconf 86' lang='lat' dir='ltr'>ex</span> <span class='ocrx_word' id='word_1_428' title='bbox 1392 3294 1529 3341; x_wconf 89' lang='lat' dir='ltr'>accessu</span> <span class='ocrx_word' id='word_1_429' title='bbox 1550 3295 1709 3356; x_wconf 92' lang='lat' dir='ltr'>quorum-</span> 
     </span>
     <span class='ocr_line' id='line_1_67' title="bbox 911 3375 1708 3454; baseline 0 -16"><span class='ocrx_word' id='word_1_430' title='bbox 911 3379 986 3439; x_wconf 92' lang='lat' dir='ltr'>dam</span> <span class='ocrx_word' id='word_1_431' title='bbox 1005 3392 1072 3439; x_wconf 92' lang='lat' dir='ltr'>non</span> <span class='ocrx_word' id='word_1_432' title='bbox 1087 3375 1226 3438; x_wconf 90' lang='lat' dir='ltr'>multum</span> <span class='ocrx_word' id='word_1_433' title='bbox 1242 3375 1419 3452; x_wconf 86' lang='lat' dir='ltr'>proliciunt</span> <span class='ocrx_word' id='word_1_434' title='bbox 1436 3375 1472 3437; x_wconf 91' lang='lat' dir='ltr'>in</span> <span class='ocrx_word' id='word_1_435' title='bbox 1495 3376 1559 3448; x_wconf 90' lang='lat' dir='ltr'>his,</span> <span class='ocrx_word' id='word_1_436' title='bbox 1578 3393 1651 3454; x_wconf 89' lang='lat' dir='ltr'>quae</span> <span class='ocrx_word' id='word_1_437' title='bbox 1666 3376 1708 3438; x_wconf 91' lang='lat' dir='ltr'>ad</span> 
     </span>
     <span class='ocr_line' id='line_1_68' title="bbox 912 3472 1709 3551; baseline -0.001 -15"><span class='ocrx_word' id='word_1_438' title='bbox 912 3476 1051 3538; x_wconf 90' lang='lat' dir='ltr'>salutem</span> <span class='ocrx_word' id='word_1_439' title='bbox 1080 3472 1247 3551; x_wconf 90' lang='lat' dir='ltr'>portinent</span> <span class='ocrx_word' id='word_1_440' title='bbox 1272 3473 1470 3536; x_wconf 90' lang='lat' dir='ltr'>animarum.</span> <span class='ocrx_word' id='word_1_441' title='bbox 1509 3475 1615 3551; x_wconf 89' lang='lat' dir='ltr'>Super</span> <span class='ocrx_word' id='word_1_442' title='bbox 1655 3475 1709 3536; x_wconf 92' lang='lat' dir='ltr'>his</span> 
     </span>
     <span class='ocr_line' id='line_1_69' title="bbox 912 3570 1711 3638; baseline -0.003 -3"><span class='ocrx_word' id='word_1_443' title='bbox 912 3572 1069 3635; x_wconf 80' lang='lat' dir='ltr'>autemst</span> <span class='ocrx_word' id='word_1_444' title='bbox 1089 3570 1177 3638; x_wconf 85' lang='lat' dir='ltr'>aliis,</span> <span class='ocrx_word' id='word_1_445' title='bbox 1193 3571 1333 3632; x_wconf 86' lang='lat' dir='ltr'>dilectus</span> <span class='ocrx_word' id='word_1_446' title='bbox 1356 3571 1444 3631; x_wconf 86' lang='lat' dir='ltr'>filius</span> <span class='ocrx_word' id='word_1_447' title='bbox 1469 3572 1711 3634; x_wconf 89' lang='lat' dir='ltr'>Praemonstra-</span> 
     </span>
     <span class='ocr_line' id='line_1_70' title="bbox 912 3668 1710 3746; baseline -0.004 -13"><span class='ocrx_word' id='word_1_448' title='bbox 912 3670 1016 3733; x_wconf 87' lang='lat' dir='ltr'>tensis</span> <span class='ocrx_word' id='word_1_449' title='bbox 1042 3669 1144 3730; x_wconf 90' lang='lat' dir='ltr'>abbas</span> <span class='ocrx_word' id='word_1_450' title='bbox 1173 3668 1363 3746; x_wconf 88' lang='lat' dir='ltr'>specialiter</span> <span class='ocrx_word' id='word_1_451' title='bbox 1386 3668 1507 3729; x_wconf 89' lang='lat' dir='ltr'>asserit</span> <span class='ocrx_word' id='word_1_452' title='bbox 1535 3669 1710 3730; x_wconf 89' lang='lat' dir='ltr'>ecclesiam</span> 
     </span>
     <span class='ocr_line' id='line_1_71' title="bbox 913 3764 1711 3844; baseline 0 -16"><span class='ocrx_word' id='word_1_453' title='bbox 913 3784 1006 3829; x_wconf 87' lang='lat' dir='ltr'>suam</span> <span class='ocrx_word' id='word_1_454' title='bbox 1022 3783 1041 3828; x_wconf 90' lang='lat' dir='ltr'>a</span> <span class='ocrx_word' id='word_1_455' title='bbox 1055 3764 1352 3828; x_wconf 83' lang='lat' dir='ltr'>venerabiliiratre</span> <span class='ocrx_word' id='word_1_456' title='bbox 1367 3765 1481 3826; x_wconf 84' lang='lat' dir='ltr'>nostro</span> <span class='ocrx_word' id='word_1_457' title='bbox 1500 3765 1656 3844; x_wconf 88' lang='lat' dir='ltr'>episcopo</span> <span class='ocrx_word' id='word_1_458' title='bbox 1678 3767 1711 3828; x_wconf 88' lang='lat' dir='ltr'>et</span> 
     </span>
     <span class='ocr_line' id='line_1_72' title="bbox 913 3861 1710 3940; baseline -0.005 -13"><span class='ocrx_word' id='word_1_459' title='bbox 913 3864 1149 3927; x_wconf 90' lang='lat' dir='ltr'>archidiacono</span> <span class='ocrx_word' id='word_1_460' title='bbox 1181 3861 1460 3924; x_wconf 83' lang='lat' dir='ltr'>Noviomensibus</span> <span class='ocrx_word' id='word_1_461' title='bbox 1488 3862 1710 3940; x_wconf 90' lang='lat' dir='ltr'>importunius</span> 
     </span>
     <span class='ocr_line' id='line_1_73' title="bbox 914 3959 1711 4039; baseline -0.004 -14"><span class='ocrx_word' id='word_1_462' title='bbox 914 3961 1102 4039; x_wconf 86' lang='lat' dir='ltr'>aggravari,</span> <span class='ocrx_word' id='word_1_463' title='bbox 1132 3959 1445 4038; x_wconf 73' lang='lat' dir='ltr'>proponens-quod</span> <span class='ocrx_word' id='word_1_464' title='bbox 1478 3977 1553 4021; x_wconf 90' lang='lat' dir='ltr'>cum</span> <span class='ocrx_word' id='word_1_465' title='bbox 1588 3960 1711 4022; x_wconf 90' lang='lat' dir='ltr'>dudum</span> 
     </span>
     <span class='ocr_line' id='line_1_74' title="bbox 914 4058 1712 4137; baseline 0.001 -17"><span class='ocrx_word' id='word_1_466' title='bbox 914 4061 1002 4122; x_wconf 89' lang='lat' dir='ltr'>idem</span> <span class='ocrx_word' id='word_1_467' title='bbox 1017 4059 1192 4137; x_wconf 91' lang='lat' dir='ltr'>episcopus</span> <span class='ocrx_word' id='word_1_468' title='bbox 1205 4058 1331 4135; x_wconf 89' lang='lat' dir='ltr'>peteret</span> <span class='ocrx_word' id='word_1_469' title='bbox 1349 4059 1383 4119; x_wconf 91' lang='lat' dir='ltr'>in</span> <span class='ocrx_word' id='word_1_470' title='bbox 1399 4058 1539 4136; x_wconf 89' lang='lat' dir='ltr'>quadam</span> <span class='ocrx_word' id='word_1_471' title='bbox 1563 4059 1712 4136; x_wconf 83' lang='lat' dir='ltr'>eJusdem</span> 
     </span>
     <span class='ocr_line' id='line_1_75' title="bbox 915 4155 1713 4232; baseline 0 -14"><span class='ocrx_word' id='word_1_472' title='bbox 915 4157 1065 4219; x_wconf 86' lang='lat' dir='ltr'>ecclesiae</span> <span class='ocrx_word' id='word_1_473' title='bbox 1091 4157 1232 4232; x_wconf 86' lang='lat' dir='ltr'>grangia</span> <span class='ocrx_word' id='word_1_474' title='bbox 1257 4155 1292 4216; x_wconf 89' lang='lat' dir='ltr'>in</span> <span class='ocrx_word' id='word_1_475' title='bbox 1326 4155 1558 4232; x_wconf 91' lang='lat' dir='ltr'>procuratione</span> <span class='ocrx_word' id='word_1_476' title='bbox 1592 4155 1713 4218; x_wconf 87' lang='lat' dir='ltr'>sibiet</span> 
     </span>
     <span class='ocr_line' id='line_1_76' title="bbox 916 4253 1713 4333; baseline -0.001 -17"><span class='ocrx_word' id='word_1_477' title='bbox 916 4255 1060 4333; x_wconf 89' lang='lat' dir='ltr'>hospitio</span> <span class='ocrx_word' id='word_1_478' title='bbox 1096 4253 1281 4331; x_wconf 80' lang='lat' dir='ltr'>provideri,</span> <span class='ocrx_word' id='word_1_479' title='bbox 1308 4253 1340 4316; x_wconf 93' lang='lat' dir='ltr'>et</span> <span class='ocrx_word' id='word_1_480' title='bbox 1365 4253 1499 4330; x_wconf 91' lang='lat' dir='ltr'>quidam</span> <span class='ocrx_word' id='word_1_481' title='bbox 1531 4255 1713 4316; x_wconf 90' lang='lat' dir='ltr'>canonicus</span> 
     </span>
     <span class='ocr_line' id='line_1_77' title="bbox 916 4351 1712 4430; baseline -0.003 -16"><span class='ocrx_word' id='word_1_482' title='bbox 916 4351 1045 4414; x_wconf 89' lang='lat' dir='ltr'>abbatis</span> <span class='ocrx_word' id='word_1_483' title='bbox 1060 4352 1176 4430; x_wconf 90' lang='lat' dir='ltr'>ipsius,</span> <span class='ocrx_word' id='word_1_484' title='bbox 1194 4351 1248 4413; x_wconf 93' lang='lat' dir='ltr'>cui</span> <span class='ocrx_word' id='word_1_485' title='bbox 1260 4351 1323 4413; x_wconf 91' lang='lat' dir='ltr'>hoc</span> <span class='ocrx_word' id='word_1_486' title='bbox 1338 4351 1512 4428; x_wconf 90' lang='lat' dir='ltr'>episcopus</span> <span class='ocrx_word' id='word_1_487' title='bbox 1527 4352 1599 4428; x_wconf 89' lang='lat' dir='ltr'>ipse</span> <span class='ocrx_word' id='word_1_488' title='bbox 1612 4367 1712 4412; x_wconf 91' lang='lat' dir='ltr'>man-</span> 
     </span>
     <span class='ocr_line' id='line_1_78' title="bbox 917 4447 1715 4526; baseline -0.003 -15"><span class='ocrx_word' id='word_1_489' title='bbox 917 4451 1063 4521; x_wconf 86' lang='lat' dir='ltr'>daverat,</span> <span class='ocrx_word' id='word_1_490' title='bbox 1081 4464 1195 4510; x_wconf 90' lang='lat' dir='ltr'>senon</span> <span class='ocrx_word' id='word_1_491' title='bbox 1210 4464 1307 4526; x_wconf 90' lang='lat' dir='ltr'>posse</span> <span class='ocrx_word' id='word_1_492' title='bbox 1321 4448 1385 4509; x_wconf 92' lang='lat' dir='ltr'>hoc</span> <span class='ocrx_word' id='word_1_493' title='bbox 1400 4447 1509 4509; x_wconf 86' lang='lat' dir='ltr'>lacere</span> <span class='ocrx_word' id='word_1_494' title='bbox 1522 4448 1595 4509; x_wconf 90' lang='lat' dir='ltr'>sine</span> <span class='ocrx_word' id='word_1_495' title='bbox 1611 4447 1715 4509; x_wconf 90' lang='lat' dir='ltr'>abba-</span> 
     </span>
     <span class='ocr_line' id='line_1_79' title="bbox 917 4543 1715 4622; baseline -0.006 -12"><span class='ocrx_word' id='word_1_496' title='bbox 917 4547 961 4610; x_wconf 90' lang='lat' dir='ltr'>tis</span> <span class='ocrx_word' id='word_1_497' title='bbox 977 4547 1029 4608; x_wconf 92' lang='lat' dir='ltr'>sui</span> <span class='ocrx_word' id='word_1_498' title='bbox 1044 4546 1190 4618; x_wconf 88' lang='lat' dir='ltr'>licentia,</span> <span class='ocrx_word' id='word_1_499' title='bbox 1216 4544 1452 4622; x_wconf 88' lang='lat' dir='ltr'>respondisset,</span> <span class='ocrx_word' id='word_1_500' title='bbox 1473 4543 1606 4621; x_wconf 88' lang='lat' dir='ltr'>quidam</span> <span class='ocrx_word' id='word_1_501' title='bbox 1629 4547 1715 4621; x_wconf 90' lang='lat' dir='ltr'>ejus·</span> 
     </span>
     <span class='ocr_line' id='line_1_80' title="bbox 919 4629 1715 4722; baseline -0.005 -16"><span class='ocrx_word' id='word_1_502' title='bbox 919 4645 993 4707; x_wconf 90' lang='lat' dir='ltr'>dem</span> <span class='ocrx_word' id='word_1_503' title='bbox 1003 4629 1151 4722; x_wconf 86' lang='lat' dir='ltr'>episcopi</span> <span class='ocrx_word' id='word_1_504' title='bbox 1161 4643 1305 4704; x_wconf 90' lang='lat' dir='ltr'>decanus</span> <span class='ocrx_word' id='word_1_505' title='bbox 1317 4641 1442 4702; x_wconf 89' lang='lat' dir='ltr'>ruralis</span> <span class='ocrx_word' id='word_1_506' title='bbox 1453 4640 1602 4702; x_wconf 89' lang='lat' dir='ltr'>eamdem</span> <span class='ocrx_word' id='word_1_507' title='bbox 1613 4657 1715 4717; x_wconf 89' lang='lat' dir='ltr'>gran-</span> 
     </span>
     <span class='ocr_line' id='line_1_81' title="bbox 919 4738 1714 4819; baseline -0.006 -15"><span class='ocrx_word' id='word_1_508' title='bbox 919 4743 1008 4819; x_wconf 87' lang='lat' dir='ltr'>giam</span> <span class='ocrx_word' id='word_1_509' title='bbox 1023 4741 1063 4803; x_wconf 92' lang='lat' dir='ltr'>de</span> <span class='ocrx_word' id='word_1_510' title='bbox 1078 4742 1173 4803; x_wconf 89' lang='lat' dir='ltr'>nocte</span> <span class='ocrx_word' id='word_1_511' title='bbox 1189 4756 1263 4801; x_wconf 91' lang='lat' dir='ltr'>cum</span> <span class='ocrx_word' id='word_1_512' title='bbox 1283 4738 1478 4816; x_wconf 89' lang='lat' dir='ltr'>quibusdam</span> <span class='ocrx_word' id='word_1_513' title='bbox 1498 4739 1714 4815; x_wconf 89' lang='lat' dir='ltr'>comphcibus</span> 
     </span>
     <span class='ocr_line' id='line_1_82' title="bbox 920 4835 1716 4915; baseline -0.003 -15"><span class='ocrx_word' id='word_1_514' title='bbox 920 4839 989 4901; x_wconf 90' lang='lat' dir='ltr'>suis</span> <span class='ocrx_word' id='word_1_515' title='bbox 1002 4839 1184 4915; x_wconf 87' lang='lat' dir='ltr'>ingressus,</span> <span class='ocrx_word' id='word_1_516' title='bbox 1194 4853 1314 4898; x_wconf 86' lang='lat' dir='ltr'>novem</span> <span class='ocrx_word' id='word_1_517' title='bbox 1326 4851 1446 4898; x_wconf 87' lang='lat' dir='ltr'>vaccas</span> <span class='ocrx_word' id='word_1_518' title='bbox 1466 4836 1499 4897; x_wconf 89' lang='lat' dir='ltr'>et</span> <span class='ocrx_word' id='word_1_519' title='bbox 1515 4835 1597 4897; x_wconf 90' lang='lat' dir='ltr'>duos</span> <span class='ocrx_word' id='word_1_520' title='bbox 1613 4851 1716 4913; x_wconf 88' lang='lat' dir='ltr'>equos</span> 
     </span>
     <span class='ocr_line' id='line_1_83' title="bbox 921 4933 1715 5014; baseline -0.004 -13"><span class='ocrx_word' id='word_1_521' title='bbox 921 4952 1035 5002; x_wconf 87' lang='lat' dir='ltr'>eorum</span> <span class='ocrx_word' id='word_1_522' title='bbox 1050 4951 1110 5014; x_wconf 93' lang='lat' dir='ltr'>pro</span> <span class='ocrx_word' id='word_1_523' title='bbox 1122 4934 1230 5013; x_wconf 89' lang='lat' dir='ltr'>pastu,</span> <span class='ocrx_word' id='word_1_524' title='bbox 1243 4934 1329 4996; x_wconf 87' lang='lat' dir='ltr'>sicut</span> <span class='ocrx_word' id='word_1_525' title='bbox 1342 4933 1482 5007; x_wconf 88' lang='lat' dir='ltr'>dicebat,</span> <span class='ocrx_word' id='word_1_526' title='bbox 1499 4949 1559 4996; x_wconf 89' lang='lat' dir='ltr'>suo</span> <span class='ocrx_word' id='word_1_527' title='bbox 1574 4935 1715 4998; x_wconf 90' lang='lat' dir='ltr'>Domino</span> 
     </span>
     <span class='ocr_line' id='line_1_84' title="bbox 921 5031 1717 5111; baseline -0.003 -15"><span class='ocrx_word' id='word_1_528' title='bbox 921 5034 1082 5111; x_wconf 88' lang='lat' dir='ltr'>denegato</span> <span class='ocrx_word' id='word_1_529' title='bbox 1096 5033 1260 5095; x_wconf 80' lang='lat' dir='ltr'>violenter</span> <span class='ocrx_word' id='word_1_530' title='bbox 1274 5031 1422 5094; x_wconf 79' lang='lat' dir='ltr'>abduxit.</span> <span class='ocrx_word' id='word_1_531' title='bbox 1440 5034 1527 5105; x_wconf 89' lang='lat' dir='ltr'>Quos</span> <span class='ocrx_word' id='word_1_532' title='bbox 1540 5047 1607 5093; x_wconf 92' lang='lat' dir='ltr'>non</span> <span class='ocrx_word' id='word_1_533' title='bbox 1624 5033 1717 5109; x_wconf 91' lang='lat' dir='ltr'>prius</span> 
     </span>
     <span class='ocr_line' id='line_1_85' title="bbox 922 5130 1718 5211; baseline -0.005 -16"><span class='ocrx_word' id='word_1_534' title='bbox 922 5133 1096 5211; x_wconf 88' lang='lat' dir='ltr'>episcopus</span> <span class='ocrx_word' id='word_1_535' title='bbox 1117 5131 1319 5192; x_wconf 88' lang='lat' dir='ltr'>memoratus</span> <span class='ocrx_word' id='word_1_536' title='bbox 1342 5130 1498 5201; x_wconf 89' lang='lat' dir='ltr'>restituit,</span> <span class='ocrx_word' id='word_1_537' title='bbox 1525 5145 1629 5208; x_wconf 91' lang='lat' dir='ltr'>usque</span> <span class='ocrx_word' id='word_1_538' title='bbox 1652 5146 1718 5207; x_wconf 92' lang='lat' dir='ltr'>quo</span> 
     </span>
     <span class='ocr_line' id='line_1_86' title="bbox 923 5228 1724 5308; baseline -0.006 -15"><span class='ocrx_word' id='word_1_539' title='bbox 923 5232 955 5294; x_wconf 87' lang='lat' dir='ltr'>ei</span> <span class='ocrx_word' id='word_1_540' title='bbox 970 5230 1032 5292; x_wconf 86' lang='lat' dir='ltr'>luit</span> <span class='ocrx_word' id='word_1_541' title='bbox 1043 5245 1103 5308; x_wconf 91' lang='lat' dir='ltr'>pro</span> <span class='ocrx_word' id='word_1_542' title='bbox 1123 5229 1356 5306; x_wconf 88' lang='lat' dir='ltr'>procuratione</span> <span class='ocrx_word' id='word_1_543' title='bbox 1379 5228 1493 5306; x_wconf 89' lang='lat' dir='ltr'>petita,</span> <span class='ocrx_word' id='word_1_544' title='bbox 1512 5229 1544 5289; x_wconf 89' lang='lat' dir='ltr'>et</span> <span class='ocrx_word' id='word_1_545' title='bbox 1569 5229 1724 5290; x_wconf 86' lang='lat' dir='ltr'>detento-</span> 
     </span>
     <span class='ocr_line' id='line_1_87' title="bbox 922 5316 1717 5405; baseline -0.005 -15"><span class='ocrx_word' id='word_1_546' title='bbox 922 5316 1168 5405; x_wconf 75' lang='lat' dir='ltr'>rumexpensis</span> <span class='ocrx_word' id='word_1_547' title='bbox 1183 5327 1378 5405; x_wconf 79' lang='lat' dir='ltr'>animalium</span> <span class='ocrx_word' id='word_1_548' title='bbox 1391 5343 1451 5403; x_wconf 90' lang='lat' dir='ltr'>pro</span> <span class='ocrx_word' id='word_1_549' title='bbox 1467 5342 1536 5387; x_wconf 89' lang='lat' dir='ltr'>suae</span> <span class='ocrx_word' id='word_1_550' title='bbox 1559 5323 1717 5386; x_wconf 82' lang='lat' dir='ltr'>uolunta-</span> 
     </span>
     <span class='ocr_line' id='line_1_88' title="bbox 923 5421 1720 5498; baseline -0.005 -10"><span class='ocrx_word' id='word_1_551' title='bbox 923 5427 966 5489; x_wconf 90' lang='lat' dir='ltr'>tis</span> <span class='ocrx_word' id='word_1_552' title='bbox 999 5425 1138 5488; x_wconf 88' lang='lat' dir='ltr'>arbitrio</span> <span class='ocrx_word' id='word_1_553' title='bbox 1171 5424 1387 5487; x_wconf 80' lang='lat' dir='ltr'>satisfactum.</span> <span class='ocrx_word' id='word_1_554' title='bbox 1424 5422 1582 5484; x_wconf 91' lang='lat' dir='ltr'>Nolentes</span> <span class='ocrx_word' id='word_1_555' title='bbox 1617 5421 1720 5498; x_wconf 89' lang='lat' dir='ltr'>igitur</span> 
     </span>
     <span class='ocr_line' id='line_1_89' title="bbox 924 5519 1721 5586; baseline -0.005 0"><span class='ocrx_word' id='word_1_556' title='bbox 924 5523 1263 5586; x_wconf 89' lang='lat' dir='ltr'>Praemonstratenses</span> <span class='ocrx_word' id='word_1_557' title='bbox 1276 5521 1395 5584; x_wconf 85' lang='lat' dir='ltr'>fratres</span> <span class='ocrx_word' id='word_1_558' title='bbox 1405 5522 1519 5582; x_wconf 89' lang='lat' dir='ltr'>contra</span> <span class='ocrx_word' id='word_1_559' title='bbox 1529 5519 1657 5582; x_wconf 87' lang='lat' dir='ltr'>indulta</span> <span class='ocrx_word' id='word_1_560' title='bbox 1671 5521 1721 5582; x_wconf 88' lang='lat' dir='ltr'>eis</span> 
     </span>
     <span class='ocr_line' id='line_1_90' title="bbox 925 5615 1722 5699; baseline -0.009 -15"><span class='ocrx_word' id='word_1_561' title='bbox 925 5637 945 5684; x_wconf 93' lang='lat' dir='ltr'>a</span> <span class='ocrx_word' id='word_1_562' title='bbox 961 5619 1045 5684; x_wconf 87' lang='lat' dir='ltr'>Sede</span> <span class='ocrx_word' id='word_1_563' title='bbox 1059 5621 1248 5699; x_wconf 80' lang='lat' dir='ltr'>apostolica</span> <span class='ocrx_word' id='word_1_564' title='bbox 1261 5617 1437 5696; x_wconf 89' lang='lat' dir='ltr'>privilegia</span> <span class='ocrx_word' id='word_1_565' title='bbox 1454 5617 1635 5690; x_wconf 88' lang='lat' dir='ltr'>molestari,</span> <span class='ocrx_word' id='word_1_566' title='bbox 1650 5615 1722 5678; x_wconf 89' lang='lat' dir='ltr'>dis-</span> 
     </span>
    </p>
   </div>
   <div class='ocr_carea' id='block_1_21' title="bbox 0 0 2027 6324">
    <p class='ocr_par' dir='ltr' id='par_1_23' title="bbox 0 0 2027 6324">
     <span class='ocr_line' id='line_1_91' title="bbox 0 0 2027 6324; baseline 0 0"><span class='ocrx_word' id='word_1_567' title='bbox 0 0 2027 6324; x_wconf 95' lang='lat' dir='ltr'> </span> 
     </span>
    </p>
   </div>
  </div>
 </body>
</html>
