4106 6328
268 391 305 454 11
674 345 679 352 ’
734 393 1452 461 16116611111691116-6611191116.
1881 410 1922 471 12

268 553 321 614 ias
349 570 447 632 quern
478 555 580 618 semel
608 555 802 634 repleverit,
839 557 1067 620 invincibilem
1122 559 1238 622 beatus
1252 563 1397 622 ioannes
1421 557 1626 637 evangelista
1648 561 1680 624 et
1706 561 1823 623 Daniel
1840 577 1922 639 pro-

268 650 388 714 reddit.
405 653 499 718 Unde
522 655 556 716 et
580 654 697 718 beatus
716 655 909 720 Ambrosius
925 675 962 718 :a
978 657 1067 718 Cha·
1123 657 1232 736 pheta.
1248 658 1399 720 Secunda
1415 659 1643 722 tessaradecas
1659 659 1826 736 significat
1840 659 1921 738 quia

270 749 354 810 ritas
362 752 552 828 qrraedeseri
562 754 678 830 potest,
695 770 875 832 numquam
886 754 1066 817 veretalia>
1122 772 1181 834 per
1193 759 1329 818 Beatam
1348 757 1488 817 Mariam
1504 757 1664 819 habemus
1678 759 1820 821 fructum
1836 773 1923 834 qua-

311 849 391 910 Item
419 850 590 912 sciendum
620 852 705 930 qnod
722 852 810 942 ¹istae
834 855 1066 928 generationes
1121 856 1199 917 tuor
1213 855 1466 930 Evangelierum
1479 857 1512 917 et
1524 855 1790 918 observationem
1806 857 1921 916 decem

269 945 460 1022 significant
474 950 625 1012 eoelestes
645 950 879 1013 beatitudines
899 952 1067 1013 Abraham
1122 953 1279 1028 legalium
1295 953 1535 1016 mandatorum.
1565 957 1676 1016 Tertia
1690 956 1921 1016 tessaradecas

270 1045 326 1122 qui
349 1046 588 1125 interpretatur
615 1051 715 1112 Pater
743 1050 859 1112 videns
896 1052 1065 1129 populum,
1123 1051 1290 1127 signifieat
1304 1053 1382 1130 quia
1396 1069 1455 1129 per
1466 1054 1602 1114 Beatam
1617 1053 1758 1115 Mariam
1774 1069 1922 1130 compre-

269 1142 475 1208 demonstrat
498 1147 593 1208 nobis
613 1148 698 1224 quod
723 1151 811 1210 Deus
827 1149 927 1210 Pater
945 1149 1068 1212 videbit
1123 1149 1303 1211 hendemns
1319 1167 1393 1212 eum
1406 1151 1558 1213 omnibus
1580 1152 1705 1214 sanctis
1721 1167 1794 1229 qnae
1810 1151 1854 1212 sit
1867 1151 1922 1211 la-

269 1256 330 1303 nos
344 1243 449 1304 oeulis
462 1245 577 1320 gloriae
592 1263 660 1306 snae
674 1247 822 1308 incaelis.
838 1247 928 1309 Vidit
939 1264 1069 1325 semper
1122 1247 1239 1320 titudo,
1256 1249 1438 1325 longitudo,
1453 1249 1638 1312 sublimitas
1660 1252 1694 1312 et
1708 1249 1919 1327 protundum,

270 1339 489 1416 glorificando
502 1360 581 1420 n0s3
599 1345 632 1406 et
647 1345 1066 1424 sientpaterdiligitillios,
1124 1346 1209 1408 sicui
1224 1347 1304 1408 dicit
1317 1348 1494 1424 Apostolus
1513 1347 1610 1427 (Eph.
1633 1363 1683 1420 111,
1711 1345 1760 1420 18)
1784 1363 1858 1424 quae
1878 1347 1924 1408 sit

270 1439 318 1500 ita
333 1440 405 1518 ipse
420 1441 536 1518 diliget
551 1458 611 1504 nos
632 1443 665 1504 et
688 1442 790 1506 saciet
809 1444 959 1506 haeredes
977 1461 1066 1517 suos,
1123 1443 1262 1506 latitudo
1291 1445 1475 1518 eharitatis,
1500 1446 1595 1520 idest,
1622 1461 1721 1523 quam
1747 1445 1859 1522 ampla
1878 1444 1923 1506 sit

271 1535 308 1598 ut
321 1537 503 1600 habeamus
524 1541 696 1618 paternam
715 1542 956 1615 haereditatem,
974 1546 1069 1620 eujus
1124 1543 1362 1619 charitasque
1382 1545 1469 1604 Deus
1488 1543 1597 1620 diligit
1612 1559 1687 1619 nos3
1705 1559 1778 1621 quae
1794 1543 1837 1604 sit
1852 1543 1924 1604 lon-

271 1635 381 1698 inhoe
391 1638 514 1700 mundo
527 1639 738 1716 amplectitur
749 1641 957 1703 charitatem.
975 1642 1069 1703 Unde
1123 1640 1248 1716 gitudo,
1272 1640 1366 1712 idest,
1393 1642 1562 1703 aeternitas
1585 1643 1621 1702 in
1648 1657 1714 1720 qua
1739 1639 1924 1703 vivificabit

270 1735 466 1811 Apostolus:
487 1741 655 1800 Haeredes
671 1741 809 1814 paridem
823 1743 897 1813 Dei,
914 1745 1068 1803 cobaere—
1124 1755 1199 1814 nos;
1224 1755 1297 1816 qum
1316 1739 1360 1800 sit
1379 1739 1575 1812 sublimitas,
1601 1740 1697 1813 idest,
1720 1741 1866 1817 potestas
1885 1739 1923 1798 in

270 1835 1070 1919 etesaaterae'hrtsti(Remum,17).Isaaequi
1125 1853 1188 1914 qua
1205 1837 1404 1913 glorificabit
1430 1854 1509 1913 nos3
1534 1838 1621 1916 qnod
1646 1839 1689 1900 sit
1707 1835 1921 1915 protundum,

270 1931 510 2010 interpretatur
545 1935 649 2008 risus,
691 1936 858 2012 signifieat
899 1938 1067 2013 gaudium,
1124 1936 1219 2008 idest,
1235 1937 1400 2012 sapientia
1423 1936 1463 1996 de
1483 1952 1547 2013 qua
1562 1937 1703 2014 replebit
1718 1952 1790 1998 nos.
1805 1933 1922 1996 Habe-

273 2031 360 2108 quod
377 2031 539 2093 habemus
563 2033 599 2094 in
619 2033 808 2097 coelestibus
829 2036 869 2097 de
883 2037 1070 2098 salvatione
1125 2051 1198 2094 mus
1219 2036 1318 2096 etiam
1341 2051 1400 2112 per
1422 2036 1558 2096 Beatam
1582 2036 1722 2096 Mariam
1748 2035 1923 2094 denarium

272 2131 397 2202 nostra,
414 2131 448 2193 91
466 2131 506 2192 de
528 2132 658 2194 visione
676 2133 800 2196 divina.
829 2135 924 2197 Unde
940 2135 1067 2197 David:
1125 2135 1258 2194 aeternae
1286 2133 1525 2206 retributionis
1554 2135 1587 2195 et
1618 2134 1666 2194 sic
1699 2149 1759 2210 per
1785 2135 1923 2193 Beatam

272 2229 498 2290 Iiiaeteraaai
516 2232 729 2306 adsultabant,
753 2235 787 2295 et
808 2234 1011 2296 inhabitabis
1032 2236 1070 2294 ie
1124 2231 1265 2292 Mariam
1285 2233 1320 2292 in
1344 2233 1499 2309 praesenti
1515 2232 1674 2294 habemus
1688 2231 1774 2292 dena
1790 2231 1921 2306 gratia,

272 2341 325 2398 ea,
340 2341 360 2388 o
374 2331 477 2400 Beier,
495 2332 554 2404 aaa·
565 2345 603 2391 es
616 2336 679 2392 tiae
693 2347 779 2394 cera
793 2329 896 2412 (Psal.
914 2333 943 2404 5,
955 2329 1018 2411 12).
1032 2333 1071 2394 Et
1124 2332 1157 2391 ei
1168 2330 1203 2390 in
1216 2329 1326 2391 tuturo
1342 2329 1428 2392 dona
1444 2331 1587 2392 eoelestis
1598 2329 1724 2407 gloriae.
1741 2332 1816 2406 Ipso
1831 2329 1926 2406 adju·

272 2424 379 2486 alibi:
401 2428 617 2489 Baattabaat
634 2431 746 2491 saneti
764 2434 801 2491 ia
822 2434 944 2508 pieria,
972 2433 1071 2492 taeta-
1124 2431 1223 2490 vante
1242 2429 1297 2506 qui
1319 2427 1402 2491 vivit
1429 2429 1461 2491 ei
1480 2429 1598 2505 regnat
1618 2431 1706 2489 Deus
1728 2444 1787 2507 per
1809 2426 1924 2488 omnia

273 2526 401 2586 beatio·
421 2529 634 2588 tractabilibus
652 2531 737 2600 sata,
756 2528 853 2602 idest,
874 2531 911 2590 in
932 2529 1069 2590 aeternis
1125 2526 1247 2588 saecula
1263 2527 1471 2588 saeculorum.
1481 2531 1597 2589 Amen.

272 2621 511 2684 mansionibus
527 2623 629 2686 Jacob
652 2625 708 2702 qui
729 2628 966 2704 interpretatur
985 2644 1069 2704 sup-

271 2721 438 2798 plantator
453 2721 620 2798 significat
643 2723 730 2800 quod
754 2741 885 2803 semper
900 2725 1068 2802 supplau—
1500 2707 1540 2793 Π

270 2819 583 2882 tabimUSissimiCOS
605 2822 736 2884 HOStl'OS
756 2825 830 2900 POSt
848 2824 1071 2894 resurrectio·
1126 2859 1170 2921 IN
1198 2859 1528 2921 PURIFICATIONE
1553 2859 1704 2920 BEATAE
1732 2859 1924 2922 VIRGINIS

273 2933 381 2980 noma
406 2921 473 2980 Deo
497 2920 742 2983 condemnatos.
770 2922 864 2984 Unde
885 2923 1070 2984 Malachiae

276 3017 467 3099 Propheta:
477 3021 694 3095 Epredtmtat
706 3021 919 3082 etcaieabttts
933 3025 1068 3096 iiiiptos,
1443 2976 1596 3037 MARIAE

274 3130 353 3176 cacia
373 3117 504 3190 {herirat
528 3121 616 3178 ebais
634 3121 695 3180 sarh
708 3119 828 3192 piaraia
842 3122 970 3194 pediam
992 3136 1071 3182 aas·
1164 3119 1353 3193 Postquam
1365 3119 1522 3194 coiapieti
1542 3119 1624 3179 seat
1642 3121 1715 3180 dtas
1736 3119 1924 3195 1111196116-

275 3214 413 3276 trorum
429 3215 585 3293 (bialaoh.
608 3231 653 3289 1v,
665 3218 694 3286 2,
704 3215 750 3296 3).
769 3217 880 3278 Sancti
895 3219 1071 3293 egredien-
1126 3219 1180 3278 ais
1192 3221 1318 3278 Marica
1335 3221 1523 3280 securatam
1544 3222 1652 3294 tepeat
1672 3219 1813 3291 Moysis,
1831 3216 1924 3278 taie-

273 3312 339 3384 tur,
356 3312 452 3384 idest,
471 3314 780 3391 contemplabuntur
795 3317 958 3377 tormenta
972 3317 1069 3377 dam·
1124 3319 1205 3376 arrad
1218 3317 1336 3376 tesam
1349 3319 1590 3378 iaderasatem
1610 3315 1650 3376 at
1668 3315 1834 3377 sisterent
1843 3331 1926 3376 etim

274 3411 438 3482 natorum,
486 3413 519 3472 et
567 3413 743 3475 calcabunt
788 3414 924 3491 impios,
972 3415 1068 3486 idest,
1124 3414 1923 3490 Doaaiiie,sicatscriptzoaestiaiepeDomiat,

274 3509 541 3572 condemnabunt
562 3511 663 3587 ipsos,
689 3513 722 3572 et
747 3511 842 3588 impii
863 3514 960 3573 erunt
985 3513 1072 3575 sieut
1125 3514 1212 3584 qaod
1222 3525 1322 3572 ciriae
1331 3515 1558 3573 inescatiaaia
1569 3510 1774 3586 adaperiens
1785 3517 1925 3572 valeam
2049 3529 2050 3544 ¹

274 3607 370 3680 einis,
404 3607 499 3680 idest,
533 3608 716 3671 combustio
749 3610 837 3685 ignis
872 3611 1001 3685 aeterni,
1039 3615 1071 3674 et
1124 3609 1283 3669 satiatam
1293 3606 1922 3690 Doiiaiaoeocabitar(hue.11,22,23).
2049 3667 2050 3688 ,

274 3708 371 3769 erunt
406 3707 466 3768 sub
501 3707 639 3785 pedibus
669 3709 848 3785 justorum,
877 3709 955 3786 quia
987 3710 1071 3788 justi
1167 3706 1319 3768 bliranda
1344 3708 1476 3785 quidem
1496 3709 1529 3769 et
1552 3708 1792 3786 quodammodo
1812 3707 1925 3769 minus
2049 3765 2050 3788 ,

272 3805 369 3866 erunt
388 3805 422 3865 in
444 3806 538 3880 coelo,
563 3805 626 3884 ipsi
648 3807 759 3868 autem
782 3807 1022 3871 cruciabuntur
1033 3809 1069 3870 in
1125 3807 1356 3868 convenientia
1372 3805 1406 3867 in
1426 3807 1489 3867 hec
1513 3805 1695 3881 Evangelio
1716 3805 1922 3883 referentum
2049 3795 2050 3820 ’

273 3902 414 3964 interno.
1125 3903 1291 3978 videlieet,
1313 3904 1398 3983 quod
1415 3905 1537 3966 munda
1558 3905 1730 3980 purgatur,
1748 3903 1835 3980 quod
1850 3919 1926 3964 om-

313 4002 394 4061 Item
414 3999 584 4061 sciendum
607 4005 657 4063 est
678 4003 765 4079 quod
788 4005 822 4063 in
849 4004 912 4064 hae
928 4003 1069 4064 lectione
1124 4007 1216 4067 nium
1230 4004 1324 4065 dator
1338 4004 1445 4075 datur,
1461 4003 1546 4080 quod
1569 4003 1667 4065 homo
1683 4002 1722 4062 de
1739 4003 1843 4063 morte
1857 4002 1923 4063 lae·
2049 4023 2050 4080 j

273 4097 505 4160 describuntur
542 4100 610 4160 tres
636 4101 936 4173 tessaraedeeadm,
966 4101 1067 4173 idest,
1124 4105 1225 4175 tatur,
1241 4103 1346 4163 libera
1370 4101 1437 4176 legi
1456 4101 1645 4178 subjicitur3
1658 4100 1713 4178 qui
1728 4099 1792 4161 lert
1810 4101 1924 4162 omnia

271 4200 323 4259 tar
337 4197 597 4274 quatuordeeim.
625 4199 665 4259 Bt
689 4199 768 4259 nota
790 4198 875 4275 quod
898 4199 1006 4275 prima
1020 4200 1070 4260 est
1125 4199 1239 4270 fertur,
1264 4199 1298 4258 in
1323 4197 1502 4274 praesentia
1517 4197 1594 4258 vitae
1610 4211 1699 4256 mors
1714 4196 1921 4272 expectatur.
2049 4257 2050 4286 3

271 4295 312 4357 ab
336 4293 504 4356 Abraham
528 4311 632 4373 usque
658 4295 699 4357 ad
724 4296 841 4368 David,
877 4297 1021 4358 secunda
1049 4315 1068 4359 a
1126 4297 1189 4358 Sed
1204 4295 1311 4359 tribus
1326 4311 1368 4356 ex
1383 4295 1493 4356 catisis
1509 4293 1614 4356 voluit
1629 4293 1750 4354 munda
1766 4294 1920 4371 purgari3
2049 4311 2050 4366 3

270 4394 374 4456 ltarid
391 4409 495 4470 nsque
519 4394 559 4454 ad
585 4395 911 4470 transmigrationem
926 4395 1070 4473 Babylo·
1124 4395 1289 4466 videlieet,
1306 4411 1348 4455 ne
1368 4394 1424 4454 lex
1438 4393 1631 4465 violaretur,
1649 4408 1690 4453 na
1708 4391 1821 4453 traciae
1836 4391 1925 4468 legis
2049 4395 2050 4444 ἓ

270 4493 333 4565 nis,
353 4492 452 4554 tertia
468 4507 487 4552 a
502 4491 795 4568 transmigratione
817 4493 995 4570 Babylonis
1011 4511 1070 4555 us·
1124 4493 1368 4566 criminaretur,
1382 4494 1416 4555 et
1429 4492 1599 4554 humilitas
1616 4494 1817 4552 servaretur.
1837 4494 1925 4552 Pur-

270 4607 334 4669 qne
365 4589 406 4652 ad
429 4589 606 4651 Christum.
631 4589 743 4651 Prima
764 4591 996 4652 tessaradecas
1021 4593 1069 4653 si·
1123 4593 1201 4668 gaia
1216 4592 1266 4654 est
1281 4593 1321 4653 de
1337 4591 1471 4668 propria
1486 4589 1666 4662 voluntate,
1683 4605 1750 4650 non
1762 4589 1802 4650 de
1817 4589 1924 4650 immi-

268 4689 405 4767 gnifieat
422 4689 500 4766 qnia
517 4705 576 4766 per
592 4689 727 4750 Beatam
749 4689 891 4750 Mariam
908 4689 1068 4752 habemus
1124 4691 1222 4753 nente
1246 4690 1455 4760 necessitate,
1478 4687 1565 4766 quod
1581 4705 1649 4748 non
1670 4687 1743 4749 erat
1763 4703 1923 4749 neeessa-

269 4789 491 4866 contemptum
505 4787 748 4866 temporalium,
763 4787 795 4848 et
807 4787 1067 4851 destructionem
1123 4789 1174 4850 ria
1203 4788 1389 4866 purificatio
1417 4785 1473 4846 ubi
1504 4803 1570 4847 non
1599 4788 1817 4863 praecesserat
1846 4803 1924 4848 eor-

267 4889 458 4950 mortalium
474 4888 661 4948 criminum.
679 4889 764 4948 Nam
779 4887 975 4963 temporalia
992 4891 1068 4951 sunt
1122 4888 1243 4964 ruptio.
1273 4888 1310 4948 In
1336 4903 1376 4947 6ο
1404 4885 1490 4962 quod
1515 4885 1666 4946 Christus
1702 4883 1852 4956 offertur,
1889 4886 1924 4946 et

267 4988 303 5047 in
329 4987 469 5064 quatuor
490 4985 673 5057 elementis,
697 4986 730 5046 et
750 4985 905 5048 mortalia
925 4987 1066 5048 erimina
1123 4984 1374 5047 omniumdator
1388 4983 1494 5057 datur,
1509 4982 1751 5045 consideranda
1764 4982 1814 5044 est
1829 4983 1924 5060 lega-

267 5085 380 5147 decem
396 5082 628 5145 describuntur
649 5082 690 5143 ab
705 5084 873 5160 apostole,
891 5084 947 5146 ubi
963 5085 1042 5148 dicit
1058 5109 1064 5148 :
1122 5084 1203 5145 lium
1219 5083 1458 5162 praeceptorum
1473 5082 1625 5154 historia,
1640 5081 1676 5142 ut
1689 5097 1732 5142 ex
1744 5083 1794 5142 eis
1806 5083 1923 5143 traha-

265 5186 384 5258 Neaae
402 5184 596 5257 sbrriieartt,
616 5195 724 5254 lacerae
746 5185 842 5243 idetis
861 5185 1064 5258 sarcitector,
1121 5185 1176 5246 tur
1189 5182 1372 5253 moralitas,
1388 5181 1538 5257 inspecta
1554 5179 1726 5256 allegoria.

266 5297 375 5355 aeoae
389 5281 549 5352 caratteri,
573 5293 682 5352 itroire
705 5285 831 5353 aaoiies,
849 5295 1067 5355 1199999196-
1162 5280 1316 5356 Legimus
1340 5280 1375 5339 in
1400 5279 1472 5354 lege
1496 5279 1633 5355 Moysis,
1660 5277 1748 5355 quod
1762 5276 1923 5340 Dominus

266 5379 932 5453 6119161666116611119166,6996616166,
957 5395 1066 5456 ireque
1123 5379 1281 5456 praecepit
1307 5377 1385 5438 tiliis
1411 5377 1513 5438 lsrael
1540 5377 1576 5436 ut
1599 5375 1719 5436 mulier
1744 5393 1818 5453 quae
1842 5393 1922 5437 sus-

266 5481 379 5550 aoart,
407 5479 1067 5552 1169669111661.11966911161611161,116-
1121 5478 1216 5556 cepto
1242 5477 1368 5545 semine
1391 5475 1456 5535 riri
1479 5475 1611 5550 pareret
1635 5474 1829 5546 masculum,
1859 5473 1925 5534 im-

264 5592 329 5652 eae
350 5590 495 5651 rapaces
520 5591 669 5652 reperim
687 5579 752 5637 Dei
773 5581 992 5651 possidebant
1006 5595 1017 5638 :
1037 5577 1065 5658 (1
1122 5576 1243 5638 munda
1268 5561 1356 5636 esset
1380 5573 1496 5634 diebus
1521 5573 1657 5651 septem,
1683 5572 1714 5632 et
1737 5572 1790 5634 die
1806 5573 1922 5633 octavo

266 5677 339 5736 Cor.
361 5691 407 5746 rr,
433 5672 477 5753 9).
504 5676 583 5736 Haec
607 5675 720 5736 deeem
745 5677 899 5738 mortalia
924 5677 1064 5738 erimina
1121 5673 1420 5736 circumsederetur
1448 5687 1541 5750 pluer.
1574 5673 1648 5748 Ipsa
1673 5686 1754 5732 vero
1783 5671 1920 5746 triginta

265 5775 341 5838 sunt
356 5774 469 5836 decem
494 5789 618 5836 cornua
640 5773 768 5845 bestiae,
791 5791 889 5853 quam
905 5775 1061 5838 describit
1120 5773 1225 5836 tribus
1250 5771 1364 5832 dielars
1392 5771 1467 5832 aliis
1492 5769 1674 5832 abstineret
1697 5768 1737 5830 ab
1764 5770 1920 5845 ingressu
