3960 6304
100 367 139 430 53
734 365 965 429 EPISTOLAE.
988 364 1068 426 LIB.
1089 363 1114 424 1.
1708 359 1748 421 54

100 526 230 603 trisque
257 513 522 600 successoribus·
541 525 574 588 et
605 524 733 588 11111611
761 543 897 603 perma-

100 626 214 686 neant.
253 626 291 684 ln
321 624 440 701 quibus
469 624 541 684 baec
569 624 714 701 propriis
740 624 896 685 duximus

100 721 318 799 exprimenda
333 720 515 784 vocabulis.

139 821 264 881 Locum
279 820 398 896 ipsum,
415 820 450 880 in
466 835 530 896 quo
545 819 739 897 praedictum
755 835 892 881 monas-

98 917 222 978 terium
245 917 345 978 sitnm
365 917 415 978 est
429 933 503 978 cum
525 916 677 978 omnibus
699 916 896 994 adjacentiis

98 1015 130 1075 et
144 1014 357 1092 pertinentiis
382 1014 462 1086 sule,
479 1029 553 1075 cum
569 1015 730 1083 ecclesiis,
753 1015 786 1076 61
804 1014 894 1088 61116,

98 1129 173 1190 quae
198 1111 240 1174 ad
261 1110 348 1173 idem
372 1112 609 1174 monasterium
629 1113 795 1192 pertinere
816 1128 896 1176 nos-

98 1211 231 1271 cuntur.

137 1307 379 1368 Monasterium
393 1309 426 1368 S.
444 1307 561 1369 Salvii.

136 1404 376 1466 Monasterium
402 1406 435 1466 S.
464 1404 636 1468 Trinitatis
657 1404 698 1467 de
712 1405 892 1468 Florentia.

135 1502 378 1564 Monasterium
395 1501 561 1564 Strumen.

136 1599 379 1661 Monasterium
399 1599 440 1660 de
460 1599 581 1674 066116,
606 1601 639 1662 61
663 1601 695 1663 S.
723 1601 839 1663 Jacobi
854 1600 895 1662 de

92 1696 254 1758 Castalio.

133 1793 377 1856 Monasterium
400 1795 441 1856 de
465 1793 682 1868 Passiniano,
712 1795 746 1857 61
769 1797 802 1857 S.
825 1797 893 1858 Mi-

90 1891 222 1952 chaelis
240 1891 402 1964 deseris,
419 1891 505 1954 etde
517 1893 693 1969 Alphian0.

130 1990 375 2051 Monasterium
396 1989 437 2051 de
459 1989 655 2064 cultubono,
673 1991 706 2054 et
727 1990 767 2052 da
782 1992 894 2056 Monte

91 2087 198 2148 Pisis.

131 2183 377 2245 Monasterium
409 2185 450 2246 de
493 2185 765 2261 Montescalario,
793 2185 893 2249 etde

91 2282 244 2342 Nerana.

132 2380 378 2441 Monasterium
392 2379 432 2442 de
445 2380 579 2444 Ficiclo.

131 2475 375 2536 Monasterium
390 2476 430 2537 de
443 2477 622 2554 cappiano.

130 2573 376 2634 Monasterium
392 2576 424 2634 S.
446 2575 539 2634 Pauli
553 2575 678 2636 Pisani.

132 2671 173 2730 In
190 2669 358 2738 Sardinia,
373 2673 406 2731 S.
423 2671 598 2733 Michaelis
615 2672 656 2733 de
671 2671 821 2734 Plaiano.

132 2767 376 2828 Monasterium
393 2770 426 2829 S.
442 2769 616 2830 Michaelis
639 2769 679 2831 de
706 2769 890 2833 Salveniro.

131 2866 171 2924 In
194 2863 354 2937 Arborea,
365 2867 398 2926 S.
417 2865 590 2928 Michaelis
605 2867 645 2928 de
659 2867 771 2931 Monte
785 2871 891 2930 Ercu-

93 2963 199 3023 lente.

130 3059 376 3121 Monasterium
391 3063 424 3122 S.
440 3060 612 3137 ingelida
634 3062 789 3125 Pistorio

132 3157 376 3218 Monasterium
391 3156 432 3218 de
447 3159 623 3220 Pacciano.

129 3253 374 3316 Monasterium
389 3257 422 3315 S.
434 3255 549 3316 Mariae
562 3255 602 3316 de
617 3257 728 3319 Prato.

130 3351 373 3428 Monasterium
396 3350 435 3414 de
450 3355 590 3430 Vajanc.

130 3448 375 3510 Monasterium
410 3449 450 3510 da
481 3449 607 3528 Opleto,
648 3451 681 3514 61
715 3453 755 3514 de
778 3453 891 3516 Monte

90 3546 211 3607 Plane.

130 3643 374 3708 Monasterium
385 3644 425 3705 de
436 3645 540 3706 Fonte
554 3645 712 3708 Theonis.

129 3739 374 3800 Monasterium
389 3739 430 3800 de
443 3742 602 3802 Muscato.

128 3836 374 3897 Monasterium
385 3835 425 3898 de
440 3838 551 3898 Monte
562 3837 709 3900 Armate.

129 3933 374 3994 Monasterium
390 3936 423 3994 S.
443 3935 586 3996 Ceciliae.

129 4029 374 4092 Monasterium
388 4033 421 4092 S.
436 4033 623 4108 Reparatae.

130 4127 376 4190 Monasterinm
385 4127 424 4188 de
437 4130 610 4191 Trecento.

129 4225 374 4286 Monasterium
392 4225 433 4286 de
446 4226 610 4303 Crispino.

129 4323 373 4385 Monasterium
386 4323 426 4384 de
441 4325 616 4386 hazzuolo.

130 4419 378 4482 Monasterium
391 4422 424 4480 S.
442 4421 616 4498 Sepulchri
631 4421 671 4484 de
684 4423 800 4501 Papia.

130 4517 373 4579 Monasterium
388 4517 429 4578 de
448 4519 532 4580 Rivo
547 4521 689 4581 cesaris.

131 4613 374 4676 Monasterium
396 4614 436 4676 de
448 4617 570 4678 Cuneo.

131 4711 375 4773 Monasterium
388 4711 428 4773 de
440 4713 551 4774 Turri.

131 4809 375 4871 Monasterium
389 4809 429 4871 de
442 4811 597 4887 Caprilia.

131 4905 373 4968 Monasterium
395 4909 428 4967 S.
452 4907 622 4969 Benedicti
641 4909 682 4970 de
706 4909 888 4974 Placentia.

132 5004 375 5065 Monasterium
391 5004 432 5065 de
447 5005 558 5066 Herba
569 5007 689 5067 amata.

132 5101 374 5162 Monasterium
390 5101 430 5162 de
443 5105 610 5164 cavanna.

133 5197 374 5259 Monasterium
400 5201 432 5258 S.
455 5200 666 5261 Mercurialis
688 5201 888 5264 Forolivien.

135 5295 377 5356 Monasterium
392 5295 432 5356 de
447 5297 605 5357 Novaria.

134 5393 377 5454 Monasterium
390 5392 430 5453 de
442 5393 616 5454 Vercellis.

134 5489 374 5550 Monasterium
390 5489 429 5550 da
444 5493 462 5552 J
465 5506 563 5552 anua.

135 5587 374 5648 Monasterium
391 5589 423 5648 S.
441 5588 537 5650 Pauli
552 5589 592 5650 de
607 5589 769 5651 Terdona.

136 5683 375 5746 Monasterium
392 5685 424 5746 S
440 5684 556 5748 Jacobi
567 5687 795 5752 Taurinensis.

990 523 1230 588 Monasterium
1243 520 1392 584 Brixien.
1683 591 1685 602 Ι

991 621 1229 685 Monasterium
1266 623 1299 682 S.
1328 617 1502 681 Trinitatis
1531 614 1745 680 Veronensis.

991 719 1228 782 Monasterium
1244 720 1276 780 S.
1290 717 1416 795 vigilii.

990 815 1231 880 Monasterium
1245 819 1441 892 Bergomen.

989 914 1229 977 Monasterium
1245 913 1466 975 Mediolanen.

989 1011 1227 1075 Monasterinm
1243 1013 1276 1074 S.
1293 1010 1507 1088 Carpophori.

990 1111 1229 1173 Monasterium
1243 1109 1356 1171 Asten.

990 1207 1227 1270 Monasterium
1244 1209 1277 1268 S.
1290 1205 1388 1282 Angli
1400 1202 1590 1283 luniperiti.
1694 1229 1697 1236 ·

989 1305 1228 1368 Monasterium
1245 1307 1277 1366 S.
1297 1302 1512 1379 sigismundi.

988 1403 1228 1466 Monasterium
1244 1404 1276 1462 S.
1292 1401 1407 1462 Mariae
1423 1399 1463 1461 de
1478 1400 1650 1460 Flumana.

989 1500 1228 1563 Monasterium
1245 1501 1278 1560 S.
1294 1499 1410 1560 Mariae
1425 1497 1466 1558 de
1482 1499 1617 1558 Serena.

988 1598 1227 1661 Monasterium
1244 1599 1276 1657 S.
1293 1596 1408 1658 Mariae
1419 1595 1460 1656 de
1474 1597 1593 1655 Dorea.

989 1695 1228 1758 Monasterium
1242 1695 1274 1756 S.
1292 1693 1383 1754 Petri
1398 1693 1438 1752 de
1453 1689 1664 1766 Prolongeia.

990 1793 1229 1856 Monasterium
1253 1791 1293 1852 de
1317 1790 1518 1861 Latronore,
1545 1789 1577 1850 61
1599 1787 1635 1847 11
1655 1783 1744 1847 Urbe

951 1891 1190 1953 monasterium
1207 1891 1240 1950 S.
1255 1887 1428 1949 Praxedis.
1448 1886 1599 1947 Castrum
1613 1884 1653 1945 de
1668 1885 1743 1944 Ma-

949 1990 1048 2066 gnale
1063 2005 1138 2050 61111
1157 1987 1261 2060 curta,
1278 1985 1429 2048 ecclesiis
1444 1984 1477 2046 et
1495 1982 1646 2045 omnibus
1666 1995 1744 2060 per-

948 2088 1099 2149 tinentiis
1112 2086 1193 2148 suis.

987 2185 1226 2249 Monasterium
1239 2181 1280 2245 da
1292 2181 1423 2260 Ripule,
1440 2196 1513 2243 cum
1533 2175 1742 2257 pertinentiis

948 2299 1029 2346 surs.

884 2375 885 2380 ’
987 2381 1171 2444 libertates
1184 2381 1216 2442 et
1228 2379 1454 2440 immunitates
1476 2391 1496 2437 a
1516 2373 1743 2452 1111666666-

947 2479 1040 2540 ribus
1056 2479 1178 2540 nostris
1200 2477 1288 2539 16116.
1304 2475 1432 2538 record.
1448 2474 1594 2544 Victore,
1615 2473 1742 2546 Grego-

947 2577 1000 2639 rio
1022 2579 1093 2646 VIl,
1117 2576 1250 2638 Urbano
1272 2577 1313 2647 ll,
1339 2572 1513 2644 Paschals,
1534 2568 1739 2640 innocentio,

947 2674 1106 2752 Euganio,
1140 2671 1346 2744 Alexandro,
1376 2670 1490 2742 Lucio,
1514 2666 1648 2730 Urbano
1676 2667 1739 2744 111,

947 2773 1133 2844 Caelestino,
1143 2774 1242 2848 atque
1251 2769 1455 2840 Innocentio,
1465 2763 1742 2829 RomanisPonti·

947 2869 1165 2932 ficibusvobis
1180 2868 1335 2938 indultas,
1346 2866 1380 2927 et
1391 2880 1496 2942 usque
1511 2864 1552 2925 ad
1565 2863 1637 2924 haec
1653 2863 1739 2923 tem-

946 2984 1028 3046 pora
1056 2966 1193 3045 pacifice
1210 2963 1433 3036 confirmatae,
1454 2961 1544 3023 ratas
1566 2959 1737 3032 habemus,

946 3065 979 3128 61
1012 3080 1069 3128 666
1102 3063 1299 3126 auctoritate
1329 3059 1523 3139 Apostolica
1558 3057 1739 3120 confirma-

946 3178 1030 3224 mus.

987 3263 1074 3321 Sane
1093 3257 1245 3320 laborum
1266 3258 1464 3329 vestrorum,
1489 3270 1572 3334 quos
1596 3253 1739 3332 propriis

945 3357 1109 3429 manibus,
1133 3357 1189 3418 aut
1215 3355 1398 3433 sumptibus
1416 3353 1535 3426 6611116,
1554 3353 1595 3413 de
1612 3367 1741 3428 posses-

945 3455 1095 3516 sionibus
1118 3453 1240 3515 habitis
1264 3453 1342 3515 ante
1362 3451 1544 3514 Concilium
1570 3448 1737 3526 generale,

945 3553 1016 3615 6116
1031 3553 1071 3613 de
1082 3552 1200 3623 1161116,
1217 3551 1249 3613 61
1263 3549 1430 3626 virgultis,
1449 3549 1481 3610 61
1500 3545 1739 3625 piscationibus

944 3649 1075 3722 1661116,
1091 3647 1146 3709 161
1160 3647 1200 3709 de
1219 3647 1431 3708 nutrimentis
1453 3644 1648 3706 animalium
1662 3657 1740 3704 166-

944 3748 1083 3817 trorum,
1114 3745 1171 3806 aut
1192 3744 1293 3805 etiam
1314 3743 1354 3804 de
1376 3742 1561 3813 novalibus,
1585 3739 1696 3799 nullus
1718 3754 1739 3799 a

944 3843 1038 3904 vobis
1050 3842 1196 3904 decimas
1212 3841 1359 3916 exigere,
1374 3838 1426 3899 161
1440 3839 1636 3915 extorquere
1652 3851 1740 3913 prae-

945 3939 1064 4002 sumat.
1086 3939 1201 4000 Liceat
1221 3937 1325 4009 vobis,
1342 3936 1518 4004 colericos,
1534 3934 1587 3996 161
1615 3933 1737 4005 161666,

944 4037 1067 4098 liberos
1090 4036 1122 4098 et
1137 4033 1481 4106 absolutos‚esaeculo
1503 4030 1677 4108 fugientes,
1697 4030 1738 4090 ad

841 4157 844 4164 ·
945 4134 1195 4196 conversionem
1210 4133 1370 4210 recipere,
1392 4131 1424 4193 et
1443 4147 1500 4192 eos
1515 4131 1639 4207 absque
1658 4143 1740 4190 con-

945 4231 1142 4294 tradictione
1157 4231 1269 4308 aliqua
1284 4230 1439 4291 retinere.

985 4327 1077 4390 Nulli
1101 4344 1231 4405 quoque
1253 4327 1353 4390 liceat
1369 4325 1503 4403 aliquod
1522 4325 1641 4387 vestrae
1658 4322 1740 4384 rali-

945 4425 1054 4502 gionis
1068 4425 1306 4486 monasterium
1320 4441 1341 4485 a
1353 4423 1417 4486 loci
1431 4423 1483 4484 sui
1496 4421 1675 4483 stabilitate
1690 4436 1740 4481 re·

944 4523 1079 4594 vellere,
1094 4539 1134 4584 ac
1148 4537 1293 4594 movere,
1308 4521 1380 4581 sine
1401 4519 1530 4581 abbatis
1548 4519 1580 4580 et
1599 4533 1740 4593 congre-

945 4619 1089 4696 gationis
1111 4619 1278 4682 communi
1301 4633 1477 4680 consensu.
1494 4616 1668 4678 Sancimus
1683 4615 1739 4674 in-

946 4733 1056 4795 super,
1077 4718 1114 4778 ut
1130 4716 1213 4777 nulli
1230 4716 1459 4792 episcoporum
1476 4712 1527 4774 116
1548 4712 1643 4773 sitin
1666 4727 1737 4784 166,

945 4812 1309 4884 excommunicationis,
1325 4811 1379 4872 161
1401 4808 1579 4881 interdicti,
1606 4809 1741 4870 senten-

945 4912 1026 4973 tiam
1041 4910 1264 4987 promulgare,
1288 4908 1324 4970 ut
1344 4907 1455 4984 quiin
1477 4905 1639 4984 speciales
1660 4905 1740 4967 estis

945 5008 1033 5070 tilios
1047 5007 1246 5084 Apostolicae
1261 5006 1355 5067 Sedis
1370 5005 1541 5081 assumpti,
1557 5003 1681 5066 nullius
1694 5003 1741 5064 al-

945 5106 1053 5169 161116
1063 5105 1226 5183 judicium
1238 5105 1362 5165 temere
1376 5103 1534 5164 subeatis.

986 5204 1185 5275 8111161166,
1201 5204 1238 5263 11
1252 5202 1399 5262 omnium
1421 5201 1653 5278 praedictorum
1669 5215 1741 5260 mo-

944 5301 1167 5362 nasteriorum
1189 5301 1298 5376 caput,
1319 5299 1405 5376 quod
1420 5299 1454 5359 in
1468 5298 1563 5360 Valle
1578 5297 1738 5358 Umbrosa

945 5398 1044 5458 situm
1059 5399 1109 5459 661
1123 5397 1362 5458 monasterium
1378 5395 1549 5457 habeatur.

986 5497 1073 5557 Sane
1095 5511 1169 5556 cum
1188 5495 1350 5557 terminus
1371 5495 1448 5554 vitae
1467 5479 1592 5568 pastori
1614 5493 1737 5564 vestro,

945 5593 1057 5654 divina
1073 5593 1299 5669 dispositione,
1315 5591 1501 5666 contigerit,
1516 5589 1572 5667 qui
1582 5591 1654 5667 ejns
1666 5589 1739 5651 loco

946 5690 1193 5753 substituendus
1225 5690 1343 5764 116111,
1367 5688 1445 5767 quia
1466 5687 1574 5761 vobis,
1604 5687 1638 5751 61
1662 5687 1738 5750 aliis
