3960 6304
69 390 105 451 37
683 381 912 444 EPISTOLAE.
934 381 1014 444 LIB.
1038 383 1063 442 1.
1654 381 1696 442 38

68 545 123 624 ipsi
137 541 313 622 operisicut
334 557 374 602 ea
391 541 482 619 juste
496 539 643 617 possidet
663 541 697 602 et
720 541 841 618 quiete,

67 641 248 705 auctoritate
260 638 448 717 Apostollca
460 637 704 710 confirmamus,
712 637 744 699 et
757 653 845 714 prae-

68 741 156 801 sentis
170 736 279 814 scripti
295 735 479 814 patrocinio
490 734 844 796 communimus.anli

68 853 145 912 ergo,
168 837 240 908 etc,
266 835 389 896 nostrae
418 833 690 903 confirmationis,
719 832 782 893 etc.
810 832 845 892 Si

69 933 253 1010 quisautem,
268 931 329 992 etc.
346 932 465 993 Datum
479 928 694 1002 Laterani,VI
707 927 776 989 kal.
793 944 845 990 oo

69 1030 167 1104 tobris,
177 1028 387 1107 pontificatus
400 1029 508 1090 nostri
521 1043 609 1090 anno
624 1027 742 1104 primo.

364 1259 533 1346 XXVIII

135 1476 183 1536 Ad
200 1475 492 1550 ercniepiscopcm
511 1474 764 1534 dublinensem.

347 1585 562 1661 1966111116.
633 1653 636 1660 ,

122 1711 241 1772 [theiner.
268 1714 434 1764 blonnmenia
458 1713 594 1774 Iliberrim,
618 1723 645 1773 p·
665 1707 690 1768 ἵ,
710 1709 784 1775 13].

70 1853 287 1930 Arcitepueopo:
298 1854 476 1926 bublinensi,
490 1865 521 1916 ut
540 1833 680 1932 vagantes
696 1856 848 1931 religiosos

100 1948 130 2006 61
162 1946 372 2006 observandam
401 1947 543 2022 regularis
577 1945 734 2021 olsciplinu
766 1961 845 2004 com·

100 2039 185 2110 pellat.

101 2180 350 2258 Arcbiepiscopo
363 2177 568 2252 Dublinensi,
580 2179 765 2242 venerabili
779 2177 850 2240 ira-

71 2279 115 2350 lri,
127 2279 289 2341 Honorius
304 2278 489 2355 episcopus,
507 2279 658 2340 salntem.

103 2377 187 2436 Curae
210 2375 389 2452 pastoralis
409 2374 678 2448 sollicitudinem,
695 2389 794 2452 quam
813 2373 849 2433 in

69 2476 96 2534 tc
112 2473 215 2549 vigere
230 2471 463 2550 prospicimus,
480 2473 515 2533 in
530 2473 670 2534 Domino
686 2487 850 2534 commen-

70 2570 179 2644 dantes,
200 2569 398 2632 anctoritate
418 2570 479 2631 tibi
499 2570 712 2647 praesentium
735 2569 849 2630 indul-

72 2683 179 2742 gemus,
192 2669 291 2745 juxta
306 2667 392 2745 quod
407 2683 427 2728 6
444 2667 539 2729 nobis
552 2667 723 2730 humiliter
734 2666 850 2744 postu-

71 2764 148 2838 lasti,
171 2767 204 2828 nt
216 2766 394 2842 religiosos
416 2766 451 2826 in
467 2766 606 2828 diversis
633 2765 762 2827 cellulis
783 2764 849 2826 tuae

72 2861 231 2936 provinciae
248 2861 505 2933 commorantes,
522 2862 571 2922 uti
586 2862 720 2938 propter
734 2859 848 2922 defec-

72 2957 130 3018 tum
142 2958 370 3036 temporalium
386 2958 555 3020 conuersis
569 2958 767 3034 vagantibus
784 2973 849 3019 non

74 3053 247 3118 observatur
261 3056 392 3118 ordinis
407 3055 595 3133 disciplina,
611 3055 849 3117 deliberatione

71 3154 189 3227 prouida
220 3155 254 3216 in
292 3170 394 3216 unum
420 3153 528 3231 possis
557 3154 666 3215 locum
694 3153 850 3215 idoneum

72 3264 264 3329 congregare,
289 3250 416 3313 ordinis
431 3251 675 3314 observantiam
700 3252 741 3312 16
764 3251 848 3312 reli-

74 3347 223 3420 giosorum
249 3350 287 3412 et
311 3349 509 3427 prudentum
536 3349 683 3411 virorum
710 3338 850 3411 consilio

73 3442 229 3508 instituens
258 3447 295 3508 in
328 3447 455 3519 eodem,
482 3447 655 3522 religionis
683 3446 850 3524 professos

73 3557 122 3616 per
143 3543 273 3606 diversa
295 3545 370 3606 loca
398 3546 558 3620 vagantes
584 3544 626 3606 ad
648 3545 850 3608 monasteria

72 3653 121 3700 sua
146 3643 250 3705 redire
280 3658 342 3720 per
372 3657 546 3704 censuram
574 3643 849 3715 ecclesiasticam,

73 3738 273 3812 appellatione
281 3739 477 3817 postposita,
489 3739 850 3818 compellendo.Datum

72 3831 219 3910 Laterani,
246 3840 293 3898 lli
321 3836 481 3898 kalendas
510 3837 665 3910 octobris,
682 3837 852 3914 pontifica-

72 3931 116 3990 tus
126 3935 223 3996 nostri
238 3950 329 3996 anno
343 3935 462 4013 primo.

390 4177 517 4264 1111(
590 4143 595 4152 ’

74 4375 115 4435 dd
135 4381 317 4444 eumenem
337 4383 390 4444 tit.
411 4385 446 4444 S.
465 4383 612 4444 Martini
637 4385 852 4445 cardinalem

224 4479 538 4554 apostolicaesedis
556 4479 719 4557 iocatum.

353 4593 389 4651 30
401 4599 474 4665 sept.
493 4591 571 4651 1111.

108 4709 222 4776 ingess,
238 4715 286 4768 lib.
298 4717 318 4774 i,
329 4715 402 4780 epist.
415 4715 455 4766 2⁷.
466 4743 499 4754 -
510 4717 637 4782 bouquet,
647 4717 750 4769 liecueil
763 4717 808 4768 des

273 4795 420 4856 historiens,
431 4802 451 4847 t.
462 4795 530 4856 XIX,
539 4811 564 4862 p.
577 4797 644 4860 ola]

77 4923 211 5006 ludovico,
226 4937 350 5011 Philippi
368 4939 447 5014 regis
471 4938 529 4996 tilio
552 4939 582 4997 in
604 4939 710 5014 AnglIa
733 4941 853 4998 viriliter

102 5032 158 5078 11111
179 5026 319 5098 diiunctis
340 5027 394 5086 sibi
413 5027 568 5086 baronibus
589 5036 704 5102 agente,
724 5031 852 5103 legatum

105 5105 235 5172 Honorius
254 5123 354 5174 monet
373 5131 458 5188 qnam
483 5117 629 5176 moderate
650 5125 679 5175 et
699 5126 782 5176 caute
801 5134 852 5192 pro

107 5201 218 5276 loanne',
227 5219 298 5280 rege
310 5205 347 5263 sit
361 5205 515 5279 agendum.

109 5349 265 5412 Honorius
277 5349 502 5427 episcopus...,
522 5348 642 5413 dilecto
656 5349 726 5413 illio
738 5353 852 5415 nostro

81 5443 129 5502 d.¹
148 5447 230 5509 tituli
258 5447 371 5509 Sancti
386 5447 521 5508 Martini
544 5445 652 5525 presb.
676 5449 850 5524 cardinali,

80 5541 256 5616 lposionoae
273 5545 366 5607 Sedis
382 5545 501 5622 legato,
523 5547 585 5607 etc.

109 5727 242 5788 'Gualoni

937 539 1080 603 Litteras
1095 541 1187 618 quas·
1198 535 1304 600 felicis
1317 537 1486 602 memorias
1502 541 1694 602 Innocentio

900 637 1135 714 praedecessori
1147 638 1260 699 nostro
1270 637 1327 696 tua
1337 636 1493 700 discretio
1504 638 1693 709 destinavit,

898 735 1032 796 interim
1046 733 1197 795 corebus
1220 733 1374 795 humanis
1387 737 1550 812 exempto,
1565 735 1606 796 ad
1622 735 1697 797 oili-

899 831 989 892 cium
1005 831 1124 892 summi
1144 832 1354 908 pontificatus
1373 834 1533 911 assumpti
1557 835 1696 911 paterna

899 926 1103 1004 benignitate
1126 928 1323 1005 recepimus,
1339 930 1372 989 et
1393 919 1698 992 earum'continen-

899 1026 979 1088 tiam
1003 1027 1189 1088 notavimus
1217 1026 1395 1102 diligenter
1421 1043 1521 1104 super
1543 1029 1632 1104 regis
1663 1028 1697 1090 et

899 1125 995 1200 regni
1015 1123 1197 1200 Anglorum
1213 1123 1457 1186 calamitatibus
1473 1127 1505 1186 et
1517 1127 1696 1202 pressuris,

901 1237 940 1284 ac
961 1221 1152 1299 specialiter
1167 1237 1267 1298 super
1286 1220 1468 1290 laboribus,
1484 1223 1646 1298 angustiis
1666 1226 1699 1285 et

900 1318 1169 1381 tribulationibus
1197 1318 1282 1388 tuis,
1309 1317 1406 1380 nobis
1431 1319 1609 1381 insinuatis
1640 1337 1700 1398 per

901 1416 988 1488 illas,
1010 1414 1119 1477 debito
1148 1415 1361 1477 condolentes
1384 1415 1521 1486 affectu,
1545 1433 1644 1494 super
1667 1419 1700 1480 te

901 1514 1046 1592 amplius
1077 1513 1191 1590 utique
1223 1513 1377 1586 dolituri,
1409 1513 1475 1574 nisi
1503 1513 1700 1591 legissemus

900 1611 978 1672 illos
1002 1626 1076 1672 esse
1095 1611 1209 1673 beatos
1225 1611 1281 1688 qui
1306 1611 1538 1673 tribulationes
1565 1615 1701 1690 propter

898 1709 1062 1786 justitiam
1074 1709 1261 1786 patiuntur;
1273 1709 1379 1771 uirtus
1395 1709 1557 1786 siquidem
1570 1711 1701 1787 prolicit

902 1807 937 1867 in
951 1805 1101 1868 61161616
1122 1807 1155 1868 61
1174 1806 1210 1867 in
1235 1806 1426 1869 infirmitate
1450 1807 1631 1884 perficitur,
1656 1809 1698 1882 et,

902 1905 989 1966 sicut
1003 1920 1122 1966 aurum
1137 1903 1172 1964 in
1187 1905 1276 1980 igne,
1291 1904 1386 1966 sicin
1400 1905 1626 1968 tribulationis
1639 1922 1700 1968 ca-

902 2002 992 2063 mino
1015 2002 1068 2063 vir
1088 2002 1183 2064 fortis
1206 2002 1290 2064 nitet
1311 1987 1515 2078 splendidius
1530 2004 1563 2066 et
1577 2003 1701 2081 proba-

903 2101 967 2162 tur.
985 2099 1090 2174 Unde,
1116 2116 1190 2162 cnm
1214 2101 1350 2178 propter
1368 2101 1534 2178 Justitiam
1561 2103 1594 2164 et
1619 2102 1700 2164 obe-

903 2198 1061 2259 dientiam
1083 2198 1234 2275 patiaris,
1255 2198 1401 2260 dubitari
1421 2214 1486 2261 non
1508 2199 1604 2262 debet
1620 2200 1701 2277 quin

904 2297 1042 2358 multum
1055 2296 1117 2358 tibi
1131 2297 1300 2358 accrescat
1319 2298 1351 2357 et
1370 2296 1477 2358 laudis
1490 2297 1577 2373 apud
1592 2297 1703 2358 bomi-

903 2410 962 2455 nes
979 2395 1013 2456 et
1027 2394 1137 2456 meriti
1160 2393 1247 2470 apud
1271 2395 1386 2466 Deum,
1403 2393 1449 2455 ita
1472 2393 1570 2471 quod,
1587 2394 1701 2456 divina

904 2490 1079 2552 clementia
1098 2489 1196 2551 dante
1215 2489 1267 2549 bis
1283 2488 1393 2559 finem,
1410 2491 1443 2550 et
1462 2489 1495 2550 te
1509 2489 1608 2550 rebus
1624 2507 1700 2552 ser-

903 2588 1001 2649 vante
1012 2586 1178 2658 secundis,
1192 2586 1311 2648 borum
1322 2585 1500 2663 aliquando
1510 2587 1702 2650 meminisse

899 2685 1040 2763 juvabit,
1066 2685 1099 2746 et
1126 2699 1200 2762 quae
1227 2700 1315 2744 nunc
1340 2683 1401 2746 tibi
1427 2685 1504 2746 sunt
1527 2700 1646 2762 aspera
1669 2687 1702 2748 et

904 2799 1030 2855 amara,
1049 2798 1151 2843 suave
1177 2796 1217 2843 ac
1240 2780 1336 2842 dulce
1360 2781 1433 2854 erit,
1451 2798 1525 2842 cum
1540 2783 1571 2844 te
1587 2783 1701 2860 portus

903 2879 1157 2958 tranquillitatis
1185 2878 1368 2957 exceperit,
1398 2895 1584 2941 recensere.
1616 2883 1703 2943 Sane

904 2979 1063 3041 nuncium
1077 2978 1170 3039 tuum
1182 2977 1224 3038 ad
1237 2977 1269 3040 te
1284 2977 1453 3038 remittere
1468 2978 1615 3054 tempore
1629 2979 1704 3041 lon-

904 3093 945 3154 go
961 3075 1161 3148 distulimus,
1181 3075 1411 3152 exspectantes
1430 3075 1465 3136 ut
1479 3075 1552 3152 ipse
1568 3092 1705 3154 proces-

905 3191 961 3235 sus
976 3174 1134 3252 temporis
1150 3172 1323 3234 materiam
1337 3172 1431 3235 nobis
1446 3173 1541 3236 daret
1557 3174 1617 3236 tibi
1634 3174 1702 3235 ali-

904 3273 983 3349 quid
1005 3273 1128 3334 certius
1149 3269 1374 3345 rescribendi;
1400 3271 1457 3332 sed
1482 3271 1612 3333 demum
1637 3289 1703 3334 non

904 3369 1046 3432 vidimus
1068 3368 1154 3448 quod
1174 3368 1265 3430 aliud
1279 3367 1339 3429 tibi
1355 3367 1396 3428 ad
1411 3385 1558 3445 praesens
1579 3371 1704 3431 rescri-

904 3467 983 3529 bere
997 3468 1180 3539 raleamus,
1195 3467 1262 3528 nisi
1275 3467 1312 3527 ut
1326 3466 1507 3527 secundum
1521 3466 1587 3528 diei
1605 3468 1704 3528 mali-

906 3566 986 3627 tiam
1000 3567 1033 3628 et
1045 3564 1361 3626 circumsonantium
1381 3564 1544 3625 turbinem
1557 3566 1705 3642 tempes-

905 3665 1010 3724 tatum
1023 3678 1114 3723 more
1126 3662 1182 3723 tuo
1196 3662 1228 3723 te
1241 3676 1339 3737 geras
1351 3661 1495 3722 viriliter
1509 3663 1542 3722 et
1559 3662 1705 3738 pruden-

905 3761 966 3833 ter,
983 3775 1033 3832 ac,
1047 3760 1140 3822 velut
1160 3759 1245 3820 alter
1261 3759 1407 3834 ulysses,
1423 3758 1571 3820 adversis
1590 3774 1704 3820 rerum

905 3856 1139 3919 immersabilis
1155 3855 1263 3928 undis,
1278 3855 1379 3932 hujus
1391 3854 1487 3931 quasi
1507 3856 1705 3932 peregrina-

905 3957 1006 4019 tionis
1030 3955 1178 4018 laborem
1202 3954 1313 4016 animo
1336 3953 1502 4015 sustineas
1522 3954 1702 4028 indefesso,

907 4055 1010 4116 donec
1022 4055 1079 4116 ille
1093 4054 1149 4132 qui
1162 4053 1203 4115 de
1218 4069 1278 4114 sua
1290 4053 1461 4130 sperantes
1475 4053 1705 4114 misericordia

907 4169 973 4216 non
997 4152 1165 4230 relinquit,
1185 4151 1340 4228 dignetur
1362 4151 1452 4212 116111
1473 4150 1569 4211 nobis
1591 4151 1624 4213 et
1644 4151 1705 4212 tibi

907 4252 1008 4313 aliam
1023 4251 1173 4328 aperire3
1200 4249 1333 4310 interim
1348 4264 1368 4309 a
1383 4248 1478 4309 nobis
1500 4249 1611 4309 omnia
1626 4263 1706 4326 pos-

906 4350 1018 4411 tulans
1040 4349 1112 4409 sine
1135 4348 1225 4409 metu
1248 4346 1402 4424 repulsae,
1419 4362 1492 4423 quae
1511 4347 1579 4423 peti
1598 4362 1704 4423 expe-

907 4446 1006 4508 dierit
1033 4448 1066 4507 et
1093 4444 1242 4516 concedi,
1271 4443 1381 4504 certus
1409 4441 1495 4518 quod
1524 4457 1584 4504 nos
1611 4443 1704 4504 illins

907 4543 1056 4606 caritatis
1080 4559 1145 4621 qna
1168 4544 1202 4603 te
1225 4541 1348 4602 dudum
1376 4538 1555 4614 amplexati
1582 4539 1704 4601 fuimus

906 4659 973 4704 non
992 4642 1214 4712 immemores,
1233 4639 1268 4698 in
1291 4635 1456 4698 desiderio
1479 4637 1626 4711 gerimus
1647 4639 1704 4698 tua

907 4740 972 4801 frui
1000 4738 1178 4816 praesentia
1204 4734 1385 4812 corporali,
1417 4733 1450 4794 61
1475 4733 1582 4794 omnis
1611 4749 1705 4796 mora

907 4836 1001 4898 nobis
1022 4837 1120 4911 longa
1137 4833 1354 4908 videturquae
1377 4829 1502 4892 invidet
1520 4831 1706 4893 1611611611-

906 4934 999 5006 tiam,
1017 4949 1092 4994 cum
1105 4930 1191 4991 nibil
1207 4929 1288 4990 satis
1310 4927 1485 4990 festinetur
1506 4927 1617 4990 animo
1642 4945 1704 4991 cu-

907 5032 1022 5112 pienti.

948 5133 1051 5192 Porro
1067 5128 1107 5190 de
1122 5125 1336 5204 petitionibus
1348 5126 1426 5198 tuis,
1441 5125 1537 5187 nobis
1551 5141 1610 5203 per
1624 5142 1708 5203 pree·

908 5229 1051 5290 sentium
1072 5226 1265 5304 portitorem
1280 5222 1449 5306 exiribitis,
1464 5225 1623 5301 quasdam
1646 5225 1707 5285 ad-

907 5327 1070 5397 misimus,
1094 5323 1126 5386 et
1148 5323 1307 5400 quasdam
1331 5323 1466 5399 propter
1491 5321 1543 5382 sui
1567 5322 1705 5384 nimiam

907 5424 1104 5500 gravitatem
1124 5438 1190 5483 non
1212 5421 1366 5481 duximus
1388 5419 1619 5492 admittendas,
1637 5421 1706 5482 fra-

909 5522 1015 5585 tribus
1031 5521 1154 5583 1661116
1170 5521 1291 5597 praeter
1301 5518 1476 5578 admodum
1491 5534 1614 5594 paucos
1631 5533 1708 5580 con·

909 5620 1053 5682 corditer
1065 5616 1293 5688 sentientibus,
1307 5631 1381 5676 esse
1394 5614 1429 5676 in
1438 5615 1539 5677 tantis
1550 5617 1705 5691 negotiis

910 5717 1094 5797 praesertim
1109 5717 1172 5778 boc
1183 5717 1341 5793 tempore,
1358 5711 1561 5776 moderatius
1583 5729 1706 5794 proce-
