4014 6312
870 379 1045 443 HONORII
1069 383 1111 443 111
1134 384 1282 446 OPERA.
1848 395 1909 458 aitis

577 571 739 660 xxxvl

256 745 308 805 Aa
322 743 494 818 episcopos
514 757 581 818 ρει·
595 745 788 805 Marclaiam
802 745 1056 807 Anconitanum

547 842 761 902 constitutos.

542 971 579 1030 25
598 979 671 1046 sept.
694 973 771 1031 till.

256 1101 406 1166 [Bullatium
419 1101 572 1158 Romanum,
585 1099 625 1148 ed.
643 1099 758 1158 Taurini,
772 1104 791 1149 t.
805 1099 846 1160 lll,
858 1115 883 1166 p.
894 1099 950 1160 328,
966 1115 991 1150 n.
1004 1099 1055 1164 lb]

259 1235 308 1292 Eis
322 1233 419 1292 scribit
435 1231 471 1290 de
486 1233 658 1290 Fanensicm
670 1247 826 1306 eorumque
845 1235 992 1308 potestatis
1005 1233 1053 1292 lll-

291 1321 414 1395 bergetti
439 1321 606 1392 insolentia;
626 1323 796 1380 sententiam
821 1324 1052 1380 excommunica-

291 1411 378 1466 tionis
390 1409 540 1468 confirmat
550 1409 749 1482 episcopisque
762 1409 880 1467 mandat
890 1418 921 1466 ιιι
931 1411 1054 1484 singulis

291 1497 392 1556 diebus
407 1496 559 1556 dominicis
577 1506 605 1556 at
622 1497 730 1556 festivis
745 1497 806 1558 baec
821 1499 986 1558 solemniter
1000 1515 1052 1572 pu·

291 1587 408 1644 bliccnt.

298 1723 464 1784 Honorius
477 1723 661 1801 episcopus,
675 1741 790 1785 servus
800 1739 972 1786 serrorum
981 1720 1052 1796 Ilei,

259 1819 504 1882 venerabilibus
520 1820 677 1883 iratribus
701 1823 866 1898 episcopis
889 1838 948 1899 per
962 1824 1055 1883 Mar·

256 1918 365 1978 chiam
400 1918 640 1980 anconitanam
677 1919 875 1991 constitutis
913 1919 1053 1980 salutem

257 2018 291 2078 et
304 2016 520 2092 apostolicam
537 2015 811 2077 benedictionem.
854 2081 859 2084 ,

297 2114 1053 2191 PropbaniFanensiumactusinnuunt,immo

257 2211 433 2273 manifesta
460 2211 631 2273 declarant
654 2211 729 2272 illos
763 2227 836 2273 esse
868 2213 987 2273 timore
1014 2227 1053 2274 ac

256 2324 370 2371 amore
385 2308 489 2370 divini
504 2309 648 2370 nominis
665 2301 806 2381 saeuos,
830 2311 873 2381 et,
890 2309 976 2387 quod
999 2309 1054 2369 in-

256 2408 316 2470 riti
337 2422 385 2469 ac
410 2407 559 2468 dolentes
592 2406 743 2480 dicimus,
775 2407 935 2484 reprobos
963 2407 1053 2468 circa

257 2505 367 2578 tidem,
384 2521 485 2583 quum
507 2505 541 2565 in
561 2505 719 2566 ecclesias
737 2521 776 2566 ac
791 2506 826 2566 in
848 2505 1055 2567 ecclesiasti-

258 2619 314 2665 cos
336 2603 426 2664 viros
445 2603 591 2665 saevitias
611 2603 686 2663 illas
701 2605 880 2665 exerceant
901 2602 1052 2680 aquibus

257 2700 400 2762 abstinet
412 2700 512 2760 etiam
527 2699 641 2761 feritas
664 2717 879 2777 paganorum.
897 2700 948 2761 Illi
964 2700 1052 2761 enim

257 2799 330 2859 loca
359 2799 473 2859 sancta
502 2814 617 2874 quum,
644 2799 788 2874 peccatis
822 2797 1050 2874 exigentibus,

256 2896 434 2957 traduntur
453 2895 487 2955 in
506 2894 659 2956 manibus
678 2896 880 2965 eorumdem,
904 2895 976 2957 sine
998 2910 1055 2956 re-

256 2993 406 3054 verentia
433 2993 557 3066 tenent,
583 2995 615 3056 et
641 2992 726 3055 lcrte
758 2994 882 3056 rituum
914 3009 1052 3054 sucrum

256 3091 407 3170 polluunt
429 3090 658 3165 immunditiis,
682 3092 718 3152 bi
741 3093 851 3154 autem
867 3107 906 3153 ea
922 3092 1052 3167 penitus

256 3189 429 3266 dissipant,
442 3190 476 3252 et
488 3191 650 3262 evertunt,
662 3190 747 3251 sicut
756 3190 863 3250 ruinae
874 3191 1052 3250 Forcsem-

258 3287 447 3365 proniensis
488 3286 638 3348 acclesiae
673 3287 908 3364 protestantur.
946 3289 1050 3360 Quum

256 3400 337 3448 uero
355 3385 616 3462 expectaremus,
633 3384 670 3444 ut
687 3384 787 3446 iidem
805 3386 972 3445 Fanenses
997 3401 1052 3445 re-

257 3484 428 3544 currentes
448 3483 489 3543 ad
516 3483 669 3560 proprias
694 3483 925 3554 conscientias,
949 3484 982 3544 et
1000 3482 1052 3544 ol-

255 3578 383 3642 iensam
398 3580 457 3642 Dei
472 3595 512 3642 ac
528 3581 837 3658 sedisapostolicae
855 3581 1048 3657 cogitantes,

256 3678 356 3740 saluti
369 3678 556 3740 animarum
579 3695 715 3740 suarum
730 3679 918 3750 consulere,
939 3679 974 3740 ut
996 3693 1052 3739 sa-

255 3776 451 3838 tissaciendc
474 3777 514 3837 de
537 3777 716 3854 impietatis
734 3776 926 3855 hujusmodl
946 3776 1052 3838 sacri-

254 3873 360 3950 legio,
397 3877 430 3936 et
458 3873 585 3935 absolui
620 3875 662 3936 ab
696 3874 1056 3954 excommunicationis

255 3972 431 4044 sententia,
448 3972 661 4049 quapropter
678 3972 741 4034 boc
759 3974 837 4034 sunt
858 3973 965 4048 ligati,
983 3971 1050 4032 bu-

255 4069 379 4131 mililer
389 4070 584 4146 postulando
597 4091 604 4144 ;
621 4070 686 4147 ipsi
697 4070 792 4146 quasi
804 4073 918 4132 contra
933 4072 1048 4142 Deum,

255 4168 288 4229 et
303 4167 442 4228 salutem
462 4167 628 4243 propriam
647 4168 864 4244 conJurarint,
881 4183 957 4229 ecce
979 4183 1051 4228 ma-

254 4263 446 4340 nusimpias
459 4265 693 4324 converterunt
703 4264 736 4324 ln
747 4265 876 4326 uiscera
888 4265 1049 4326 Fanensis

254 4361 405 4423 ecclesiae
425 4361 540 4424 matris
558 4377 638 4429 suae,
655 4362 762 4439 primo
778 4363 928 4425 ecclesia
944 4364 1049 4441 ipsius

254 4460 444 4522 bominibus
457 4460 648 4521 exactiones
663 4459 828 4522 indebitas
849 4461 883 4522 et
896 4461 1049 4523 insolitas

253 4559 423 4636 imponere
445 4557 630 4630 molientes,
647 4559 679 4621 et
697 4559 845 4620 eamdem
861 4559 1047 4629 ecclesiam,

253 4673 327 4735 quae
341 4657 417 4718 illos
433 4657 466 4716 in
480 4656 666 4718 libertatem
682 4656 827 4718 tiliorum
847 4658 918 4730 Dei,
942 4673 1050 4734 quan·

252 4757 321 4817 tum
331 4755 366 4816 in
378 4755 449 4832 ipsa
462 4757 523 4827 est,
537 4755 662 4832 genuit,
678 4755 867 4832 satagentes
883 4755 1048 4834 subjicere

252 4852 415 4915 servituti.
428 4855 599 4931 Quumque
612 4853 813 4916 venerabilis
823 4852 1048 4916 fraternoster

252 4950 412 5012 Fanensis
429 4950 603 5027 episcopus
614 4949 838 5027 albergettum
851 4953 1046 5029 potestatem

251 5049 284 5110 et
296 5048 563 5109 communitatem
578 5049 761 5110 Fanensem
772 5050 905 5126 rogaret
917 5065 956 5110 ac
971 5065 1046 5111 mc-

252 5145 346 5207 neret
366 5144 519 5220 henigne,
545 5147 582 5206 ut
603 5145 644 5206 ab
668 5144 856 5223 hujusmodi
875 5149 1046 5224 gravami-

250 5242 346 5304 nibus
368 5241 582 5310 abstinerent,
608 5257 708 5319 quum
733 5244 879 5321 ejusdem
896 5245 1046 5308 ecclesiae

249 5341 401 5402 homiues
423 5339 465 5400 ab
479 5355 594 5401 eorum
615 5339 763 5402 collectis
785 5343 1047 5419 permansissent

249 5439 410 5500 hactenus
425 5436 521 5500 liberi
536 5437 755 5512 etlmmunes,
772 5441 804 5501 et
818 5440 890 5518 ipse
903 5443 959 5518 qui
974 5457 1047 5504 cru·

248 5537 438 5612 casignatus
459 5538 509 5597 est
528 5537 676 5613 gaudere
697 5537 831 5600 deberet
846 5540 1044 5601 immunita-

247 5634 291 5696 tis
310 5634 485 5711 privilegio
512 5635 753 5712 crucesignatis
775 5636 915 5710 indulte,
937 5640 1046 5700 moni-

247 5731 393 5792 tionibus
417 5732 586 5808 praedictis
610 5733 781 5811 adjiciens,
804 5737 840 5797 ut
854 5737 952 5812 juxta
976 5738 1045 5800 sta-

1112 544 1180 605 tuta
1188 545 1354 621 generalis
1364 547 1504 609 concilii
1513 553 1709 612 recocarent
1718 554 1908 618 sanctiones

1112 641 1242 719 iniquas
1263 645 1481 722 praesumptas
1506 649 1621 709 contra
1645 649 1908 714 ecclesiasticam

1111 739 1315 816 libertatem3
1343 743 1499 819 praelatus
1520 744 1729 822 Albergettus
1747 749 1908 812 obturans

1111 841 1184 914 ejus
1194 839 1295 914 justis
1311 842 1344 902 et
1353 841 1541 903 salubribus
1557 844 1690 906 monitis
1703 861 1802 907 autres
1816 863 1907 919 suaS,

1111 938 1254 998 aetolos
1275 953 1391 1000 sensus
1415 955 1492 1001 suos
1512 957 1678 1003 exacuens
1698 942 1732 1003 in
1758 945 1908 1021 ejusdem

1110 1033 1256 1111 episcopi
1287 1034 1444 1113 injuriam
1468 1039 1500 1099 et
1523 1053 1715 1114 gravamen,
1732 1043 1909 1118 quemdam

1111 1131 1215 1209 ipsius
1241 1133 1403 1212 bajulum,
1427 1135 1482 1214 qui
1503 1151 1562 1214 pro
1588 1153 1628 1198 ec
1646 1137 1731 1214 quod
1762 1140 1796 1200 in
1817 1157 1911 1201 com-

1112 1232 1213 1293 missa
1247 1231 1311 1293 sibi
1344 1233 1633 1297 administratione
1665 1252 1701 1297 se
1729 1237 1913 1299 infideliter

1110 1332 1269 1406 gesserat,
1286 1332 1326 1393 ad
1341 1331 1484 1392 dandum
1499 1332 1607 1394 eidem
1620 1333 1796 1412 quamdam
1812 1353 1914 1413 pecu·

1111 1429 1175 1489 niae
1202 1429 1418 1507 quantitatem
1447 1431 1660 1508 semetipsum
1685 1433 1906 1504 astrinxerat,

1110 1525 1195 1587 datis
1217 1527 1480 1604 fidejussoribus,
1502 1529 1534 1590 et
1553 1529 1700 1606 praestito
1717 1533 1913 1607 juramento

1110 1639 1195 1685 novo
1219 1626 1374 1701 potentiae
1396 1641 1528 1702 genere,
1557 1625 1690 1705 abipso
1715 1631 1914 1705 jnrameutc

1110 1719 1261 1795 absolvit,
1286 1723 1536 1800 fidejussoribus
1557 1723 1643 1787 datis
1659 1725 1700 1786 ab
1715 1741 1754 1786 ec
1779 1727 1911 1788 nihilo-

1110 1819 1218 1880 minus
1234 1820 1405 1893 absolutis,
1422 1837 1461 1884 ac
1480 1821 1599 1883 deinde
1621 1823 1700 1884 iecit
1713 1839 1773 1900 per
1784 1824 1913 1886 civita-

1109 1919 1174 1978 tem
1200 1933 1282 1980 voee
1305 1920 1470 1996 praeconis
1494 1920 1660 1993 interdici,
1679 1937 1722 1983 ne
1744 1922 1820 1999 quis
1845 1922 1911 2000 ipsi

1108 2015 1264 2093 episcopo
1289 2016 1342 2076 uel
1360 2020 1432 2094 ejus
1457 2016 1593 2079 tamiliae
1615 2018 1819 2095 loqueretur,
1849 2023 1913 2082 aut

1109 2115 1158 2175 eis
1186 2114 1363 2191 quidquam
1393 2116 1536 2178 vendere
1562 2117 1759 2188 attentaret,
1793 2119 1913 2179 etsie

1109 2211 1216 2287 coegit
1231 2212 1381 2273 eumdem
1394 2229 1468 2274 cum
1480 2215 1548 2276 tota
1563 2213 1688 2276 familia
1708 2231 1768 2276 sca
1785 2213 1912 2291 viginti

1109 2307 1235 2370 duobus
1250 2309 1366 2370 diebus
1386 2311 1482 2387 quasi
1499 2309 1668 2372 obsessum
1692 2313 1728 2373 in
1748 2313 1830 2374 solis
1854 2315 1914 2374 ri-

1108 2421 1186 2467 vere
1216 2406 1438 2483 leguminibus
1465 2407 1557 2469 nullo
1585 2408 1727 2472 audente
1760 2427 1914 2488 coquere

1109 2503 1173 2564 sibi
1189 2520 1305 2581 panem
1322 2507 1379 2567 aut
1393 2505 1519 2584 aliquid
1535 2507 1737 2580 ministrare,
1757 2509 1914 2586 ipsisque

1110 2618 1175 2663 non
1188 2601 1386 2664 audentibus
1400 2603 1560 2680 palatium
1573 2605 1698 2682 agredi,
1710 2609 1799 2668 metu
1815 2621 1915 2668 mor-

1108 2701 1160 2761 tis.
1188 2702 1289 2762 Fama
1316 2700 1419 2776 igitur
1442 2717 1502 2778 per
1522 2705 1633 2778 partes
1654 2703 1782 2765 vicinas
1805 2703 1914 2781 hujus

1108 2798 1288 2874 impietatis
1303 2799 1466 2860 saevitiam
1488 2801 1679 2872 nunciante,
1695 2801 1914 2864 venerabiles

1108 2895 1227 2957 iratres
1248 2893 1352 2957 nostri
1376 2898 1603 2959 anconitanus
1625 2899 1658 2960 et
1677 2900 1910 2977 senogallien.

1108 2991 1265 3067 episcopi,
1283 3005 1322 3051 ae
1336 2990 1429 3068 prior
1443 2993 1557 3054 Fontis
1580 2992 1761 3066 Atellanae,
1778 2994 1913 3071 aliique

1106 3088 1171 3150 riri
1199 3089 1349 3165 religiosi
1380 3089 1461 3150 moti
1492 3091 1732 3167 compassionis
1760 3091 1908 3162 affectu,

1107 3185 1148 3248 ad
1163 3187 1329 3248 civitatem
1345 3187 1537 3264 praedictam
1553 3188 1774 3264 personaliter
1785 3205 1912 3252 acces-

1107 3285 1232 3356 serunt,
1251 3285 1286 3345 in
1304 3301 1444 3362 quorum
1459 3301 1577 3347 manus
1593 3287 1626 3349 el
1638 3287 1813 3348 arbitrium
1831 3293 1913 3365 post

1107 3382 1222 3458 longos
1236 3385 1397 3446 tractatus
1412 3383 1599 3446 concordiae
1618 3382 1707 3448 idem
1727 3386 1912 3464 episcopus

1106 3483 1248 3558 prsecise
1279 3497 1403 3558 ponere
1440 3482 1546 3543 noluit
1578 3484 1680 3544 totam
1714 3483 1912 3561 buJusmodi

1106 3580 1334 3655 quaestionem,
1351 3579 1408 3640 sed
1423 3578 1530 3641 dictus
1548 3579 1757 3657 Albergettus
1773 3581 1848 3644 baec
1879 3586 1912 3646 et

1106 3677 1184 3748 alia,
1202 3693 1275 3754 qua
1290 3675 1419 3754 praelati
1432 3677 1578 3754 episcopi
1591 3679 1624 3739 et
1636 3678 1783 3755 religiosi
1797 3681 1912 3742 ratio-

1107 3773 1264 3835 nabiliter
1282 3773 1510 3852 proponebant
1525 3789 1662 3851 prorsus
1676 3775 1794 3838 audire
1816 3793 1910 3839 con-

1105 3873 1267 3945 temnens
1290 3871 1411 3934 iterum
1435 3875 1599 3949 praesente
1622 3873 1710 3935 dicto
1736 3875 1910 3951 senogal-

1106 3971 1185 4032 lien.
1202 3969 1356 4048 episcopo
1376 3969 1454 4032 iecit
1474 3985 1535 4047 par
1548 3971 1716 4033 civitatem
1737 3975 1910 4050 praeconis

1106 4083 1187 4130 voce
1221 4068 1377 4140 clamari,
1412 4069 1450 4130 ut
1476 4067 1588 4129 nullus
1616 4067 1811 4147 loqueretur
1833 4075 1909 4149 jam

1105 4167 1325 4228 dictoFanen.
1340 4167 1506 4243 episcopo,
1516 4167 1574 4228 aut
1583 4166 1718 4245 aliquod
1730 4175 1910 4232 exerceret

1105 4265 1338 4325 commercium
1354 4279 1428 4324 cum
1450 4264 1577 4337 eodem,
1594 4265 1626 4326 et
1649 4268 1907 4344 presumptioni

1105 4361 1905 4441 praesumptionem,acturoriiuroremadJiciens,

1104 4459 1248 4523 inhibuit
1267 4459 1328 4522 sub
1343 4476 1440 4538 poena
1454 4460 1572 4533 banni,
1599 4463 1631 4522 et
1649 4462 1784 4524 vinculo
1801 4465 1906 4541 jura·
2005 4513 2006 4548 ,

1104 4560 1217 4630 menti,
1249 4557 1286 4620 ut
1307 4558 1418 4645 nullus
1437 4559 1584 4631 missam,
1614 4559 1902 4636 pradicationem,

1103 4658 1156 4719 vel
1171 4657 1316 4719 cilicium
1331 4658 1463 4735 aliquod
1480 4657 1611 4719 audiret
1622 4657 1779 4736 episcopo
1794 4677 1906 4738 saepe-

1103 4755 1191 4817 dicto
1218 4754 1391 4832 prasente,
1421 4757 1457 4817 ut
1480 4755 1529 4817 sic
1553 4755 1670 4817 ordine
1695 4757 1900 4834 perturbato,
2005 4753 2006 4844 i

1103 4855 1211 4931 ipsum
1221 4853 1411 4930 episcopum
1422 4853 1730 4916 excommunicasse
1745 4855 1903 4934 quodam·

1103 4951 1199 5013 modo
1228 4950 1408 5012 videretur.
1442 4951 1567 5012 videns
1595 4969 1675 5030 ergo
1702 4953 1789 5014 idem
1805 4953 1900 5029 epis·
2005 5011 2006 5032 ἢ

1103 5065 1204 5127 copus
1228 5049 1337 5110 locum
1364 5049 1506 5126 amplius
1538 5049 1794 5113 dissimulationi
1826 5065 1898 5111 non
2005 5077 2006 5080 ¹

1102 5163 1185 5221 esse,
1202 5163 1276 5209 cum
1292 5145 1677 5224 dictusdlbergettusde
1695 5145 1897 5210 dieindiem
2005 5193 2006 5208 ,

1102 5247 1196 5308 tieret
1215 5244 1424 5319 insolentior,
1450 5247 1483 5308 et
1504 5245 1753 5322 gravaminibus
1768 5261 1897 5322 grava-
2005 5249 2006 5318 ξ

1102 5343 1191 5406 mina
1212 5342 1412 5415 cumularet,
1436 5343 1471 5405 in
1493 5343 1651 5421 ipsamet
1669 5343 1826 5424 jndicem,
1850 5359 1894 5404 ac
2005 5371 2006 5424 p

1101 5444 1202 5505 iotam
1218 5441 1378 5503 familiam
1394 5444 1466 5520 ejus
1482 5439 1842 5510 excommunicationis
1861 5445 1897 5503 et
2005 5475 2006 5498 ι

1100 5541 1134 5602 in
1147 5541 1313 5604 civitatem
1329 5539 1520 5618 praedictam
1533 5539 1702 5603 interdicti
1714 5537 1896 5601 sententias

1100 5637 1332 5717 promulgarit.
1356 5641 1459 5700 Porro
1475 5655 1549 5699 cum
1564 5637 1704 5701 dilectus
1718 5637 1797 5698 tibus
1816 5639 1898 5698 An·

1100 5739 1196 5800 dreas
1205 5737 1429 5800 subdiaconus
1440 5739 1472 5798 et
1485 5737 1679 5832 capellanus
1692 5739 1795 5798 noster
1806 5732 1893 5794 trrnc
