4080 6316
325 349 385 408 839
939 343 1117 408 HONORII
1138 343 1184 406 111
1204 346 1354 408 orbat.
1877 357 1920 416 840

322 505 1119 586 piscopoculocensi,inpatnarcbamaquilegen·
1173 505 1208 567 ln
1223 506 1338 578 lilium.
1356 507 1512 585 perquod
1525 505 1669 570 voluisse
1683 508 1840 572 uideturte
1851 529 1920 576 suun

323 621 392 668 sem
407 604 523 678 electo,
539 604 725 667 salutemet
738 603 1003 666 benedictionem
1017 618 1119 681 apos·
1173 621 1247 666 esse
1262 604 1447 681 legitimum
1463 621 1699 680 successorem,
1715 624 1811 685 prono
1829 611 1920 686 auinu

321 705 466 766 tolicam.
1172 702 1922 770 etuoluntateliheratibiiactumdeoonoesione

361 805 411 864 Ex
425 801 518 881 parte
533 801 755 864 Cumanorum
771 799 906 877 capituli
919 798 982 862 fuit
996 813 1119 876 propo-
1172 799 1256 878 ipsa,
1274 801 1366 862 nullo
1380 801 1529 880 tempore
1541 802 1737 873 reuocanda.
1749 804 1922 882 prestituju·

321 901 421 962 situm
443 915 556 962 coram
576 898 683 971 nobis,
700 898 786 977 quod
811 913 885 960 cum
907 896 948 959 de
971 897 1117 974 ipsorum
1172 900 1335 973 ramento,
1352 901 1439 962 sicut
1459 900 1494 960 in
1509 903 1581 978 ejus
1597 899 1716 962 litteris
1738 902 1923 978 perspeximus

320 998 471 1062 ecolesiae
484 996 723 1060 consuetudine
735 995 907 1068 habeatur,
923 995 969 1065 ut,
985 993 1117 1072 quaudo
1172 989 1347 1070 confideri,
1364 1000 1453 1060 esset
1464 998 1505 1060 de
1516 997 1657 1060 consilio
1667 1001 1700 1060 et
1709 1013 1856 1060 consensu
1867 1017 1925 1077 pre

322 1095 508 1175 praebendae
532 1095 704 1158 canonicis
733 1093 947 1171 assignantur
970 1107 1119 1153 commu·
1173 1094 1315 1158 latorum
1331 1099 1364 1160 et
1372 1096 1534 1159 baronum
1550 1097 1722 1175 nutusque
1735 1097 1822 1173 regui
1834 1099 1924 1158 uoluu-

320 1211 396 1256 nem
412 1210 479 1256 non
493 1194 642 1257 dividere
657 1194 760 1256 vitam
772 1193 897 1270 jurent,
910 1191 973 1270 ipsi
986 1190 1050 1250 boc
1063 1205 1118 1250 se·
1172 1194 1258 1256 taric
1272 1193 1464 1267 reformata,
1476 1195 1583 1257 eidem
1596 1195 1671 1273 paci
1683 1195 1810 1274 propter
1819 1194 1925 1256 euiden-

321 1292 464 1353 cundum
482 1291 605 1354 dictam
622 1290 895 1353 consuetudinem
906 1285 1115 1368 jnraverunt.
1151 1292 1239 1364 ,tem
1262 1292 1509 1365 utilitatem-et
1535 1294 1707 1368 urgentem
1733 1293 1925 1354 nocemitateu
1999 1331 2000 1334 =

361 1392 469 1462 Quum
484 1389 606 1461 butem,
616 1389 751 1467 impiet
766 1387 915 1448 Carnium
929 1387 962 1448 et
976 1385 1117 1462 piscium
1171 1389 1276 1452 robur
1289 1391 1486 1468 apostolice
1501 1389 1710 1452 auctoritatis
1729 1389 1878 1468 impendit
1891 1389 1924 1450 il·

320 1485 449 1550 iercula
472 1487 589 1563 gravia
618 1487 706 1547 inter
733 1499 790 1546 eos
814 1483 972 1546 scandala
994 1482 1117 1560 saepius
1173 1487 1239 1550 lam
1251 1486 1545 1565 gratamlrabendo
1559 1489 1730 1562 stratam
1747 1488 1779 1549 et
1793 1487 1926 1566 superboc

319 1585 482 1654 oriantur,
495 1583 572 1645 dum
585 1581 783 1661 quibusdam
802 1597 918 1644 eorum
938 1577 1117 1659 aliquando
1172 1583 1213 1646 de
1229 1586 1403 1664 utriusque
1423 1585 1514 1662 regis
1538 1583 1732 1648 instantiam
1754 1600 1818 1646 sua
1835 1584 1927 1646 condr-

318 1683 453 1760 propter
478 1680 722 1751 infirmitatem,
753 1695 954 1758 quamquam
983 1677 1118 1756 propter
1172 1682 1328 1746 metionis
1343 1683 1473 1746 litteras
1487 1682 1709 1744 concedende.

318 1780 526 1855 religionem,
543 1779 710 1840 interdum
725 1776 1115 1854 propterpinguedinem
1212 1781 1281 1842 Nos
1304 1781 1408 1857 igitur
1428 1781 1506 1852 tuis,
1524 1781 1557 1842 et
1577 1779 1761 1842 carissimae
1777 1779 1813 1840 -in
1829 1778 1927 1840 cbristo

318 1876 513 1954 plerumque
535 1876 670 1953 propter
693 1873 941 1945 macillentiam,
962 1887 1118 1934 nonuuu·
1174 1877 1251 1940 dliae
1261 1880 1385 1942 nostrae
1396 1881 1432 1940 B.
1449 1881 1493 1940 bd.
1503 1879 1629 1954 reginae
1643 1877 1760 1940 matris
1772 1877 1842 1948 tuae,
1851 1877 1928 1954 preci·

317 1991 417 2052 quem
438 1989 518 2034 vero
539 1974 675 2050 propter
704 1973 921 2050 paucitatem,
942 1970 1119 2048 displicent
1172 1974 1234 2038 bus
1247 1975 1547 2050 inclinationum
1564 1976 1667 2054 ipsius
1682 1975 1785 2054 patrus
1798 1975 1928 2050 tuiuuun

319 2089 393 2150 quae
428 2072 641 2148 apponuntur
655 2069 795 2146 eisdem
826 2069 922 2131 nobis
948 2067 1119 2130 humiliter
1173 2074 1274 2136 saluti
1289 2077 1361 2154 ejus
1376 2073 1542 2152 expediat,
1554 2077 1591 2136 ut
1605 2073 1692 2152 quod
1701 2072 1831 2152 juravit,
1842 2071 1930 2132 incon-
2001 2055 2002 2086 ³

319 2169 564 2247 supplicarunt,
582 2170 618 2231 Ui
642 2185 755 2246 (tuum,
777 2169 898 2245 Plaeiffl'
927 2164 1118 2244 hUJUSmOdi
1173 2187 1304 2234 cossam
1319 2171 1467 2236 obtineat
1480 2171 1682 2245 firmitatem,
1694 2171 1820 2248 gratum
1831 2167 1931 2230 baben·

319 2265 489 2334 scandala,
506 2281 641 2328 enorme
655 2267 791 2345 propter
802 2265 866 2328 hoc
880 2262 1120 2327 eorumecole-
1172 2271 1223 2333 tes
1235 2273 1267 2333 et
1279 2271 1388 2333 retum
1401 2269 1495 2342 illud,
1512 2269 1600 2332 sicut
1616 2267 1755 2348 provide
1768 2267 1876 2330 tactum
1887 2265 1929 2334 est

319 2365 370 2426 sia
381 2379 563 2442 gravamen
575 2363 734 2438 incurrat,
744 2361 1118 2440 etapraedecessoribus
1173 2369 1370 2431 auctoritato
1403 2367 1594 2447 Apostolum
1625 2366 1666 2428 de
1694 2365 1827 2444 speciali
1850 2363 1931 2439 gratie

320 2463 390 2524 suis
402 2461 484 2524 etab
493 2461 574 2540 ipsis
583 2462 779 2540 quandoque
788 2459 1116 2530 tueritobservatum,
1173 2465 1419 2538 confirmamus,
1441 2467 1474 2528 et
1495 2463 1796 2544 praesentisscripii
1810 2461 1932 2540 pagiuam

320 2559 406 2639 quod
439 2562 567 2622 certum
596 2560 674 2638 quid
700 2559 836 2622 cuilibet
868 2558 1029 2622 canonico
1057 2573 1118 2636 pro
1173 2563 1426 2636 communimus,
1442 2562 1593 2640 tuipsius
1612 2575 1834 2624 successorem
1850 2557 1933 2634 legiti-

319 2655 443 2718 talibus
474 2655 610 2719 ferculis
633 2654 675 2718 ad
704 2655 894 2718 evitandum
924 2654 1117 2716 scandalum
1172 2679 1262 2724 mum
1284 2661 1502 2724 declarantes.
1527 2659 1618 2722 Nulli
1645 2675 1740 2736 ergo,
1763 2661 1821 2720 em.
1841 2657 1931 2718 baiuuu

321 2751 824 2830 solvebatur3provideresuper
837 2752 900 2814 hoo
915 2752 964 2814 eis
983 2751 1118 2813 miseri·
1172 2760 1339 2832 Laterani,
1360 2761 1404 2822 v1
1429 2759 1502 2820 idus
1520 2757 1595 2836 jul„
1623 2757 1831 2836 pontificatus
1853 2751 1933 2814 nostri

322 2850 468 2912 corditer
489 2849 713 2926 dignaremur.
1173 2873 1261 2920 anno
1276 2855 1432 2920 seeundo.

361 2949 431 3009 Nos
453 2962 533 3024 ergo
556 2947 592 3008 in
616 2945 828 3010 discretionis
853 2947 920 3008 tuae
942 2945 1118 3025 prudentia
1471 2989 1668 3078 cccxxv

321 3045 537 3118 confidentes,
550 3043 894 3108 fraternitatem-tuam
907 3045 1120 3124 perAposto-
1550 3042 1560 3074 ¹

320 3142 386 3206 lica
405 3142 528 3221 scripta
550 3159 734 3214 monemus,
758 3145 922 3220 quatenus
944 3140 1118 3220 superbis
1173 3125 1375 3187 Αᾶᾶῦῡαΐθθ
1392 3127 1434 3186 de
1456 3126 1640 3194 &ierim
1657 3125 1700 3184 de
1716 3119 1936 3184 Hssmditii'iii
2004 3146 2005 3198 t

321 3240 502 3303 secundum
519 3242 624 3302 Deum
639 3240 771 3303 ordines
791 3241 825 3301 et
839 3239 1007 3317 disponas,
1032 3237 1117 3316 quod
1324 3221 1359 3284 θῖ
1371 3223 1596 3298 prepositum
1611 3223 1654 3283 αθ
1665 3223 1817 3298 Hepene.

320 3338 470 3400 ecclesiae
485 3339 518 3399 et
532 3337 678 3415 capitulo
693 3336 893 3414 supradictis
909 3336 1034 3399 videris
1053 3352 1117 3398 ex·
1471 3335 1506 3394 lo
1518 3333 1570 3408 iul.
1592 3334 1672 3392 ltlss.

321 3435 446 3514 pedire.
457 3437 574 3498 ilatum
589 3435 756 3504 Laterani,
772 3434 869 3496 nonis
880 3433 958 3512 julii
973 3448 1062 3496 anuo
1076 3435 1115 3495 11.
1313 3439 1495 3507 [werinum.
1505 3441 1576 3493 rom
1584 3438 1711 3499 minuis,
1725 3439 1767 3500 111,
1780 3437 1829 3504 ln]

1220 3541 1458 3600 Commissionem
1472 3539 1522 3598 del
1536 3553 1622 3613 super
1641 3539 1784 3598 electione
1795 3534 1903 3612 episcopi

610 3629 830 3720 CCCXXIV
1385 3625 1759 3702 Wormedensisliligiosa.

416 3776 468 3834 Ad
484 3775 704 3835 serrandum
716 3788 834 3849 pem
846 3773 1013 3836 cmm
1214 3737 1393 3810 Honorius,
1409 3737 1484 3810 etc,
1499 3734 1628 3798 dilectis
1642 3734 1725 3797 tiliis
1728 3779 1788 3797 .....
1805 3732 1842 3796 de
1860 3730 1939 3792 liber·

673 3895 679 3906 ,
1174 3836 1304 3899 bechet
1305 3878 1365 3896 .....
1380 3833 1422 3896 de
1435 3833 1677 3897 Hemmenrode
1689 3830 1937 3896 abbatibuset....

623 3893 721 4020 ιω·
739 3895 817 4011 ωε·
887 3951 890 3958 ’
1173 3933 1351 4013 praeposito
1379 3933 1420 3995 de
1441 3934 1596 4008 Hegene,
1622 3912 1821 4008 plaguntur„
1843 3929 1940 3988 'iresc-

368 4009 507 4074 [Rappold.
514 4007 606 4062 dunel.
613 4007 753 4061 ecclesiast.
770 4007 904 4060 mannum
917 4009 985 4068 lile,
999 4007 1071 4075 {dd}
1173 4047 1261 4094 rellS.
1278 4032 1312 4094 et
1323 4030 1559 4093 Wormassens·
1577 4027 1726 4102 dioecosq
1739 4027 1880 4090 salutem·

322 4116 438 4174 Mandat
456 4124 488 4173 ut
511 4115 586 4190 quod
603 4115 710 4189 jurevll
732 4123 813 4192 pater
833 4116 897 4192 ejus
917 4117 1118 4177 inconcussam
1213 4133 1264 4191 Ex
1283 4129 1377 4207 pap-te
1402 4124 1639 4206 affirmamus)
1663 4123 1832 4204 praeposjfi
1852 4115 1940 4183 saucii

565 4205 728 4264 mmmmm
739 4205 876 4264 ⁰b¹i⁰0⁸i
1175 4227 1271 4290 Pauli
1285 4225 1439 4290 ca'nonici
1454 4223 1711 4287 wormatiensis
1733 4223 1796 4286 fuit
1814 4216 1940 4298 proposi-

362 4321 475 4399 llegiae
488 4320 659 4398 dignitatis
674 4321 860 4386 sublimitas
875 4337 941 4384 non
956 4323 1062 4386 solum
1084 4323 1118 4386 in
1173 4327 1243 4387 tum
1262 4339 1374 4386 coram
1398 4321 1504 4395 nobis,
1531 4322 1617 4400 quod
1641 4321 1786 4385 ecclesia
1809 4320 1940 4380 worma·

322 4420 363 4483 iis
379 4436 452 4499 quae
473 4435 599 4482 meram
617 4419 782 4500 justitiam
808 4421 988 4494 continent,
1007 4420 1118 4483 sedin
1173 4421 1275 4485 tiensi
1305 4422 1437 4500 pastore
1466 4420 1622 4493 vacante,
1648 4419 1739 4482 idem
1772 4413 1941 4497 praepositus

321 4520 363 4582 iis
381 4533 512 4598 quoque
536 4533 609 4597 quae
633 4518 775 4596 gratiam
797 4517 943 4596 sapiunt,
970 4519 1119 4581 levorem
1174 4538 1247 4582 cum
1263 4521 1375 4582 essent
1396 4521 1474 4582 uota
1497 4519 1736 4580 canonicorum
1752 4514 1942 4595 ejusdemec·

321 4616 419 4680 debet
432 4616 657 4696 Apostolicum
667 4617 832 4680 inuenire.
845 4616 936 4690 Quod
945 4616 1119 4680 attendens
1173 4617 1295 4690 clesiae‚
1312 4615 1366 4677 die
1381 4616 1422 4678 ab
1437 4616 1487 4678 eis
1511 4614 1667 4678 electioni
1682 4615 1831 4692 praefixo,
1846 4607 1939 4672 uulsa.

321 4715 429 4778 felicis
442 4715 611 4776 memoriae
622 4715 647 4777 Ι.
659 4729 744 4792 papa
755 4715 981 4792 predecessor
993 4717 1116 4792 noster,
1173 4731 1217 4776 ne
1231 4715 1327 4776 deret
1335 4713 1453 4777 electio
1468 4713 1534 4776 nisi
1546 4712 1728 4775 secundum
1737 4711 1854 4774 statuta
1863 4718 1943 4783 perc-

321 4829 396 4874 cum
412 4812 519 4890 sopite
530 4811 709 4886 discordia,
725 4829 800 4891 quae
813 4813 891 4874 olim
911 4813 999 4876 inber
1013 4813 1120 4875 caris-
1176 4812 1402 4875 relisGoncilii
1415 4811 1533 4873 Sedem
1543 4801 1940 4889 Apostolicamappellarit;

321 4910 441 4972 simum
465 4909 501 4971 ln
516 4907 647 4972 Christo
674 4909 779 4972 fllium
794 4911 944 4972 nostrum
963 4913 1001 4972 Α.
1019 4910 1119 4972 illus·
1174 4911 1232 4973 sed
1262 4907 1456 4990 manricus)
1485 4911 1593 4987 major
1624 4907 1776 4971 ecclesie
1804 4901 1941 4984 predicte

319 5011 404 5070 trem
421 5021 533 5082 regem
554 5007 733 5083 Legionem
752 5009 878 5086 patrem
898 5007 1003 5082 tuum,
1019 5010 1051 5071 et
1064 5024 1120 5070 re-
1174 5009 1372 5087 praepositus
1383 5009 1457 5085 post
1469 5006 1725 5085 appellationem
1745 4997 1942 5083 bujusnuuia

321 5104 469 5168 colendae
497 5105 667 5167 nemoriae
693 5121 791 5167 uuum
814 5107 907 5167 tuum
934 5108 986 5178 A„
1006 5121 1119 5183 regem
1174 5107 1315 5184 quadam
1337 5107 1430 5184 perte
1455 5105 1593 5181 capituli
1620 5118 1770 5174 numero,
1788 5099 1943 5167 euerr-

320 5203 483 5274 Castellae,
500 5203 677 5266 occasione
697 5203 831 5266 divortii
853 5203 941 5266 iuter
964 5205 1119 5282 parentes
1175 5204 1251 5266 diue
1266 5219 1306 5266 ec
1320 5203 1517 5266 auctoritate
1533 5201 1674 5277 minori;
1692 5215 1766 5279 quae
1782 5214 1802 5259 a
1816 5211 1871 5258 suo
1889 5205 1944 5252 me·

319 5304 406 5374 tuos,
423 5301 511 5363 edita
527 5317 628 5378 super
642 5301 706 5363 boo
724 5302 958 5364 constitutione
974 5303 1119 5378 Aposto-
1174 5303 1375 5381 tropolitano
1389 5302 1522 5378 propter
1537 5315 1672 5362 suorum
1688 5296 1882 5374 exigentiam
1895 5303 1944 5350 me

320 5398 386 5460 lica
418 5398 581 5460 celebrari
608 5399 890 5478 periculosissime
916 5398 1118 5473 vertebatur,
1174 5401 1314 5464 ritorum
1348 5397 1704 5462 excommunicationis
1741 5397 1815 5457 erat
1848 5392 1943 5465 laquei

321 5511 388 5574 pax
406 5495 494 5556 inter
517 5512 585 5568 eos,
614 5513 674 5576 per
697 5497 948 5559 concessionem
969 5498 1041 5576 regi
1057 5501 1121 5560 Le-
1175 5498 1336 5571 involuta,
1362 5511 1399 5558 se
1416 5497 1451 5557 iu
1474 5511 1595 5572 magna
1614 5493 1779 5557 discordia
1798 5489 1944 5565 uligipro-

320 5593 453 5670 gionen.
471 5590 512 5652 ab
536 5591 608 5670 ipso
624 5595 717 5670 patre
732 5596 789 5655 tuo
810 5595 841 5655 te
865 5594 1047 5656 secundum
1060 5611 1119 5657 re·
1175 5596 1314 5668 curauit,
1328 5609 1517 5674 quanquam
1533 5594 1668 5671 propter
1684 5592 1833 5654 diversas
1846 5593 1943 5648 musas

321 5691 410 5766 giem
432 5689 703 5752 consuetudinem
724 5691 917 5753 solemniter
938 5693 1120 5769 recipiente
1176 5711 1241 5756 non
1257 5696 1346 5755 esset
1357 5693 1507 5766 idoneus,
1522 5693 1559 5754 ut
1579 5692 1614 5753 in
1635 5690 1825 5767 episcopum
1834 5677 1944 5746 deberet
