4014 6312
124 289 187 351 405

167 453 237 526 Ego
262 447 449 528 Stephanus
472 450 505 510 S.
520 447 658 511 Adriani
672 447 832 512 diaconus
848 463 923 511 car-

125 547 260 610 dinalis.

167 649 235 724 Ego
252 645 388 724 Egidius
405 647 462 706 SS.
484 647 611 707 Cosmae
627 646 660 708 et
678 645 830 707 Damiani
845 646 921 707 dia-

127 761 231 806 eonus
247 744 437 807 cardinalis

169 843 289 904 Datum
303 842 459 904 Laterani
475 857 533 918 per
548 857 681 902 manum
696 841 845 910 Ranerii,
862 845 923 904 Re·

128 956 238 1001 manae
253 940 410 1002 Ecclesiae
433 940 702 1002 vicecancellarii
723 940 837 1018 quinto
852 941 921 1000 idi·-

125 1037 190 1098 bus
214 1038 307 1110 Maii,
331 1037 512 1100 indictione
541 1039 648 1110 sexta,
678 1037 921 1100 incarnationis

128 1135 311 1197 Dominicae
326 1151 414 1198 anno
429 1136 605 1198 millesimo
625 1137 850 1198 ducentesimo
869 1136 923 1197 de-

126 1233 215 1294 cimo
253 1234 413 1311 septimo,
446 1234 659 1311 pontificatus
686 1250 766 1296 vero
796 1234 922 1296 domiui

125 1331 266 1394 lionorii
282 1334 381 1410 Papae
395 1333 486 1396 tertii
501 1349 589 1396 anno
602 1333 720 1410 primo.

395 1533 398 1538 '
424 1521 626 1608 uuuxxll

177 1675 230 1734 Ad
242 1677 424 1736 Pussconem
436 1677 632 1748 episcopum
646 1628 866 1750 Popterucm.

420 1798 451 1856 ll
468 1797 536 1854 maii
553 1798 630 1856 1217.

274 1911 392 1978 [Ughelli
406 1913 480 1963 ltalia
492 1913 576 1972 Sacra,
590 1919 609 1963 t.
623 1915 642 1972 l,
654 1928 680 1978 p.
692 1913 775 1979 luta]

124 2021 270 2078 Honorem
282 2027 311 2076 et
322 2019 490 2093 dignitatem
505 2021 709 2094 episcopalem,
724 2021 873 2096 privilegia
889 2035 923 2078 ae

157 2109 221 2180 jnro
235 2109 394 2178 confirmat,
411 2109 598 2184 conceditque
616 2109 721 2180 eidem,
741 2117 772 2168 ut
791 2111 864 2168 inter
880 2124 924 2167 sa·

160 2213 209 2254 cra
225 2199 378 2257 missarum
392 2199 532 2258 solemnia
542 2201 627 2272 pallio
639 2201 690 2270 uti,
700 2201 729 2256 in
740 2201 923 2272 processione

159 2287 323 2346 Palmarum
339 2295 368 2346 et
378 2287 455 2346 leriae
469 2289 603 2348 secundae
619 2296 682 2362 post
697 2289 807 2348 Pascha
817 2303 922 2360 equum

161 2377 256 2434 album
266 2377 359 2434 udone
374 2386 540 2450 coopertum
555 2378 683 2452 equitare
696 2379 796 2452 possit.

167 2503 332 2565 Honorius
354 2505 528 2582 episeopus
550 2521 668 2568 servus
685 2504 795 2578 Dei...,
812 2503 875 2566 etc.

164 2601 291 2677 etipsa
312 2601 454 2678 justitiae
468 2602 553 2663 ratio
568 2604 601 2663 et
617 2601 814 2679 Apostolieae
829 2600 923 2662 Sedis

125 2698 276 2774 deposcit
297 2698 503 2776 benignitas,
530 2699 568 2761 ut
594 2699 688 2768 locis,
718 2701 751 2762 et
770 2698 922 2776 personis

122 2799 158 2858 B.
177 2799 287 2869 Petro,
303 2798 335 2858 et
348 2800 380 2858 S.
398 2799 437 2860 R.
454 2799 490 2858 E.
507 2797 736 2874 spiritualibus
752 2796 924 2858 adhaeren-

32 2919 40 2932 ·
122 2895 223 2966 tibus,
251 2896 285 2956 et
309 2895 344 2956 in
363 2897 435 2972 eius
455 2895 645 2968 devotione,
673 2895 706 2957 et
733 2894 922 2958 obedientia

122 2992 387 3070 persistentibus,
405 2993 592 3070 patrocinii,
607 2994 640 3055 et
652 2993 834 3055 evectionis
850 3008 924 3053 nos·

122 3091 183 3152 trae
197 3107 331 3152 manum
347 3090 581 3163 abundantius,
597 3092 629 3153 et
650 3091 847 3169 propensius
863 3106 924 3152 ex-

118 3187 261 3252 tendere
291 3186 484 3264 debeamus;
515 3188 615 3266 hujus
646 3189 757 3266 itaque
782 3187 923 3251 rationis

118 3285 233 3348 debito
250 3288 402 3364 promoti,
422 3286 581 3349 honorem
602 3288 635 3350 et
649 3289 843 3368 dignitatem
863 3294 921 3354 Pa·

118 3385 232 3462 piensi
243 3384 393 3446 ecclesiae
406 3387 563 3462 tauquam
575 3387 728 3464 propriae,
743 3389 775 3450 et
785 3389 923 3464 speciali

116 3483 320 3560 apostolicae
337 3483 432 3546 Sedis
446 3483 524 3546 hliae
544 3484 698 3546 volumus
709 3501 921 3548 conservare.

118 3579 299 3653 Quocirca,
321 3597 435 3644 vener.
461 3581 496 3646 in
525 3583 655 3646 Christo
679 3583 793 3655 irater,
821 3584 923 3647 Pulco

117 3678 289 3756 episcope,
304 3694 401 3756 quem
416 3681 547 3742 sincera
563 3681 598 3740 iu
613 3680 743 3743 Christo
758 3681 924 3745 charitate

117 3776 302 3852 diligimus,
336 3777 403 3840 tuis
423 3777 524 3856 justis
543 3777 821 3856 postulationibus
840 3795 923 3857 gra-

115 3879 193 3937 tum
224 3875 452 3952 impartientes
482 3893 655 3938 assensum
685 3876 725 3938 ad
753 3878 924 3956 exemplar

117 3973 403 4051 praedeeessorum
420 3975 608 4036 nostrorum
627 3974 734 4036 felicis
754 3978 923 4040 memoriae

117 4070 256 4143 calixti,
284 4072 480 4144 innocentii,
506 4072 655 4149 Eugenii,
683 4074 863 4148 anastasii,
892 4076 925 4138 et

118 4169 307 4230 innocentii
334 4173 558 4232 Romanorum
586 4172 801 4244 Pontificum,
832 4188 922 4249 prae-

117 4267 246 4329 dictam
264 4268 461 4345 Papiensem
481 4268 668 4338 ecclesiam,
689 4268 742 4330 cui
757 4272 824 4332 Deo
838 4287 922 4334 aue-

117 4368 195 4430 toro
210 4381 355 4443 praeesse
369 4366 607 4443 dignoscimus,
620 4367 793 4444 praeseutis
809 4369 923 4445 scripti

118 4463 299 4542 priuilegio
325 4464 577 4536 communimus,
604 4467 637 4527 et
664 4481 795 4526 omnem
817 4466 923 4544 ipsius

118 4561 274 4626 ecclesiae
299 4561 496 4638 dignitatem
518 4579 577 4640 per
596 4564 785 4625 eorumdem
801 4567 924 4626 Roma-

118 4676 243 4724 norum
255 4660 452 4722 Pontificum
461 4661 647 4738 privilegia,
661 4661 715 4722 uel
728 4662 922 4726 authentico

118 4759 247 4835 scripta
270 4774 472 4832 concessam,
491 4775 551 4820 nos
570 4775 700 4837 quoque
715 4761 922 4824 auctoritatis

118 4859 247 4918 nostrae
274 4855 388 4917 favore
425 4857 643 4918 nihilominus
675 4858 920 4920 confirmamus.

119 4954 335 5017 Frateruitati
356 4955 519 5033 siquidem
537 4956 604 5018 tuae
623 4955 712 5018 inter
726 4972 822 5018 sacra
842 4957 924 5018 mis-

119 5069 236 5114 sarum
251 5051 414 5114 solemnia
430 5053 530 5130 pallio
543 5053 603 5126 uti,
614 5054 647 5116 et
661 5055 729 5116 tam
739 5055 811 5126 tihi,
824 5071 923 5132 quam

119 5149 921 5228 successoribustuisinprocessionePalmarum,

119 5253 152 5312 et
165 5249 261 5310 leriae
277 5249 306 5310 ll
317 5249 392 5326 post
406 5249 536 5310 Pascha
552 5266 673 5327 equum
688 5249 799 5312 album
815 5251 923 5314 udone

119 5349 313 5425 coopertum
328 5347 488 5426 equitare,
503 5362 633 5409 necnon
646 5349 679 5410 et
693 5364 824 5410 crucem
836 5349 924 5410 inter

120 5444 359 5506 ambulandum
380 5444 537 5522 praeferre
554 5445 777 5518 concedimus,
792 5447 833 5508 ob
851 5463 924 5507 mu-

116 5545 226 5619 jorem
262 5559 392 5622 quoque
430 5543 535 5621 ipsius
563 5544 737 5620 Papiensis
771 5545 922 5607 ecclesiae

120 5640 316 5722 dignitatem
346 5639 580 5705 confirmantes
608 5642 794 5716 statuimus,
831 5642 922 5707 utin

759 287 988 350 ners'ronm.
1012 288 1090 370 ure.
1114 287 1138 346 n

1608 245 1612 250 ’
1719 280 1779 350 roc

977 445 1188 525 synodalium
1206 444 1429 510 celebratione
1449 446 1689 515 conventuum,
1709 447 1780 514 tam

976 547 1012 609 tu
1038 562 1137 624 quam
1160 561 1370 608 successores
1393 545 1444 608 tui
1467 545 1508 608 ad
1529 545 1701 608 sinistrum
1716 549 1780 608 Ro-

977 646 1067 706 mani
1080 643 1252 706 Pontificis
1267 644 1366 716 latus,
1384 645 1526 721 primum
1541 643 1700 705 sessionis
1722 644 1778 706 lo-

977 759 1051 804 cum
1076 742 1313 820 perpetualiter
1337 742 1499 814 habeatis,
1517 742 1550 803 iu
1565 743 1778 805 monasteriis

977 841 1219 908 auctoritatem,
1239 841 1298 902 aut
1311 840 1450 918 capellis
1469 839 1636 918 aliquibus
1657 841 1780 917 praeter

976 939 1149 1000 matricem
1175 937 1351 1000 ecclesiam
1369 937 1569 1015 baptismum
1588 938 1778 1014 generalem

976 1035 1049 1098 lieri
1087 1037 1220 1114 penitus
1254 1035 1480 1114 prohibemus,
1518 1037 1554 1098 in
1587 1036 1718 1114 quibus,
1747 1035 1777 1096 si

977 1150 1050 1212 quae
1074 1134 1158 1196 torte
1184 1137 1349 1213 praecepta
1365 1135 1480 1197 contra
1495 1150 1608 1197 sacros
1630 1149 1775 1196 canones

976 1232 1089 1294 elicita
1101 1231 1246 1294 inveniri
1264 1232 1452 1309 contigerit,
1469 1233 1590 1294 restris
1607 1231 1777 1294 canonicis

976 1346 1043 1392 nou
1055 1331 1273 1410 praeiudicant
1285 1331 1461 1406 institutis,
1483 1330 1638 1402 clericos,
1655 1330 1776 1392 saneti·

978 1427 1150 1496 moniales,
1179 1426 1297 1490 viduas
1319 1427 1411 1490 urhis
1433 1429 1564 1499 vestrae,
1579 1426 1651 1488 sine
1665 1427 1776 1488 vestra

976 1525 1181 1588 conscientia
1210 1540 1306 1588 nemo
1339 1527 1520 1602 praesumat
1550 1525 1584 1586 in
1613 1523 1778 1604 judicium

976 1622 1110 1685 trahere
1133 1625 1191 1686 aut
1205 1623 1272 1685 vim
1293 1638 1408 1685 eorum
1427 1622 1526 1684 rebus
1549 1621 1686 1684 inlerre.
1707 1623 1777 1682 Nec

977 1721 1242 1784 coemeteriorum
1255 1737 1328 1800 quae
1352 1722 1456 1794 intra,
1478 1720 1533 1784 uel
1559 1721 1653 1782 extra
1688 1718 1777 1781 circa

977 1819 1144 1882 civitatem
1157 1823 1244 1894 sunt,
1259 1836 1374 1882 curam
1388 1819 1493 1893 vobis,
1509 1820 1567 1881 aut
1582 1819 1777 1897 potestatem

977 1918 1173 1980 subtrahere
1187 1919 1343 1996 quaelibet
1356 1933 1499 1996 persona
1514 1917 1703 1995 praesumat,
1716 1931 1778 1976 nec
1825 1947 1827 1953 ·

977 2017 1066 2077 ullus
1082 2034 1227 2095 unquam
1235 2019 1287 2094 cuj
1294 2031 1472 2094 usoumque
1488 2014 1660 2078 saecularis
1673 2014 1780 2090 digni-

976 2115 1065 2188 tatis,
1083 2116 1141 2178 aut
1156 2116 1311 2192 potentiae
1332 2116 1431 2177 homo
1447 2115 1544 2193 quasi
1565 2113 1625 2175 sub
1641 2111 1778 2176 obtentu

977 2211 1226 2290 hospitalitatis,
1250 2213 1303 2274 vel
1327 2213 1522 2290 patronatus
1539 2211 1716 2274 occasione
1742 2211 1778 2270 in

976 2310 1034 2372 tuo
1050 2311 1230 2388 episcopio,
1247 2312 1305 2372 aut
1320 2310 1353 2372 in
1376 2310 1528 2373 domibus
1552 2309 1776 2382 sacerdotum,

978 2423 1037 2468 seu
1049 2407 1247 2470 clericorum
1260 2411 1391 2470 tuorum
1405 2409 1477 2470 sine
1491 2409 1559 2480 tua,
1576 2409 1774 2483 tuorumque

978 2521 1208 2593 successorum
1243 2507 1414 2570 voluntate
1438 2506 1560 2569 audeat
1584 2505 1774 2584 applicare,

978 2620 1039 2666 nec
1052 2604 1087 2666 in
1102 2603 1201 2666 rebus
1214 2604 1391 2666 mobilibus
1406 2606 1438 2668 et
1451 2602 1686 2676 immobilibus,
1704 2602 1777 2665 sive

978 2703 1128 2780 personis
1138 2705 1358 2781 cujucumque
1368 2701 1569 2765 conditionis
1580 2703 1621 2762 ad
1630 2701 1777 2764 uestram

978 2801 1153 2862 ecclesiam
1184 2800 1426 2878 pertinentibus
1458 2799 1680 2872 invasionem,
1719 2799 1779 2862 aut

977 2898 1170 2961 violentiam
1200 2899 1296 2962 uobis
1325 2899 1441 2962 invitis
1469 2897 1543 2960 deri
1574 2898 1647 2960 sine
1675 2896 1777 2974 legali

977 2997 1107 3058 ratione
1120 2996 1340 3074 permittimus
1357 2999 1539 3075 :praeterea
1554 3009 1779 3075 quascumque

978 3095 1218 3172 possessiones
1235 3111 1451 3172 quaecumque
1466 3093 1564 3168 bona,
1577 3111 1651 3173 quae
1661 3094 1779 3156 eadem

978 3193 1120 3254 ecelesia
1143 3193 1179 3254 in
1198 3193 1451 3270 praesentiarum
1468 3193 1558 3271 juste
1573 3194 1606 3254 et
1617 3193 1778 3254 canonice

978 3291 1137 3368 possidet,
1154 3293 1213 3354 aut
1224 3291 1419 3354 infuturum
1437 3290 1651 3354 concessione
1662 3291 1777 3369 ponti-

978 3390 1093 3460 ticum,
1135 3389 1314 3467 largitione
1342 3405 1475 3467 regum,
1503 3389 1555 3452 vel
1578 3389 1776 3468 principum,

978 3488 1145 3551 oblatione
1173 3487 1332 3561 ridellum,
1350 3505 1409 3552 seu
1439 3489 1516 3550 aliis
1541 3488 1641 3565 justis
1672 3487 1778 3548 modis

978 3587 1045 3646 Deo
1070 3586 1214 3662 propitio
1240 3585 1362 3662 poterit
1396 3585 1549 3662 adipisci,
1582 3585 1678 3644 tirma
1704 3583 1776 3652 tibi,

979 3684 1110 3761 tuisque
1139 3683 1408 3755 suecessoribus,
1431 3683 1465 3744 et
1489 3681 1618 3744 illibata
1645 3696 1780 3758 perma-

978 3782 1090 3854 neant,
1110 3780 1281 3859 inquibus
1297 3781 1368 3842 haee
1387 3779 1533 3857 propriis
1552 3779 1708 3840 duximus
1723 3794 1782 3840 ex·

979 3879 1152 3957 primenda
1166 3877 1350 3941 uocabulis.

1018 3977 1257 4040 Monasterium
1280 3978 1313 4038 S.
1337 3975 1573 4037 bartholomaei
1596 3975 1632 4036 in
1654 3973 1776 4047 Strata,

979 4075 1217 4138 monasterium
1237 4075 1368 4138 sauctae
1390 4075 1506 4138 Mariae
1531 4072 1611 4135 loris
1630 4075 1776 4150 portam

978 4173 1217 4236 monasterium
1243 4173 1356 4234 Sancti
1378 4171 1605 4250 appollinaris
1629 4187 1704 4234 cum
1726 4185 1779 4233 oa·

978 4271 1093 4348 pellis,
1135 4271 1169 4333 et
1202 4270 1371 4348 parochiis
1410 4271 1498 4342 suis,
1540 4269 1779 4333 monasterium

980 4369 1093 4431 Sancti
1128 4369 1239 4441 Petri,
1276 4369 1363 4447 quod
1401 4367 1524 4431 dicitur
1557 4369 1778 4444 Leprosorum

978 4483 1053 4530 eum
1078 4467 1227 4545 capellis,
1253 4469 1287 4529 et
1308 4466 1479 4544 parochiis
1504 4465 1584 4537 suis,
1610 4465 1779 4526 monaste-

978 4565 1065 4626 rium
1082 4564 1195 4626 Sancti
1210 4564 1357 4636 Martini,
1374 4579 1449 4624 cum
1463 4562 1611 4640 capellis,
1629 4562 1661 4623 et
1675 4577 1777 4639 paro-

978 4662 1064 4726 chiis
1099 4663 1183 4735 suis,
1214 4661 1452 4724 monasterium
1480 4660 1594 4722 Sancti
1626 4658 1777 4722 cervasii

978 4759 1218 4837 cum-capellis
1246 4762 1278 4821 et
1302 4758 1471 4837 parochiis
1495 4757 1576 4830 suis,
1604 4756 1776 4820 monaste-

977 4858 1064 4920 rium
1081 4857 1193 4920 Sancti
1213 4857 1309 4920 Pauli
1324 4857 1357 4919 et
1372 4856 1485 4919 Sancti
1505 4856 1621 4920 Jacobi
1636 4855 1676 4918 de
1691 4859 1776 4918 Ter·

977 4955 1112 5024 nebula,
1139 4955 1378 5018 monasterium
1402 4958 1511 5028 vetus,
1539 4955 1776 5017 monasterium

978 5054 1142 5116 senatoris
1170 5068 1245 5115 cum
1273 5053 1411 5130 capellis
1435 5054 1468 5116 et
1493 5053 1661 5131 parochiis
1688 5051 1774 5121 suis,

979 5151 1215 5214 monasterium
1238 5152 1350 5225 beant,
1365 5152 1397 5214 et
1410 5152 1647 5214 monasterium
1663 5149 1776 5211 Sancti

977 5250 1111 5312 'rhomae
1140 5265 1215 5312 cum
1248 5251 1405 5328 capellis,
1435 5252 1468 5312 et
1494 5247 1663 5327 parochiis
1692 5247 1774 5316 suis,

977 5348 1215 5410 monasterium
1240 5349 1353 5411 Sancti
1378 5347 1499 5410 Felicis
1524 5362 1598 5408 cum
1624 5344 1774 5423 capellis,

977 5448 1011 5508 et
1033 5447 1201 5524 parochiis
1217 5446 1288 5508 suis
1306 5467 1314 5506 ε
1330 5447 1478 5524 ipsorum
1503 5458 1584 5507 uero
1607 5444 1777 5505 monaste-

978 5543 1119 5618 riorum,
1150 5561 1223 5622 quae
1247 5543 1335 5605 iutra
1362 5543 1482 5605 vestrae
1511 5540 1664 5603 dioooesis
1691 5540 1775 5602 lines

978 5643 1065 5714 sunt,
1089 5643 1249 5704 canonica
1276 5640 1451 5720 dispositio
1476 5640 1510 5702 et
1530 5637 1696 5711 abbatum,
1720 5637 1776 5714 qui
