4082 6342
125 405 184 468 457
760 403 991 468 EPISTOLAE.
1016 405 1094 466 LIB.
1119 403 1144 466 1.
1721 405 1782 464 158

125 565 194 628 bati
221 563 415 628 monasterii
445 564 552 626 sancti
586 564 749 642 Dionysii,
787 567 924 643 ejusque
981 557 1782 642 00010100100100000100100,100000000000101

125 662 848 742 1001011001001000000111000000101000
865 680 925 726 re·
981 662 1135 725 monachi
1163 661 1370 735 ordinentur,
1398 677 1461 740 per
1485 677 1568 740 quos
1591 663 1720 739 gratius
1746 663 1782 726 in

126 763 274 840 gulanam
288 761 398 824 vitam
406 761 565 839 professis
581 761 615 823 in
631 762 837 840 perpetuum.
981 759 1098 823 eadem
1111 759 1255 823 ecclesia
1269 764 1337 823 Deo
1360 759 1533 824 servitium
1559 761 1693 823 assidue
1717 762 1783 822 im-

166 859 424 936 EtiectnnnJusta
434 858 878 936 postulantibusindulgere,
894 860 927 921 et
982 859 1155 936 pendatur.
1173 861 1211 920 In
1226 858 1418 937 episcopatu
1436 858 1652 922 Aurelianen.
1673 859 1784 922 eccle-

125 958 223 1034 sigor
249 957 415 1035 aequitatis
438 958 473 1020 et
495 957 577 1019 ordo
600 956 745 1035 postulat
773 957 924 1030 rationis,
982 955 1067 1018 siam
1081 957 1121 1018 de
1140 958 1291 1019 Toriaco.
1314 957 1472 1034 Campum
1487 957 1642 1018 Manerii.
1657 957 1783 1019 Villare

127 1055 312 1134 praesertim
327 1054 458 1133 quando
483 1054 664 1132 petentium
687 1055 876 1118 voluntates
895 1057 928 1118 et
982 1055 1165 1117 vendrous.
1189 1054 1311 1116 Villam
1326 1055 1425 1127 Mevi,
1445 1056 1577 1132 Eejens,
1595 1055 1717 1116 Luiris.
1734 1055 1783 1117 lid

126 1153 233 1232 pietas
254 1153 391 1230 adjuvat
404 1154 438 1216 et
451 1154 574 1215 veritas
591 1169 659 1214 non
672 1153 843 1231 relinquit.
863 1156 928 1215 Ea·
982 1151 1434 1230 haeocompositionemillam
1450 1168 1548 1230 quarn
1558 1153 1655 1214 bonae
1665 1169 1786 1214 memo-

125 1251 262 1330 propter
275 1251 387 1314 dilecti
402 1252 437 1313 in
452 1252 592 1314 Domino
607 1251 680 1321 lilii,
694 1253 818 1315 vestris
826 1252 927 1331 justis
982 1250 1044 1312 rias
1054 1251 1233 1324 Henricus,
1247 1251 1411 1328 quondam
1428 1251 1651 1313 Silvanecten.
1661 1253 1787 1328 episco-

126 1347 404 1426 postulationibus
415 1347 596 1410 clementer
609 1348 789 1410 annuimus
797 1351 831 1410 et
840 1364 929 1426 prae·
983 1364 1056 1426 pus,
1072 1365 1173 1426 super
1183 1348 1324 1412 diversis
1335 1349 1480 1426 querelis
1491 1365 1564 1427 quae
1578 1348 1666 1411 inter
1679 1365 1740 1411 ros
1753 1348 1787 1412 et

125 1444 231 1508 iatum
257 1446 496 1509 monasterium
522 1447 629 1508 sancti
652 1446 815 1524 Dionysii,
840 1445 927 1524 quod
983 1445 1128 1510 nobilem
1142 1448 1250 1510 virum
1265 1449 1318 1508 W.
1333 1447 1374 1509 de
1389 1446 1615 1518 Melloto,tam
1630 1447 1665 1508 in
1679 1447 1786 1509 talliis

126 1543 319 1621 specialiter
338 1544 429 1606 beati
447 1544 537 1606 Petri
554 1545 642 1622 jnris
666 1544 782 1607 existit
807 1543 928 1622 inquo
984 1561 1082 1623 quam
1110 1546 1146 1608 in
1175 1546 1304 1608 corveis
1332 1545 1365 1608 et
1397 1546 1497 1608 terris
1519 1544 1731 1607 censualibus
1754 1547 1788 1608 et

126 1642 241 1704 divino
259 1643 339 1706 estis
364 1642 522 1720 obsequio
543 1642 735 1720 mancipati,
760 1641 802 1704 ad
815 1657 930 1704 exem·
985 1643 1184 1721 quibusdam
1207 1642 1284 1705 aliis
1299 1642 1513 1706 vertebantur
1532 1642 1648 1706 statuit
1671 1643 1788 1706 obser-

127 1741 202 1818 plar
224 1739 333 1802 ielicis
361 1740 602 1804 recordationis
635 1741 820 1814 Zachariae,
856 1743 931 1804 Ste-
984 1743 1139 1804 vendam.
1171 1742 1426 1804 concessionem
1457 1741 1551 1803 vobis
1579 1741 1613 1803 et
1640 1758 1702 1819 per
1728 1757 1789 1804 vos

126 1838 243 1916 phani,
253 1839 387 1911 Leonis,
397 1837 590 1911 Alexandri,
601 1838 786 1911 Paschalis,
796 1838 929 1907 calixti,
986 1840 1189 1904 monasterio
1203 1841 1315 1902 vestro
1331 1839 1451 1902 iactam
1467 1856 1487 1901 a
1508 1839 1604 1902 bonae
1619 1841 1789 1902 memoriae

128 1936 331 2009 1000000111,
363 1937 520 2014 Eugenii,
548 1937 643 1998 Lucii
668 1938 701 1998 01
730 1936 929 2009 innocentii,
986 1939 1137 2001 suidone
1161 1939 1326 2016 quondam
1350 1941 1515 2002 senonen.
1537 1938 1789 2016 archiepiscopo

127 2038 357 2098 Romanorum
388 2035 606 2109 Pontificum,
648 2035 932 2113 praedecessorum
986 2029 1603 2114 010100001000000011000100001001ἰο
1618 2036 1785 2109 1οΒ0100,

128 2133 332 2206 nostrorum,
356 2133 418 2194 sub
452 2133 541 2195 beati
567 2134 657 2196 Petri
672 2134 706 2196 et
723 2134 838 2197 nostra
854 2149 933 2211 pro·
987 2133 1029 2196 de
1056 2135 1172 2197 sancto
1187 2136 1291 2212 Lupo,
1319 2135 1359 2196 de
1380 2135 1576 2208 Jossnvilla,
1593 2135 1634 2197 10
1656 2139 1732 2206 Ver,
1750 2135 1790 2196 de

126 2231 273 2294 tectione
300 2232 517 2310 suscipimus,
547 2236 582 2294 et
606 2233 783 2309 praesentis
817 2232 932 2309 scripti
988 2231 1131 2305 Eiriaco,
1148 2232 1188 2294 de
1201 2231 1419 2310 Grandipitte,
1437 2233 1477 2294 de
1492 2233 1788 2295 0000100010000.

129 2329 317 2408 patrocinio
327 2331 580 2391 communimus.
594 2329 932 2408 inquibussiqnidem
989 2331 1286 2393 praesentationem
1322 2331 1424 2392 etiam
1460 2330 1729 2407 presbyterorum
1754 2331 1790 2392 in

128 2427 325 2500 statuentes,
353 2427 390 2488 ut
415 2426 495 2488 ordo
521 2427 723 2489 monasticus
737 2427 793 2505 001
813 2442 934 2488 secun·
988 2429 1117 2489 eisdem
1151 2428 1313 2490 ecclesiis.
1348 2429 1602 2490 Concessionem
1636 2427 1791 2490 similiter

129 2525 208 2586 dum
235 2524 324 2586 beati
348 2525 520 2587 Benedicti
541 2525 704 2601 regulam,
728 2527 804 2597 etc„
827 2539 933 2598 usquc
988 2525 1083 2587 vobis
1106 2525 1228 2588 factam
1243 2541 1262 2587 0
1277 2525 1372 2588 bonae
1396 2526 1790 2604 memorlaeRog.q110n-

129 2622 336 2686 observetur.
364 2625 533 2686 Praeterea
554 2638 779 2700 quascumque
801 2637 935 2699 posses·
989 2622 1065 2685 dam
1089 2625 1301 2687 cameracen.
1323 2624 1479 2702 episcopo
1501 2626 1534 2686 et
1549 2627 1621 2702 ejus
1634 2627 1790 2686 anteces-

130 2722 255 2794 siones,
278 2722 362 2795 etc,
391 2737 498 2796 usque
525 2720 728 2798 permaneat.
758 2718 935 2797 inquibus
990 2721 1121 2783 sonibus
1143 2722 1341 2794 Gualchero‚
1358 2723 1504 2794 Oddone,
1519 2723 1660 2785 Nicolao
1679 2723 1720 2784 de
1733 2739 1792 2785 ec-

129 2836 218 2898 quae,
233 2819 310 2892 etc,
325 2835 432 2894 00000
447 2815 658 2896 pertinentiis
678 2819 759 2891 suis,
781 2818 935 2880 donatio-
990 2821 1094 2882 clesia
1116 2820 1156 2882 de
1176 2819 1304 2893 Forest,
1326 2820 1482 2884 01100110
1509 2821 1666 2893 solemio,
1693 2821 1792 2883 altari

130 2934 208 2980 nem
224 2917 476 2995 praebendarum
499 2917 535 2978 10
559 2917 700 2978 ecclesia
716 2917 830 2978 sancti-
838 2916 935 2978 Pauli
990 2917 1246 2988 devertiniolo,
1270 2933 1350 2980 cum
1367 2917 1507 2980 decimis
1522 2919 1555 2980 et
1568 2918 1721 2980 omnibus
1736 2935 1793 2996 ap·

131 3016 166 3078 in
195 3015 391 3093 episcopatu
425 3014 595 3078 Parisien.
620 3015 805 3078 Ecclesiam
829 3013 935 3076 sancti
991 3014 1150 3092 penditiis
1170 3029 1297 3077 eorum.
1321 3015 1513 3078 Portionem
1537 3016 1711 3094 cujusdam
1735 3017 1794 3078 de-

131 3113 343 3190 Leodegarii.
374 3113 559 3176 Ecclesiam
586 3113 693 3174 sancti
728 3112 866 3175 Martini
900 3112 935 3173 in
991 3113 1085 3174 cimae
1113 3113 1153 3174 de
1174 3115 1260 3175 Run.
1284 3115 1365 3174 Item
1392 3113 1664 3190 compositionem
1694 3130 1793 3191 quam

132 3213 250 3273 strata.
277 3212 402 3274 cellam
422 3211 529 3274 heatae
549 3210 664 3272 Mariae
691 3225 793 3288 prope
812 3209 947 3272 corbo-
987 3212 1057 3286 jam
1085 3210 1193 3271 dictus
1225 3210 1445 3272 Silvanecten.
1480 3211 1655 3288 episcopus
1690 3227 1792 3289 super

133 3310 218 3370 lium
245 3325 346 3387 super
369 3309 506 3370 fiuvium
522 3311 647 3370 Essene
667 3308 765 3370 sitam
785 3323 860 3369 curn
876 3322 937 3384 ap·
992 3309 1220 3370 controversia
1237 3325 1309 3386 quae
1325 3309 1486 3371 intervos
1506 3310 1539 3370 et
1559 3308 1730 3372 Albertum
1752 3310 1793 3371 de

133 3407 293 3485 penditiis
318 3407 400 3468 suis.
430 3406 613 3468 Ecclesiam
635 3406 676 3468 de
697 3404 934 3482 'iremhleJaco
992 3405 1451 3484 monleOmoriodequadam
1464 3407 1606 3480 viatura,
1619 3407 1794 3484 atquibus·

133 3505 375 3567 Monasterium
396 3505 502 3566 beatae
524 3505 640 3566 Mariae
666 3504 706 3565 10
730 3503 934 3577 arganello,
992 3505 1067 3565 dam
1103 3504 1216 3581 pravis
1256 3503 1551 3566 consuetudinibus
1589 3505 1792 3578 vertebatur,

133 3603 223 3682 quod
246 3603 348 3665 situm
375 3603 425 3664 est
450 3619 551 3679 supra
581 3602 722 3663 liuvium.
750 3604 937 3679 Sequanam
992 3601 1107 3663 statuit
1123 3601 1376 3663 observandam.
1393 3604 1648 3664 concessionem
1664 3619 1794 3681 quoque

133 3717 212 3764 cum
223 3701 434 3778 pertinentiis
447 3700 528 3761 suis.
993 3698 1143 3761 coenobio
1165 3699 1274 3760 vestro
1298 3699 1419 3762 factam
1443 3699 1665 3761 avenerabili
1690 3699 1794 3762 iratra

177 3801 216 3860 In
236 3799 525 3876 archiepiscopatu
546 3797 810 3873 mathomariam:
830 3796 939 3858 Eccle-
993 3799 1107 3858 nostro
1123 3796 1209 3858 Phil.
1225 3797 1400 3858 Belvacen.
1412 3797 1567 3874 episcopo
1580 3797 1648 3858 tam
1664 3797 1704 3859 de
1717 3813 1795 3874 per-

135 3898 223 3959 siam
244 3897 352 3958 sancti
375 3895 465 3958 Petri
489 3896 530 3958 10
545 3897 645 3958 calvo
660 3896 771 3957 monte
787 3911 862 3956 cum
877 3894 939 3956 tri·
993 3893 1113 3958 senatu
1128 3909 1226 3972 quam
1241 3894 1281 3956 de
1296 3895 1554 3971 praesantatione
1580 3895 1616 3956 in
1642 3895 1794 3958 ecclesiis

135 3995 200 4057 bus
244 3995 383 4072 capellis
418 3993 486 4058 sibi
526 3992 773 4071 adjacentibus,
812 3992 940 4054 scilicet
994 3991 1214 4066 sacerdotum,
1237 3991 1393 4054 videlicet
1412 3993 1554 4054 ecclesia
1577 3995 1683 4056 sancti
1699 3995 1794 4056 Mar-

136 4093 264 4154 sanctae
287 4091 415 4163 Mariae,
441 4089 548 4152 sancti
568 4089 743 4162 iohannis,
764 4088 797 4150 01
811 4088 939 4166 capella
993 4089 1056 4153 tini
1078 4090 1119 4151 de
1144 4090 1246 4160 colle,
1263 4090 1406 4152 ecclesia
1421 4091 1461 4152 10
1476 4091 1637 4165 asneriis,
1652 4092 1797 4154 00010010

136 4187 772 4263 100011001Εο010010001000001000,
789 4201 864 4264 que
878 4202 940 4248 nec
994 4187 1035 4249 10
1049 4187 1202 4259 Vibisco,
1224 4188 1365 4250 ecclesia
1392 4188 1432 4250 de
1457 4189 1563 4267 cyris,
1587 4190 1729 4252 ecclesia
1755 4189 1796 4252 de

139 4287 309 4366 synodum
331 4302 392 4348 nec
415 4286 565 4347 curatam
594 4285 799 4362 persolvunt.
825 4284 941 4346 Eccle-
995 4286 1082 4354 croi,
1111 4286 1255 4348 ecclesia
1280 4285 1321 4347 de
1347 4285 1564 4361 Morentiaco,
1590 4287 1732 4350 ecclesia
1757 4287 1797 4350 de

137 4385 223 4447 siam
259 4384 300 4446 de
325 4384 486 4446 Buxiaco.
512 4382 694 4444 Ecclesiam
721 4383 761 4444 de
787 4382 938 4458 sagiaco.
996 4381 1173 4456 ldafflierc,
1193 4383 1333 4445 ecclesia
1360 4383 1400 4445 de
1421 4385 1576 4457 Νο01000,
1591 4385 1741 4447 ecclesia
1757 4385 1797 4446 de

137 4483 322 4546 Ecclesiam
334 4483 375 4544 de
390 4481 573 4544 cormeliis.
589 4480 770 4542 Ecclesiam
785 4480 826 4542 de
841 4481 938 4543 cave.
995 4482 1127 4553 Murno,
1158 4482 1190 4542 01
1222 4481 1363 4543 00010010
1392 4481 1433 4543 de
1462 4481 1619 4543 Bussorla
1646 4483 1681 4542 in
1711 4497 1798 4559 pago

138 4581 328 4642 Ecclesiam
338 4580 378 4641 de
404 4581 515 4641 Monte
531 4576 665 4639 ceruld.
695 4577 876 4639 Ecclesiam
901 4577 941 4638 de
996 4579 1116 4641 Meton.
1135 4579 1259 4640 cellam
1275 4593 1395 4640 novam
1408 4593 1484 4640 cum
1499 4577 1651 4640 omnibus
1666 4595 1797 4656 appen-

137 4678 298 4755 Ablegiis.
313 4677 494 4740 Ecclesiam
515 4677 561 4738 da
575 4675 689 4737 sancio
702 4675 810 4738 claro.
827 4675 943 4737 Eccle-
996 4677 1088 4738 ditiis
1117 4677 1207 4749 suis,
1236 4675 1391 4739 videlicet
1415 4674 1559 4753 Ulipret,
1594 4678 1796 4753 ausminge,

137 4773 941 4838 siamdemonteGenvoldi.1nN0rmanniavero
998 4773 1193 4850 Emilingas,
1214 4772 1390 4836 ecclesiam
1414 4773 1454 4834 de
1469 4774 1633 4853 Eulcreja,
1660 4775 1796 4850 salinas,

137 4874 316 4936 ecclesiam
330 4874 371 4934 de
386 4872 611 4934 Morenniaco.
629 4871 812 4934 Ecclesiam
827 4871 868 4932 de
884 4870 942 4932 Li·
997 4889 1037 4934 ac
1049 4873 1191 4949 patellas
1205 4870 1388 4932 salinarum
1403 4871 1489 4949 apud
1503 4873 1720 4935 Marsaltiam.

138 4972 237 5034 liaco.
254 4971 438 5032 Ecclesiam
457 4971 498 5031 de
518 4968 682 5031 Eloriaco.
697 4969 880 5030 Ecclesiam
901 4968 942 5030 de
1037 4973 1075 5032 ln
1100 4970 1294 5047 episcopatu
1317 4971 1510 5032 Laudunen.
1536 4972 1642 5034 altare
1662 4973 1703 5034 de
1718 4975 1801 5034 car-

139 5069 346 5131 Bernevalle.
372 5067 555 5130 Ecclesiam
578 5066 619 5128 de
645 5067 761 5128 sancto
786 5067 940 5129 Martino.
998 5069 1109 5130 dursa.
1125 5069 1240 5131 altare
1264 5068 1304 5129 de
1325 5070 1440 5130 sancto
1455 5069 1608 5132 Goberto.
1624 5071 1738 5133 Altare
1760 5071 1800 5133 de

140 5168 324 5229 Ecclesiam
339 5167 380 5228 ds
399 5166 571 5242 Fregellis.
590 5168 627 5226 ln
647 5165 840 5242 episcopatu
862 5167 945 5225 car·
999 5165 1133 5228 Piloris.
1169 5167 1283 5229 Altare
1303 5166 1359 5252 ‚de
1388 5167 1542 5231 Serriaco
1571 5185 1646 5230 cum
1673 5169 1802 5246 capella

139 5267 251 5327 notan.
278 5263 461 5326 Ecclesiam
485 5263 525 5324 de
539 5262 668 5341 Trapis.
686 5261 943 5324 concessionem
999 5265 1105 5326 sancti
1120 5265 1272 5342 Dionysii
1291 5279 1364 5342 quae
1377 5266 1428 5327 est
1453 5267 1540 5343 apud
1560 5266 1800 5328 Ribomentern.

140 5363 244 5424 etiarn
278 5363 473 5440 patronatus
504 5361 657 5423 ecclesiae
686 5359 791 5422 heatae
827 5359 943 5421 Mariae
1001 5365 1036 5424 ln
1052 5363 1176 5424 Visana
1191 5363 1278 5425 valle
1293 5363 1453 5424 alterode
1474 5363 1624 5436 sorbeis,
1641 5365 1747 5426 altare
1762 5365 1803 5427 de

140 5461 436 5522 deMedontacum
458 5459 611 5520 omnibus
632 5457 897 5536 possessionibus
913 5459 946 5520 et
1000 5461 1159 5538 altrepia,
1190 5460 1296 5524 aliare
1325 5462 1365 5522 de
1394 5461 1531 5533 Rosbes,
1548 5462 1710 5524 altarede
1735 5467 1804 5526 110-

141 5557 341 5636 appenditiis
356 5558 438 5629 suis,
454 5573 474 5618 0
487 5557 664 5619 carissimo
678 5557 712 5616 in
729 5556 860 5618 christo
874 5556 944 5616 illio
1001 5559 1141 5630 clreniis,
1158 5560 1265 5622 altare
1278 5559 1319 5624 de
1337 5557 1468 5620 serenis
1480 5559 1637 5624 lontibus.
1655 5563 1704 5623 Ex
1717 5562 1803 5624 dono

142 5657 256 5718 nostro
281 5656 341 5717 Ph.
370 5654 495 5716 illustri
520 5669 598 5730 rege
619 5655 825 5716 Francorum
849 5653 944 5716 vobis
1001 5657 1142 5720 illustris
1160 5657 1330 5720 memoriae
1347 5657 1516 5730 Ludovici,
1534 5657 1700 5736 quondam
1714 5661 1805 5737 regis

143 5754 279 5832 provide
307 5753 508 5829 iactam-,ita
532 5752 618 5831 quod
635 5751 869 5818 decedentibus
889 5767 947 5815 ca·
1004 5757 1219 5829 Francorum,
1257 5754 1415 5834 quidquid
1446 5755 1481 5818 10
1509 5755 1590 5820 villa
1614 5757 1655 5820 de
1688 5757 1805 5836 Erapis
