4058 6308
154 375 216 436 313
792 379 1022 442 EPISTOLAE.
1046 381 1125 442 LIB.
1149 384 1174 444 I.

1741 397 1801 461 314

149 536 281 614 gratam
302 535 472 612 habentes,
494 539 527 602 et
546 542 663 614 ratam,
685 539 778 604 iliam
796 542 946 606 auctori·
1042 544 1161 608 Datum
1197 546 1363 623 Laterani,
1386 566 1446 628 per
1475 567 1611 616 manum
1637 555 1800 634 Raynerii

148 637 218 696 tate
240 637 430 712 Apostolica
456 639 702 713 confirmamus,
721 641 755 704 et
773 642 947 718 praesentis
1004 644 1037 704 S.
1051 647 1093 707 R.
1112 647 1147 706 E.
1163 645 1471 723 Vicecanohellarii,
1492 655 1511 714 4
1532 669 1639 715 33333
1668 657 1797 730 martii,

149 733 266 811 scripti
280 735 457 812 privilegio
472 739 725 802 communimus.
734 740 773 802 ut
784 741 862 818 quia
878 757 948 817 spe
1003 743 1073 804 lnd.
1090 745 1130 817 V,
1147 747 1277 806 incarn.
1294 747 1474 812 Dominicae
1489 767 1577 814 anno
1599 755 1686 827 1217,
1711 771 1799 832 pou-

149 848 273 906 ramus‚
294 834 380 910 quod
395 835 461 912 ipsi
475 838 581 914 magis
596 839 753 916 prodesse
767 838 945 912 desideres,
1002 841 1147 904 tificatus
1158 859 1238 908 vero
1249 846 1389 908 Honorii
1404 851 1504 926 Papae
1521 851 1665 914 1113333
1677 853 1796 930 primo.

149 947 248 1008 quam
263 947 418 1010 praeesse,
438 936 592 998 nolumus
607 938 643 999 ut
663 937 834 1011 honorem,
850 953 947 1016 quem

147 1029 209 1090 tibi
225 1046 326 1107 super
347 1031 411 1095 hoc
432 1033 639 1109 exhibemus,
663 1037 839 1099 attendens
863 1051 947 1098 onus

147 1129 181 1189 et
195 1128 419 1204 provisionem
434 1132 540 1209 ipsius
554 1135 750 1198 monasterii
762 1135 875 1198 taliter
887 1151 948 1198 ex-

147 1227 311 1304 sequaris,
327 1229 413 1305 quod
425 1230 461 1291 in
472 1230 722 1310 temporalibus,
739 1235 773 1296 et
787 1235 947 1312 spiritua-

147 1324 237 1386 libus
263 1341 323 1403 per
340 1326 433 1388 tuum
460 1330 617 1402 studium,
633 1333 769 1396 auctore
792 1334 944 1408 Domino,

145 1421 358 1499 reformetur,
375 1442 437 1488 nec
451 1427 498 1502 tu,
515 1445 577 1492 nec
591 1445 800 1496 successores
814 1433 864 1496 tui
875 1433 947 1511 pri-

145 1522 308 1599 vilegium
332 1524 485 1590 amittere
512 1530 720 1600 mereamini,
737 1530 766 1592 si
787 1547 945 1594 concessa

144 1620 242 1683 vobis
261 1622 358 1684 abusi
381 1623 511 1688 fueritis
534 1627 708 1704 potestate.
731 1629 945 1694 Decernimus

146 1736 239 1797 ergo,
257 1721 293 1782 ut
307 1721 392 1782 nulli
404 1725 539 1786 omnino
552 1725 723 1788 hominum
739 1727 839 1790 liceat
853 1744 944 1805 prae-

145 1819 249 1881 fatam
268 1819 445 1884 ecclesiam
461 1825 649 1887 Lunensem
667 1811 793 1888 temere
808 1828 944 1904 pertur-

144 1916 238 1991 bare,
268 1920 327 1982 aut
357 1923 429 1998 ejus
454 1925 683 1999 possessiones
715 1925 859 1999 auferre,
888 1926 946 1989 aut

145 2015 275 2079 ablatas
298 2019 454 2094 retinere,
482 2023 645 2095 minuere,
669 2039 730 2086 seu
744 2024 945 2101 quibuslibet

143 2117 380 2180 vexationibus
407 2119 564 2196 fatigare,
590 2121 648 2183 sed
677 2122 788 2184 omnia
814 2123 944 2199 integra

146 2217 386 2280 conserventur
400 2233 526 2292 eorum,
547 2236 607 2296 pro
621 2236 762 2298 quorum
776 2220 946 2296 guberna-

144 2311 236 2374 tione
251 2328 291 2374 ac
305 2315 546 2378 sustentatione
561 2333 721 2380 concessa
736 2319 815 2380 sunt
827 2319 944 2380 usibus

144 2411 344 2472 omnimodis
363 2412 546 2489 profutura,
569 2415 662 2478 salva
684 2416 778 2478 Sedis
796 2419 944 2494 Aposto-

144 2507 217 2569 licae
242 2511 449 2575 auctoritate.
474 2513 509 2574 Si
527 2530 592 2592 qua
610 2515 725 2591 igitur,
744 2517 942 2590 3131111133,

144 2607 392 2681 1133313133.

183 2707 256 2782 Ego
276 2708 454 2782 Honorius,
480 2710 654 2773 catholicae
677 2712 830 2774 ecclesiae
855 2712 945 2791 epis-

146 2818 261 2880 oopus.

181 2901 357 2976 Nicolaus,
373 2904 580 2966 Tusculanus
596 2906 782 2983 episcopus.

182 2999 303 3072 Guido,
320 3003 596 3064 Praenestinensis
611 3005 797 3081 episcopus.

181 3099 372 3174 Hugolinus
385 3101 571 3163 Hostiensis
589 3101 622 3163 et
640 3101 846 3164 veletrensis
861 3101 944 3180 epis-

144 3213 258 3274 copus.

181 3293 353 3371 Pelagius,
371 3295 569 3358 Albanensis
582 3296 768 3374 episcopus.

182 3392 942 3466 (13113,8.Ν133131133313313Τ31113331133.

145 3492 233 3553 3311.

181 3589 396 3662 Octavianus,
426 3593 483 3652 88.
509 3592 616 3669 Sergii
645 3593 678 3655 et
706 3593 829 3654 Bacchi
857 3594 941 3655 1133.

145 3689 234 3750 3311.

182 3787 376 3862 Gregorius,
395 3788 509 3850 Sancti
527 3787 693 3850 Theodori
709 3788 794 3849 diac.
811 3788 901 3849 card.

181 3885 387 3962 Reynerius‚
417 3886 547 3948 Sanctae
569 3886 685 3948 Mariae
712 3886 748 3946 iu
770 3886 943 3949 cosmedin

145 3981 227 4045 diac.
247 3983 337 4044 card.

181 4084 365 4154 Romanus,
384 4083 497 4144 Sancti
511 4082 629 4160 angeli
644 4083 729 4145 diac.
745 4082 835 4166 eard.

180 4179 565 4254 AlebraudinusSanoti
577 4181 748 4244 Eustachii
759 4180 942 4243 diaceard.

183 4277 384 4356 Stephanus,
400 4280 514 4341 Sancti
526 4279 665 4341 Adriani
678 4280 763 4342 diac.
778 4279 868 4341 3311.

182 4377 357 4454 Cynthius,
391 4376 442 4439 tit.
481 4381 514 4440 S.
544 4378 717 4440 Laurentii
749 4379 786 4439 in
818 4377 944 4439 Lucina

30 4453 31 4473 ¹
146 4475 255 4551 presb.
273 4475 364 4538 3311.

29 4563 33 4625 '.
180 4577 262 4646 Le0,
290 4573 340 4635 tit.
365 4575 398 4635 8.
415 4573 529 4636 Crucis
544 4573 580 4634 13
603 4573 813 4635 Hierusalem
829 4573 940 4651 presb.

30 4675 31 4682 ’
146 4672 233 4734 3311.

183 4773 316 4844 Ρ31133,
329 4772 362 4832 8.
377 4770 593 4833 Pudentianae
608 4771 659 4833 tit.
674 4771 822 4832 Pastoris
833 4769 942 4847 presb.

146 4871 233 4931 card.

183 4969 360 5041 liebertus,
376 4967 474 5030 1118.
490 4967 650 5044 Stephani
664 4968 700 5029 in
716 4967 818 5030 Coelio
832 4969 944 5031 monte

146 5067 253 5142 presb.
270 5067 361 5130 card.

184 5166 376 5242 Gregorius,
403 5165 454 5228 111.
482 5163 611 5227 Sanctae
626 5165 812 5228 anastasiae
832 5165 942 5243 presb.

147 5264 236 5325 card.

182 5362 406 5436 1113333111.
424 5363 555 5425 Sanctae
572 5361 704 5424 Sabinae
719 5360 830 5440 presb.
852 5362 942 5424 card.

184 5463 315 5536 Petrus,
326 5463 390 5534 111.,
404 5463 437 5523 8.
450 5461 623 5523 Laurentii
633 5461 668 5522 in
678 5464 820 5524 Damaso
830 5461 942 5539 presb.

147 5560 235 5621 card.

183 5659 371 5734 lohannes,
406 5657 457 5722 tit.
489 5657 619 5720 Sanctae
643 5657 805 5720 Praxedis
833 5657 941 5736 presb.

148 5758 235 5819 card.

1337 1071 1471 1159 toln

1085 1241 1136 1300 Ad
1151 1241 1333 1304 3111331333
1347 1242 1462 1314 fideles
1476 1246 1514 1304 13
1527 1247 1719 1321 Campania

1293 1341 1507 1404 constitutos.

1293 1485 1311 1544 11
1326 1493 1408 1546 mart.
1424 1488 1503 1546 lali.

1002 1607 1131 1670 [11131333
1148 1607 1231 1660 Codes
1254 1609 1429 1673 diplomaticus
1447 1610 1554 1661 13311311
1573 1614 1726 1677 temporalis.
1744 1615 1799 1675 1.1,

1305 1689 1491 1758 pstmffi]

1001 1855 1144 1916 Fidelibus
1161 1858 1325 1932 campanie
1343 1859 1490 1919 lohannes
1513 1861 1637 1920 33113.
1661 1862 1798 1922 Praxedis
1845 1913 1856 1938 ,

1227 1956 1319 2008 rector
1333 1950 1563 2010 commendatur.

1039 2091 1207 2172 Honorius
1218 2111 1529 2190 episcopusservus
1540 2129 1713 2177 servorum
1723 2117 1795 2191 Dei,

1000 2208 1129 2270 dilectis
1156 2209 1234 2271 tiliis
1258 2212 1424 2273 universis
1444 2213 1598 2275 fidelibus
1618 2215 1742 2277 nostris
1762 2215 1796 2277 in

1000 2309 1180 2386 Campania
1200 2309 1398 2384 constitutis,
1420 2311 1561 2374 salutem
1579 2312 1795 2390 3133331311-

1000 2423 1073 2468 cam
1086 2405 1362 2469 benedictionem.

1039 2505 1082 2566 Ut
1110 2505 1265 2582 specialis
1292 2505 1479 2567 devotionis
1514 2505 1669 2578 affectus,
1698 2525 1796 2587 quem

999 2618 1079 2678 erga
1087 2619 1146 2664 vos
1155 2603 1314 2681 tanquam
1325 2604 1488 2680 speciales
1496 2605 1693 2682 Apostolioae
1703 2606 1797 2668 Sedis

999 2701 1086 2763 filios
1105 2701 1138 2764 et
1156 2700 1272 2763 fideles
1291 2702 1462 2776 habemus,
1488 2705 1648 2781 appareat
1671 2705 1797 2768 clarius

999 2799 1035 2860 in
1047 2799 1178 2875 effectu,
1193 2816 1234 2862 ea
1246 2817 1320 2879 quae
1331 2801 1373 2862 ad
1395 2817 1510 2878 pacem
1526 2803 1559 2864 et
1571 2803 1798 2881 quietemves·

999 2899 1086 2960 tram
1102 2898 1268 2962 credimus
1288 2901 1476 2976 provenire,
1495 2902 1797 2980 quantumcumque

1000 2997 1104 3058 simus
1132 2997 1209 3058 aliis
1235 2999 1378 3074 negotiis
1411 3000 1575 3076 occupati,
1605 3001 1796 3063 nullatenus

999 3095 1219 3172 praeterimus,
1229 3095 1310 3173 quin
1319 3097 1392 3173 ipsa
1407 3095 1566 3157 familiari
1577 3098 1720 3175 quadam
1733 3099 1798 3162 sol·

999 3192 1170 3256 licitudine
1185 3209 1413 3272 procuremus.
1436 3197 1523 3256 8333
1535 3212 1637 3273 quum
1654 3197 1795 3259 dilectus

999 3292 1088 3352 filius
1111 3294 1226 3354 noster
1246 3293 1294 3367 C,
1318 3293 1425 3356 sancti
1446 3293 1613 3356 Theodori
1636 3295 1797 3358 diaconus

999 3391 1191 3464 cardinalis,
1211 3391 1300 3454 circa
1314 3391 1464 3470 quaedam
1477 3395 1606 3470 majora
1621 3394 1796 3470 sollicitus,

998 3506 1106 3568 nuper
1117 3490 1213 3552 nobis
1225 3491 1325 3554 terrae
1336 3491 1456 3553 vestrae
1468 3492 1718 3556 renunciaverit
1729 3509 1799 3556 reo·

999 3590 1130 3659 loriam,
1156 3606 1217 3651 nos
1242 3589 1393 3652 nolentes
1421 3606 1481 3652 133
1509 3591 1651 3653 13313113
1678 3591 1797 3654 3313113

998 3687 1201 3759 defraudari,
1224 3704 1313 3749 nunc
1332 3688 1477 3749 maxime
1497 3705 1599 3765 quum
1618 3688 1799 3752 dissentio-

998 3787 1051 3847 nis
1070 3787 1103 3848 et
1124 3785 1274 3847 scandali
1298 3785 1402 3847 fomes
1416 3785 1552 3848 timetur
1570 3786 1743 3860 intervos,
1760 3787 1797 3849 in

998 3884 1146 3947 vestrum
1167 3883 1378 3961 dispendium
1400 3883 1621 3958 suscitandus,
1643 3901 1721 3947 ecce
1740 3886 1796 3947 di-

997 3983 1119 4046 lectum
1143 3981 1248 4043 filium
1269 3986 1443 4056 loannem,
1464 3982 1554 4044 tituli
1575 3985 1609 4044 S.
1633 3985 1797 4047 Praxedis

997 4081 1109 4159 presb.
1123 4081 1227 4153 3311,
1240 4081 1350 4144 virum
1365 4081 1480 4158 utique
1500 4081 1675 4158 providum
1694 4084 1727 4144 et
1741 4083 1798 4144 ho·

999 4179 1147 4252 nestum,
1173 4179 1430 4255 magnanimiter
1454 4178 1487 4240 et
1507 4180 1660 4256 potenter
1679 4179 1798 4261 [agen-

998 4275 1091 4358 tem],
1107 4279 1148 4340 de
1160 4277 1388 4356 cujusvirtute
1403 4277 1437 4340 et
1456 4277 1622 4340 industria
1641 4279 1798 4341 fiduciam

999 4377 1198 4450 obtinemus,
1218 4376 1314 4438 vobis
1335 4375 1543 4454 providimus
1563 4377 1598 4437 in
1619 4378 1795 4444 rectorem.

999 4476 1161 4548 Quocirca
1183 4474 1434 4537 universitatem
1458 4475 1602 4536 vestram
1624 4491 1796 4538 monemus

998 4574 1032 4636 et
1049 4574 1225 4636 hortamur
1250 4574 1386 4644 3113313,
1408 4587 1469 4650 per
1489 4573 1680 4649 apostolica
1701 4572 1796 4636 vobis

999 4673 1122 4751 scripta
1155 4672 1295 4734 tirmiter
1326 4670 1551 4747 praecipiendo
1586 4671 1794 4746 mandantes

998 4773 1162 4851 quatenus
1180 4770 1300 4847 ipsum,
1318 4783 1416 4845 quem
1430 4783 1490 4844 pro
1506 4783 1643 4829 suorum
1658 4769 1797 4846 exigen-

998 4870 1045 4932 tia
1064 4868 1257 4930 meritorum
1277 4866 1365 4927 inter
1382 4865 1509 4926 ceteros
1529 4863 1649 4928 fratres
1665 4868 1796 4929 nostros

999 4965 1219 5045 praerogativa
1242 4962 1429 5025 dilectionis
1444 4962 1478 5024 et
1495 4962 1612 5039 gratiae
1630 4966 1797 5043 complec-

998 5067 1100 5129 timur
1109 5061 1258 5142 speciali,
1271 5061 1440 5123 studentes
1449 5063 1608 5140 tanquam
1618 5079 1795 5140 personam

998 5165 1146 5227 nostram
1176 5159 1373 5239 propensius
1404 5159 1582 5234 honorare,
1615 5161 1656 5223 de
1685 5164 1795 5226 cetero

999 5263 1061 5327 sibi
1087 5261 1245 5338 tanquam
1270 5258 1393 5320 rectori
1416 5259 1528 5320 vestro
1553 5259 1725 5321 humiliter
1761 5261 1795 5324 et

999 5359 1179 5424 efficaciter
1199 5358 1390 5430 intendatis
1413 5357 1529 5420 devote
1549 5373 1588 5418 ac
1602 5358 1795 5421 reverenter

998 5461 1103 5538 ipsius
1114 5455 1323 5535 obsequendo
1333 5455 1551 5534 beneplacitis
1563 5455 1597 5518 et
1606 5458 1791 5534 praeceptis,

998 5560 1045 5620 ita
1066 5556 1153 5635 quod
1179 5556 1263 5633 ipse,
1285 5555 1342 5633 qui
1367 5553 1513 5616 naturali
1532 5555 1610 5630 Jure
1632 5553 1794 5618 hactenus

997 5658 1113 5719 tenere
1122 5671 1182 5716 vos
1195 5654 1320 5727 dilexit,
1335 5653 1483 5715 tenerius
1494 5653 1613 5714 amodo
1626 5652 1794 5730 diligendo

999 5755 1040 5817 ad
1060 5752 1226 5832 profectus
1240 5751 1368 5815 vestros
1382 5750 1541 5814 reddatur
1555 5752 1651 5814 modo
1666 5752 1795 5814 studio-
