3984 6306
346 334 407 396 379
810 329 987 400 HONORII
1008 330 1054 392 111
1075 331 1223 392 OPERA.
1240 361 1278 376 -
1295 329 1525 394 SERMONES.
1883 341 1921 404 330

346 493 462 556 narius
476 492 564 554 enim
588 504 745 552 numerus
767 505 883 553 omnes
904 491 1062 554 articulos
1078 507 1141 552 nu·
1194 489 1323 554 dicetur
1342 491 1390 553 eis
1412 513 1419 552 :
1445 494 1569 555 Nescio
1587 505 1647 554 uos
1668 490 1786 570 (Mutila.
1809 511 1869 569 ιιι,
1880 501 1920 578 a).
1962 527 1963 540 2

345 591 429 653 meri
444 589 702 666 comprehendit,
719 605 762 651 ex
776 590 895 668 quibus
904 590 1140 666 multiplicatus
1195 589 1275 650 itam
1290 593 1428 652 :Simile
1439 591 1491 652 est
1501 603 1645 668 regnam
1657 596 1922 658 coelomtm...becen
1962 573 1963 636 ἶ

347 688 452 750 omnis
474 703 631 748 numerus
647 687 764 763 surgit.
785 686 833 748 Ab
849 703 914 748 uno
929 687 1017 749 enim
1037 703 1140 764 usque
1195 684 1342 762 virgines
1359 688 1436 747 snut
1451 685 1564 748 decem
1582 685 1722 748 fidelium
1737 689 1852 764 species,
1863 693 1924 752 rile-
1956 643 1963 723 Ι

345 785 513 846 addacem
528 801 588 862 per
603 784 761 846 articulos
774 785 979 858 ascenditur,
995 785 1028 846 et
1042 801 1061 846 a
1077 785 1139 846 de·
1194 782 1283 855 licet,
1300 783 1561 845 misericordiam
1576 783 1740 856 facientes,
1757 801 1810 846 sua
1829 803 1923 864 corpora

344 881 440 943 namo
454 897 560 958 usque
582 881 621 942 ad
639 881 769 957 viginti,
793 882 826 945 at
849 881 952 942 sicin
973 880 1141 944 inlinitum
1195 880 1406 957 castigantes,
1427 881 1585 958 virginali
1608 881 1763 943 munditia
1785 886 1923 956 renitentes,

344 995 404 1056 per
432 979 566 1041 eosdem
593 978 829 1054 multiplicatos
864 977 1066 1055 pervenitur.
1102 979 1142 1042 Et
1196 979 1339 1040 orationi
1360 978 1533 1051 instantes,
1550 978 1585 1040 in
1598 978 1925 1044 bibulationeetcontu

343 1075 418 1138 ideo
455 1089 601 1151 congrue
635 1090 695 1152 per
729 1075 903 1136 denarium
940 1076 1140 1138 universitas
1195 1075 1304 1136 meliis
1321 1077 1496 1152 patientes.
1521 1077 1632 1138 Ριίιιῖθ
1651 1078 1771 1156 species
1789 1078 1926 1154 designatur

344 1171 507 1235 bonorum
522 1172 732 1234 etmalorum
753 1173 810 1251 qui
835 1173 911 1234 suut
929 1173 965 1234 in
980 1173 1139 1246 Ecclesia,
1195 1170 1229 1231 in
1254 1171 1415 1240 Rebecca,
1442 1188 1516 1250 quae
1545 1173 1688 1234 camelos
1714 1175 1873 1250 adaquavit,
1891 1192 1925 1236 se·

345 1266 550 1342 designatur.
581 1266 760 1339 Quinarins
786 1267 897 1330 autem
926 1267 968 1328 ad
996 1267 1140 1346 quinque
1195 1269 1303 1330 cunda
1326 1269 1362 1330 in
1387 1269 1494 1332 Maria
1520 1279 1636 1332 sorore
1658 1273 1780 1342 Aaron,
1806 1287 1864 1348 que
1882 1275 1927 1347 post

272 1415 276 1424 .
345 1379 464 1424 sensus
479 1364 627 1441 corporis
643 1364 843 1438 extenditur,
861 1365 918 1442 qui
939 1365 1013 1426 ideo
1028 1365 1140 1442 dupli·
1194 1367 1371 1428 transitum
1391 1367 1493 1428 maria
1512 1367 1604 1428 rubri
1625 1370 1805 1446 tympanum
1821 1369 1925 1444 sumpsit,

344 1461 450 1533 catur,
476 1461 553 1539 quia
580 1463 657 1523 sunt
680 1460 713 1523 in
735 1461 883 1523 Ecclesia
909 1462 1054 1539 quidam,
1085 1463 1140 1540 qui
1194 1462 1293 1525 tertia
1308 1461 1343 1526 ln
1363 1463 1433 1526 illia
1448 1465 1581 1542 Calepb,
1605 1481 1678 1542 quaa
1701 1439 1843 1540 lrriguirm
1861 1481 1926 1540 supe·

345 1557 489 1636 quinque
509 1559 661 1620 sensibus
686 1560 834 1637 corporis
860 1560 1012 1622 ordinate
1036 1562 1139 1621 utun·
1194 1559 1265 1622 rius
1289 1561 1322 1624 et
1335 1561 1476 1622 inferius
1490 1562 1596 1638 petiit,
1614 1563 1729 1640 quarta
1742 1561 1927 1638 indlialeplte

343 1657 409 1728 tur,
426 1668 487 1716 neo
509 1671 567 1717 eos
581 1655 622 1718 ad
644 1657 848 1734 voluptatem
866 1658 977 1720 carnis
992 1657 1139 1727 flectunt,
1195 1673 1268 1735 qum
1296 1658 1522 1734 virginitatem
1549 1675 1643 1720 suam
1671 1658 1790 1721 dnobus
1812 1658 1927 1719 mensibus

345 1753 403 1814 sed
419 1754 459 1814 ab
482 1754 571 1815 omni
598 1757 732 1831 peccato
757 1754 972 1827 abstinentes,
997 1770 1059 1817 nec
1082 1770 1142 1832 per
1195 1753 1324 1832 planxit
1346 1755 1383 1816 in
1408 1756 1584 1824 montibus,
1610 1756 1725 1833 quinta
1748 1756 1781 1816 in
1804 1757 1870 1816 Sara
1887 1755 1928 1814 ilia

342 1849 425 1910 vitia
440 1849 626 1911 diffluentes
643 1850 683 1912 ad
699 1852 848 1912 coelestia
864 1850 1007 1927 erigunt.
1033 1853 1141 1924 Quare
1196 1852 1369 1929 Raguelis,
1397 1863 1471 1930 quas
1501 1853 1623 1915 auditis
1654 1852 1845 1916 contumeliis
1866 1866 1929 1926 supe·

343 1947 478 2023 propter
492 1947 717 2024 integritatem
733 1949 880 2026 quinque
895 1965 1053 2010 sensuum
1066 1965 1141 2027 pru·
1194 1949 1285 2011 riora
1298 1949 1461 2012 coenacnli
1474 1951 1527 2011 sui
1542 1951 1703 2012 ascendit.

343 2043 460 2105 dentes
475 2045 595 2106 merito
608 2046 757 2122 virgines
773 2057 846 2106 esse
862 2048 1050 2108 censentur.
1235 2049 1272 2107 ln
1287 2047 1339 2108 bis
1352 2047 1497 2126 qrrinque
1505 2047 1679 2109 ordinibus
1691 2048 1749 2108 ulii
1760 2044 1878 2122 suntqui
1885 2047 1928 2104 stn-

385 2141 469 2203 Sunt
481 2141 515 2203 et
528 2141 587 2204 alii
598 2142 654 2218 qui
669 2142 815 2219 quinque
828 2142 979 2204 sensibus
992 2144 1141 2221 corporis
1195 2144 1272 2206 dent
1287 2145 1419 2221 placere
1432 2147 1512 2217 Deo,
1529 2146 1561 2206 et
1575 2144 1636 2206 alii
1646 2145 1702 2223 qui
1713 2143 1832 2206 student
1842 2142 1929 2219 placere

342 2238 533 2300 inordinate
564 2238 713 2313 utuntur,
742 2257 803 2301 nec
832 2257 889 2302 eos
916 2240 956 2302 ad
991 2241 1140 2303 coelestia
1195 2240 1328 2302 mundo.
1345 2244 1466 2302 Omnes
1478 2241 1590 2304 tamen
1606 2244 1686 2304 sunt
1697 2241 1830 2318 virgines
1842 2241 1930 2316 propter

342 2333 502 2408 referunt,
524 2336 581 2398 sed
601 2336 642 2397 ab
663 2337 753 2398 omni
774 2338 861 2400 bono
877 2337 1091 2411 abstinentes,
1108 2340 1142 2403 et
1195 2337 1303 2410 iidem,
1321 2340 1397 2416 quia
1413 2339 1500 2401 sicut
1513 2340 1691 2415 virginitas
1710 2338 1814 2400 carnis
1832 2339 1871 2398 θεῖ
1884 2349 1931 2395 can

341 2445 403 2509 per
419 2433 605 2510 voluptates
625 2434 736 2496 carnis
749 2435 936 2497 diffluentes
951 2435 992 2498 ad
1007 2437 1140 2498 terrena
1194 2435 1378 2513 impolluta,
1395 2437 1442 2498 ita
1454 2435 1632 2512 virginitas
1642 2436 1759 2498 mentis
1770 2437 1814 2496 est
1824 2431 1931 2494 lidessin·

342 2524 590 2593 convertuntur.
612 2533 865 2610 propterquam
889 2533 1140 2596 instabilitatem
1195 2547 1282 2594 cera.
1306 2534 1347 2596 Et
1363 2533 1441 2596 licet
1455 2546 1570 2595 omnes
1595 2534 1664 2596 sint
1677 2531 1930 2609 virginesnonta-

343 2626 489 2703 quinque
504 2645 662 2690 sensuum
678 2629 805 2690 nullum
828 2628 949 2692 bonum
965 2647 1047 2708 opus
1062 2647 1142 2708 pro-
1195 2645 1269 2692 men
1302 2645 1416 2692 omnes
1440 2633 1517 2692 sunt
1543 2631 1726 2708 sapientes,
1753 2631 1823 2708 quia
1842 2627 1879 2687 illi
1895 2623 1931 2683 soli

342 2723 543 2798 ducentium,
570 2725 670 2787 fatuas
690 2726 809 2788 merito
829 2727 978 2803 virgines
999 2743 1141 2790 censen·
1195 2727 1361 2803 sapientes
1375 2727 1452 2788 sunt
1471 2727 1527 2804 qui
1542 2745 1562 2790 a
1578 2731 1646 2790 Deo
1661 2729 1798 2804 gloriam
1810 2722 1930 2803 quarm:

342 2819 406 2880 tur.
420 2822 485 2882 ltut
502 2843 510 2882 :
525 2822 601 2884 suut
616 2823 749 2900 quidam
769 2823 834 2884 viri
850 2826 884 2886 et
897 2823 1047 2903 quaedam
1064 2841 1141 2886 mu·
1195 2825 1226 2886 et
1241 2824 1315 2886 ideo
1331 2825 1532 2886 suntdecem
1545 2825 1708 2901 virgines,
1725 2818 1932 2903 quinquedebo

342 2918 455 2991 lieres,
484 2920 540 2997 qui
554 2923 688 2998 propter
698 2921 831 2982 laudem
846 2922 960 2984 saeculi
975 2921 1142 2985 abstinent
1195 2921 1258 2994 nis,
1275 2922 1462 3000 etquinque
1479 2921 1520 2984 de
1534 2923 1642 2983 malis.
1665 2919 1895 2984 Misericordiam
1905 2914 1934 2974 la

342 3017 510 3093 apeccato
525 3018 670 3080 mortali.
686 3019 824 3091 Quidam
836 3019 955 3082 timent
968 3019 1140 3083 infamiam
1194 3019 1320 3081 cientes
1336 3023 1413 3080 sunt
1426 3019 1483 3096 qni
1498 3020 1631 3082 student
1648 3033 1808 3098 pauperes
1819 3025 1932 3078 recreare

342 3111 443 3190 hujm
455 3114 584 3190 mundi3
600 3115 733 3193 quidam
748 3117 862 3178 saeculi
876 3118 1083 3194 potestatem,
1098 3135 1140 3180 ne
1194 3115 1367 3194 dequibus
1394 3115 1517 3179 dictum
1542 3119 1593 3178 est
1611 3118 1647 3178 ln
1670 3116 1838 3192 Evangelio
1851 3135 1857 3172 :
1870 3107 1934 3172 dccli

343 3209 540 3273 damnentur
552 3212 593 3274 ad
611 3214 760 3276 mortem.
776 3215 932 3288 Quadam
951 3215 1051 3277 etiam
1066 3231 1141 3276 mu·
1193 3216 1446 3281 resecaremus,
1462 3217 1625 3288 pamniam
1637 3218 1707 3288 ipsi
1717 3209 1935 3276 maenarum

342 3306 444 3368 lieres
458 3307 575 3370 timent
587 3325 718 3386 poenam
735 3327 755 3372 a
770 3311 900 3372 maritis
912 3311 1136 3388 infligendam.
1193 3311 1444 3384 consequentur
1460 3309 1590 3389 (Mattlr.
1606 3325 1640 3382 v,
1662 3309 1708 3389 7).
1726 3311 1764 3372 Εῖ
1781 3310 1813 3370 in
1833 3311 1936 3377 drenge

343 3404 386 3464 Hi
405 3420 532 3478 omnes,
549 3407 627 3483 quia
647 3423 714 3468 non
732 3409 867 3485 propter
888 3410 990 3471 Deum
1005 3412 1141 3470 servant
1194 3407 1240 3468 lio
1257 3427 1265 3468 ε
1280 3409 1369 3468 Data
1383 3412 1644 3482 clemnosuaam,
1668 3411 1702 3470 et
1722 3410 1831 3471 amata
1850 3400 1936 3464 ιηιιῖῖι

342 3501 567 3580 integritatem
598 3520 768 3577 sensuum,
798 3521 872 3567 cum
898 3506 966 3569 sint
992 3506 1139 3584 virgines
1194 3506 1274 3566 arnt
1286 3508 1380 3566 vobis
1390 3503 1484 3582 (Luc.
1499 3520 1545 3572 ιιι,
1555 3503 1620 3584 41).
1636 3507 1679 3568 Εῖ
1691 3506 1727 3566 in
1738 3499 1935 3566 Ecclesiastico:

343 3601 492 3678 corporis
507 3601 564 3663 sed
580 3617 645 3664 non
661 3603 791 3676 mentis,
815 3603 915 3665 iatuaa
932 3604 1049 3666 merito
1067 3604 1140 3666 vir·
1193 3601 1709 3678 succanmeetsnpuamroem‚
1721 3603 1936 3668 itaettemottli

341 3697 436 3772 gines
460 3698 680 3776 appellantur.
707 3700 790 3772 Quia
814 3715 893 3777 argo
919 3717 1016 3762 nemo
1036 3701 1087 3764 est
1104 3702 1140 3762 in
1194 3699 1367 3775 estimanti
1398 3699 1576 3772 peccatum
1599 3698 1703 3777 (Eccl.
1729 3715 1777 3772 ιιι,
1800 3695 1855 3776 33).
1873 3692 1938 3753 lise

341 3795 501 3868 Ecclesia,
528 3797 585 3874 qui
607 3797 654 3860 sic
669 3799 727 3860 aut
748 3797 797 3861 sic
821 3798 965 3876 quinque
990 3800 1139 3876 corporis
1194 3796 1339 3859 ricordia
1376 3797 1427 3858 est
1462 3811 1625 3874 pauperes
1657 3799 1813 3868 relicere,
1838 3788 1938 3854 debitunt

342 3893 493 3954 sensibus
509 3908 576 3955 non
598 3895 721 3968 utatur,
749 3897 868 3958 merito
883 3895 1031 3957 Ecclesia
1046 3896 1139 3958 mili·
1194 3894 1375 3967 remittere,
1396 3893 1528 3970 culpam
1543 3895 1799 3958 condonarem
1812 3884 1939 3990 quasabJ

341 3989 416 4050 tans
439 3990 604 4052 malorum
628 3994 661 4054 et
683 3991 846 4054 bonorum
868 3993 1042 4055 continens
1064 3993 1141 4054 uni-
1194 4006 1290 4052 monz
1307 3993 1370 4056 ticet
1384 3979 1940 4065 repetaturmeserecorcwmalttl·

342 4085 544 4158 versitatum,
557 4086 670 4148 decern
683 4088 879 4164 virginibus,
895 4105 1036 4166 quarum
1048 4091 1141 4167 quin·
1195 4089 1292 4161 tiam,
1304 4089 1457 4149 treceniet
1466 4090 1574 4151 vitam
1588 4091 1622 4151 et
1631 4094 1779 4166 plemam
1788 4089 1883 4168 (Prot.
1894 4091 1938 4138 ru·

343 4197 406 4258 que
417 4185 494 4244 sunt
506 4184 685 4260 prudentes
696 4186 729 4245 θῖ
739 4187 885 4262 quinque
895 4185 1007 4258 iatuae,
1019 4187 1139 4248 similis
1193 4184 1258 4263 21).
1282 4185 1547 4248 Misericordiam
1571 4185 1734 4250 iacientes
1749 4187 1820 4248 sunt
1840 4180 1889 4249 ili,
1905 4169 1938 4250 qn·

342 4279 566 4342 denuntiatur.
581 4282 621 4343 Et
635 4281 683 4342 sio
695 4281 895 4360 hebesquod
910 4283 1062 4360 quaedam
1076 4285 1141 4346 vir·
1194 4283 1351 4344 exercent
1373 4281 1565 4344 mandatum
1590 4284 1667 4356 Dei,
1693 4283 1779 4346 siout
1804 4280 1903 4356 legitur
1920 4270 1940 4327 ir

342 4375 436 4452 gines
460 4379 537 4440 sunt
557 4378 745 4456 prudentae,
770 4382 804 4442 et
826 4381 978 4456 quadam
992 4381 1138 4457 virgines
1193 4379 1393 4456 Evangelio:
1408 4383 1552 4441 Esuriot
1572 4381 1607 4444 ct
1625 4383 1768 4444 dedistis
1781 4379 1940 4441 manteau·

341 4473 451 4537 ratuae.
1193 4481 1332 4550 cacare,
1345 4479 1442 4539 εθθιυι
1456 4477 1491 4540 et
1501 4479 1643 4557 moestu
1660 4482 1747 4541 mana
1769 4468 1940 4544 coereeat

381 4573 530 4648 Regnum
554 4573 716 4636 coelorum
739 4574 861 4636 dicitur
888 4574 998 4636 simile
1024 4574 1138 4637 decem
1192 4573 1257 4653 35).
1271 4575 1354 4646 Qula
1365 4574 1421 4652 qui
1433 4574 1528 4636 modo
1543 4575 1699 4637 reficiunt
1711 4584 1864 4653 pauperes
1880 4564 1941 4626 elee-

340 4669 528 4746 virginibus
542 4669 642 4732 istuis
653 4675 686 4734 θῖ
697 4670 923 4749 prudentibus,
936 4672 1014 4750 quia
1025 4673 1139 4734 sancta
1194 4672 1350 4749 mosynis,
1367 4671 1402 4732 in
1417 4672 1527 4734 tuturo
1542 4688 1562 4732 a
1578 4672 1712 4735 Christo
1726 4667 1899 4733 reficiuntur
1907 4671 1943 4717 su·

339 4768 487 4830 Ecclesia
503 4769 650 4846 repletur
662 4769 759 4831 bonis
776 4773 810 4833 θῖ
828 4769 936 4832 malis.
964 4770 1046 4832 Mali
1059 4786 1139 4834 voro
1193 4785 1253 4846 per
1267 4785 1414 4832 mensam
1431 4769 1539 4830 Patris
1554 4769 1590 4830 in
1607 4769 1712 4842 coelis,
1729 4768 1762 4832 et
1778 4769 1943 4838 consequen-

340 4865 465 4926 suntin
487 4867 636 4930 Ecclesia
649 4868 1007 4945 perparticipationem
1024 4871 1139 4930 Sacra·
1193 4856 1944 4940 turmisericordiam,idest,delictorumon1niuffl

340 4963 539 5036 mentorum,
565 4965 642 5042 quia
665 4965 850 5042 suscipiunt
871 4967 986 5028 eadem
1013 4969 1137 5028 Sacra·
1192 4966 1345 5040 veniam3
1372 4965 1459 5026 sicut
1477 4979 1496 5026 e
1517 4966 1685 5026 contrario
1701 4987 1709 5026 :
1723 4962 1877 5028 iudicium
1897 4951 1944 5010 sina

340 5060 450 5121 menta
475 5076 550 5122 cum
572 5061 679 5135 bonis,
704 5063 802 5124 sicuti
824 5064 874 5124 est
896 5062 1078 5140 baptismus
1106 5065 1139 5126 et
1193 5061 1495 5126 misericordiaerit
1509 5062 1576 5124 illis
1591 5062 1648 5140 qui
1661 5075 1728 5125 non
1741 5049 1944 5122 faciundis·

340 5157 440 5218 etiam
469 5158 562 5220 tides.
597 5160 699 5222 Sicuti
725 5161 814 5222 enim
842 5161 877 5222 io
904 5174 981 5224 arca
1006 5161 1139 5223 luerunt
1192 5159 1387 5234 ricordiam;
1409 5160 1487 5237 quia
1508 5159 1682 5238 sicutipse
1703 5155 1862 5222 obturavit
1877 5155 1945 5209 aures

339 5254 499 5317 animalia
514 5256 636 5318 munda
651 5259 685 5318 et
698 5258 878 5329 immunda,
894 5257 942 5321 ita
957 5260 1037 5321 sunt
1050 5259 1138 5320 intra
1193 5273 1271 5320 suas
1286 5257 1327 5318 ad
1349 5257 1527 5319 clamorem
1543 5257 1710 5334 pauperis,
1725 5258 1773 5318 ita
1787 5242 1918 5316 clamabit
1925 5236 1946 5296 et

339 5352 522 5414 Ecclesiam
536 5353 614 5415 boni
630 5355 662 5415 et
674 5355 764 5416 mali.
782 5355 849 5416 Sed
864 5355 943 5417 boni
960 5355 1139 5418 manebunt
1193 5370 1258 5416 nou
1273 5354 1472 5416 exaudietur
1484 5355 1519 5416 in
1532 5357 1679 5431 tempore
1695 5346 1896 5415 necessitatis.

338 5450 374 5510 in
401 5450 512 5524 domo,
540 5452 636 5524 idest,
661 5452 697 5514 in
722 5453 872 5514 Ecclesla
897 5453 933 5514 in
958 5454 1135 5528 aeternum3
1234 5452 1297 5525 Qui
1312 5467 1391 5528 ergo
1406 5453 1539 5515 student
1552 5453 1588 5516 in
1603 5449 1820 5529 eleemosynis
1832 5435 1967 5530 berolti

340 5547 429 5608 servi
443 5551 566 5623 autem,
585 5549 681 5623 idest,
700 5550 793 5622 mali,
813 5566 883 5611 non
904 5549 1085 5613 manebunt
1102 5551 1138 5612 in
1192 5567 1280 5621 cere,
1296 5550 1513 5626 designantur
1527 5551 1562 5612 in
1578 5551 1737 5622 Rebecca,
1755 5561 1825 5626 quae
1838 5541 1948 5612 adaqua-
1966 5535 1967 5622 t

340 5644 512 5718 aeternum,
534 5647 717 5725 quietoras
730 5647 885 5726 ejiciendi
900 5650 989 5720 sunt,
1007 5648 1138 5725 quando
1193 5649 1241 5711 sit
1252 5648 1409 5720 camelos,
1425 5648 1458 5709 θῖ
1480 5649 1593 5724 potum
1617 5647 1706 5710 dedit
1726 5659 1820 5708 servo
1837 5642 1913 5699 Isaac
1926 5627 1948 5685 et
