4014 6312
280 302 351 384 seu
902 294 1078 362 nononn
1101 300 1146 362 111
1168 297 1318 364 ornan.
1560 259 1566 264 ⁵
1852 309 1897 374 aa

282 460 551 542 quasdamvillas
568 458 722 524 incendio
737 459 931 534 devastarit,
945 461 978 523 et
992 477 1081 523 mer·
1135 461 1246 524 cordis
1272 455 1483 536 intrinsecus,
1509 459 1543 524 et
1577 463 1616 528 de
1652 465 1742 528 tanto
1769 463 1900 534 scandalo

281 562 412 624 catores
432 562 548 623 euntes
571 559 613 622 ad
637 558 804 621 nundinas
830 558 865 621 in
884 559 989 622 strata
1012 576 1078 637 pu·
1135 560 1265 623 urimur
1289 560 1519 637 vehementem
1543 560 1801 637 illiusvolontes,
1824 573 1901 644 prout

280 661 369 722 blica
383 658 483 720 inerit
510 657 731 736 depraedatus,
753 657 903 720 eumdem
926 657 1079 720 comitem
1134 659 1175 720 ad
1199 659 1347 720 nostrum
1371 657 1517 721 cilicium
1531 661 1683 738 pertinet,
1698 664 1843 724 versutiis
1855 665 1901 726 cb-

281 759 314 820 et
347 759 472 820 terram
506 773 600 818 suam
627 755 786 818 infestare
825 771 891 818 non
924 771 1078 829 cessans,
1134 756 1229 818 viare
1254 757 1310 834 qui
1339 756 1471 818 laetatur
1494 773 1570 818 cum
1596 759 1682 820 male
1706 759 1815 822 lecerit
1828 767 1854 823 et
1874 765 1901 824 in

281 871 480 934 quamquam
496 854 618 916 dilecta
637 854 673 916 in
693 854 824 916 Christo
843 852 913 914 illia
931 853 1079 916 Blancha
1134 853 1289 930 pessimis
1301 854 1401 916 rebus
1417 855 1555 928 exultat,
1572 872 1614 917 ne
1629 855 1755 919 modico
1769 859 1902 936 maligni*

284 953 465 1024 comitissa,
482 953 590 1014 mater
609 951 714 1030 ipsius
738 951 878 1024 comitis,
906 967 980 1029 quae
1002 951 1078 1012 bal·
1133 952 1211 1014 tatis
1240 953 1401 1016 termento
1429 955 1497 1016 tota
1524 967 1634 1016 massa
1667 971 1779 1018 eorum
1803 959 1852 1034 qul
1872 959 1902 1018 de

282 1053 364 1113 lium
391 1051 478 1128 gerit
505 1050 665 1128 eJusdem,
694 1051 810 1129 parata
830 1049 874 1111 sit
899 1050 1079 1111 secundum
1134 1065 1237 1126 regno
1257 1052 1407 1113 Franciae
1423 1051 1463 1112 ad
1494 1049 1687 1130 obsequium
1700 1054 1778 1116 lesu
1801 1054 1901 1118 Christi

281 1148 499 1228 approbatam
522 1149 618 1224 regni
633 1148 785 1211 Franciae
807 1148 1079 1211 consuetudinem
1135 1147 1221 1209 iacta
1246 1151 1307 1222 est,
1324 1149 1420 1227 quasi
1442 1165 1529 1212 nova
1558 1151 1750 1228 conspersio
1775 1167 1901 1214 conun-

283 1253 373 1311 stare
395 1248 487 1325 juri;
516 1263 576 1308 vos
608 1246 742 1318 minen,
776 1247 844 1308 mm
879 1247 1079 1324 praeceptum
1134 1248 1241 1324 patur,
1259 1247 1315 1309 sed
1331 1247 1366 1308 in
1381 1249 1506 1326 azymis
1522 1248 1724 1311 sinceritatis
1736 1249 1768 1312 et
1779 1251 1903 1312 veritalis

282 1346 430 1426 ejusdem
454 1345 709 1422 praedecessoris
735 1345 842 1406 nostri
868 1345 901 1406 et
929 1347 1079 1406 nostrum
1134 1345 1243 1422 potius
1270 1345 1437 1423 epulando
1451 1346 1568 1409 reddat
1593 1348 1732 1408 nomino
1759 1347 1828 1409 vota
1841 1364 1899 1421 sua,

284 1460 383 1526 quam
394 1442 663 1506 constitutionem
677 1442 808 1520 prelati
821 1442 954 1504 concilii
969 1443 1080 1504 surdis
1133 1441 1335 1506 fraternitati
1363 1445 1483 1506 vestras
1509 1459 1569 1523 per
1595 1445 1775 1521 apostolica
1803 1447 1903 1524 scripta

283 1541 422 1604 auribus
445 1542 669 1614 transeuntes,
697 1557 764 1603 non
787 1541 915 1604 tantum
930 1541 1079 1618 praedioti
1135 1539 1274 1602 tirmiter
1299 1541 1521 1620 praecipiendo
1543 1542 1739 1604 mandamus
1763 1544 1903 1622 quatinus,

282 1640 401 1704 Erardi
427 1641 460 1702 et
484 1638 651 1702 fautorum
678 1639 784 1717 ipsius
809 1639 1030 1702 temeritatem
1047 1639 1080 1702 et
1134 1639 1237 1698 Deum
1253 1636 1413 1701 habentes
1433 1655 1502 1716 prae
1527 1639 1645 1713 oculis,
1660 1641 1778 1716 gratia
1794 1640 1859 1701 odio
1874 1656 1905 1700 ao

281 1737 454 1810 malitiam,
485 1737 572 1800 siout
603 1737 743 1810 dicitur,
773 1751 983 1814 compescere
1011 1753 1079 1799 non
1133 1735 1252 1797 timore
1264 1737 1467 1814 postpositis,
1480 1738 1595 1800 contra
1608 1739 1796 1800 eorumdem
1808 1737 1905 1799 ilrardi
1973 1805 1974 1808 J

281 1836 418 1907 curatis,
435 1836 491 1898 sed
507 1834 687 1912 etquidem
707 1837 864 1905 vestrum,
879 1835 965 1913 quod
978 1851 1081 1912 gravo
1134 1833 1824 1913 etPhilippaepraesumptionemmalignam
1827 1837 1905 1912 juxta

281 1935 429 2011 gerimus
457 1935 490 1995 et
518 1933 704 2000 molestum
734 1933 857 1997 omissa
880 1932 1080 2010 pontificalis
1135 1931 1905 2007 praedecessorisnostrimandatumetnostrum,
1973 1929 1974 1932 ’

282 2033 385 2094 oiiloii
399 2031 575 2109 gravitate,
589 2030 797 2093 ambulantes
809 2030 990 2092 secundum
1005 2047 1082 2093 car-
1135 2029 1246 2091 taliter
1257 2045 1328 2091 sine
1344 2045 1446 2094 morae
1457 2031 1629 2109 dispendio
1638 2032 1829 2110 procedatis
1838 2031 1974 2109 quod
1973 2093 1974 2112 J

281 2147 369 2204 nem,
384 2131 418 2192 et
430 2129 554 2192 luctum
569 2130 703 2192 viarum
731 2130 810 2190 Sion
838 2129 997 2191 ducentes
1021 2145 1081 2206 pro
1133 2126 1240 2188 zelum
1264 2127 1577 2190 haberevideamini
1591 2133 1705 2192 Terrae
1720 2130 1850 2202 Sancta,
1861 2145 1908 2190 cu-
1973 2119 1974 2178 l

282 2228 402 2298 nihilo,
418 2227 525 2291 eidem
540 2227 703 2290 auxilinm
717 2227 868 2289 trrbuunt
878 2227 911 2289 et
920 2225 1079 2294 savorem
1130 2227 1187 2303 Jus
1203 2241 1245 2286 ex
1254 2225 1639 2304 huJusmod1temer1tate
1651 2228 1907 2304 aumhumrmpe
1973 2189 1974 2280 l

283 2327 350 2406 qui,
377 2329 413 2389 ul
440 2327 482 2388 de
507 2326 677 2404 praedictis
691 2325 877 2388 rationibus
897 2325 1078 2394 taceamus,
1135 2323 1235 2395 ditur,
1245 2322 1278 2386 et
1288 2339 1442 2401 expiasse
1451 2325 1907 2388 nihilominusrnobedrentlan

282 2425 412 2488 ratione
425 2423 571 2500 homagn
583 2424 668 2502 quod
684 2425 883 2501 receperunt
896 2422 938 2486 ab
952 2439 1003 2496 eo,
1016 2423 1079 2485 de·
1135 2435 1208 2497 quae
1237 2421 1360 2483 dicitur
1384 2423 1606 2501 praecessisse,
1624 2439 1685 2501 per
1713 2423 1908 2486 obedientiam

284 2520 908 2586 herenteumdemcomitemdelensare
916 2521 1080 2599 AdJunxit
1135 2517 1356 2592 subsecutam,
1377 2537 1416 2582 ao
1438 2537 1499 2582 nos
1521 2521 1616 2583 vobis
1645 2521 1790 2584 scribere
1811 2520 1907 2581 durius

284 2623 384 2683 edam
399 2619 749 2698 1demduxquodn1s1
761 2619 840 2681 huno
852 2619 967 2682 morbo
981 2619 1081 2683 eitius
1136 2632 1202 2678 non
1233 2631 1409 2694 cogamur,
1452 2618 1507 2695 qui
1529 2618 1727 2681 habemus
1718 2635 1753 2680 ru
1780 2619 1909 2696 promptu

285 2717 473 2795 apponatur
497 2715 698 2788 remedium,
726 2714 900 2793 plusquam
926 2715 1082 2778 credatur
1135 2729 1266 2776 omnem
1280 2715 1540 2779 inobedientiam
1557 2718 1742 2791 vindicare,
1760 2715 1908 2794 sprituali-

283 2817 395 2877 Ternae
429 2813 560 2876 Sanctae
591 2812 792 2890 impedietur
822 2828 1009 2885 succursus,
1040 2829 1081 2876 eo
1135 2809 1196 2873 bus
1211 2813 1360 2876 armiset
1374 2815 1442 2875 Deo
1456 2813 1643 2892 potentibus
1658 2816 1909 2878 militantes.

284 2912 370 2991 quod
386 2927 430 2974 ex
448 2909 645 2990 hujusmodi
667 2925 801 2988 guerra,
825 2925 892 2972 non
920 2910 1027 2989 ipsius
1049 2913 1081 2974 et
1134 2911 1204 2971 tum
1217 2911 1385 2984 Laterani,
1392 2927 1512 2974 vinon.
1524 2913 1615 2984 maii,
1628 2913 1835 2991 pontificatus
1849 2927 1908 2972 nos·

283 3025 420 3072 suorum
444 3009 618 3083 duntaxat,
643 3009 701 3087 qul
726 3009 953 3082 sioutasserit,
974 3024 1079 3088 prop·
1137 3008 1401 3088 triennoprimo.
1412 3007 1633 3090 (incanesco,
1635 3027 1784 3074 arnonas
1794 3005 1908 3087 martn)

282 3112 334 3172 ter
365 3107 431 3170 hoc
466 3107 566 3170 etiam
594 3107 635 3168 de
663 3106 813 3185 partibus
849 3107 1080 3170 transmarinis

282 3205 456 3268 rediretnd
470 3205 606 3283 propria
620 3203 829 3278 festinanter,
845 3222 932 3278 cuni,
948 3207 1018 3268 tum
1030 3222 1082 3268 ra·
1178 3205 1334 3282 Sequitur
1354 3207 1573 3284 apostolicum
1591 3208 1781 3287 exemplum
1795 3207 1908 3268 missum

283 3306 374 3366 tione
400 3303 540 3366 hominii
564 3319 629 3380 quo
652 3302 740 3364 idem
762 3319 872 3366 comes
887 3302 935 3382 (l)
950 3305 1083 3366 tenetur
1137 3301 1381 3365 Silvanectensi
1404 3305 1559 3383 episcopo
1585 3304 1644 3385 (3),
1669 3305 1782 3368 abbati
1802 3303 1909 3366 sancta

283 3401 461 3472 adstruens,
472 3402 543 3462 tum
565 3402 699 3477 propter
713 3401 1082 3464 necessitudinemsan·
1136 3401 1365 3462 Genoveiael
1332 3398 1365 3481 (4
1367 3399 1380 3481 )
1405 3402 1438 3464 et
1462 3403 1567 3480 priori
1595 3405 1711 3466 Sancti
1731 3402 1908 3466 Mantinia
1878 3399 1908 3458 de

283 3500 408 3578 guinis,
424 3498 532 3560 eidem
560 3499 726 3560 ullatenus
738 3499 857 3562 deesse
876 3515 944 3561 non
965 3501 1079 3577 possit,
1136 3499 1268 3576 Campis
1290 3497 1350 3578 (5),
1371 3499 1493 3562 additis
1520 3501 1748 3579 competenter
1769 3497 1890 3562 verbis
1883 3513 1908 3557 ιι

283 3602 317 3662 et
329 3600 435 3660 dictus
451 3612 561 3660 comes
576 3596 804 3660 defensionem
819 3598 1083 3660 etauxiliumde-
1137 3593 1225 3657 huno
1240 3596 1398 3658 modum·
1415 3599 1616 3660 Discrelioni
1631 3602 1754 3662 vestrae
1763 3613 1819 3678 per
1829 3611 1909 3674 apos-

282 3695 765 3772 bitum1nstanterpostuletab
776 3695 904 3765 eodem,
918 3697 986 3758 voti
997 3713 1081 3760 exe·
1136 3693 1237 3756 tolioa
1252 3694 1376 3772 scripta
1399 3695 1539 3759 tirmiter
1553 3697 1778 3776 praecipiendo
1791 3694 1909 3758 mauda-

284 3797 373 3858 cutio
385 3794 587 3866 retardatur
600 3809 720 3856 verum
738 3794 838 3856 etiarn
854 3795 1000 3857 omnium
1019 3795 1081 3856 ba-
1137 3807 1210 3854 mus
1226 3794 1400 3870 quatenus
1424 3796 1529 3855 Deum
1551 3795 1712 3858 habentes
1733 3812 1799 3874 prae
1813 3793 1908 3858 oculis,

284 3909 404 3956 nonum
431 3893 526 3969 regni
547 3892 709 3965 Franoiae,
733 3893 791 3970 qui
808 3892 990 3955 affluerunt
1013 3893 1082 3954 suis
1136 3890 1257 3966 gratia,
1287 3891 1363 3953 odio
1387 3906 1426 3953 ao
1459 3891 1579 3954 timore
1604 3895 1805 3971 postpositis,
1826 3891 1909 3953 dictos

285 3991 433 4052 humeris
445 4006 578 4066 signum
586 4005 706 4062 crucis
715 3990 750 4052 et
758 4007 817 4067 qur
805 3990 1082 4068 adhueadrpsum
1137 3988 1301 4050 Erardum
1314 3989 1348 4050 et
1362 3990 1561 4068 Philippum,
1585 4008 1717 4054 necnon
1737 4009 1775 4054 ao
1789 3991 1909 4053 lautores

285 4087 1083 4165 habentinpropositosaciendi,quoniamguerra
1138 4102 1264 4160 eorum,
1282 4087 1387 4156 uttan
1401 4089 1614 4150 infestatione
1631 4091 1782 4167 praedioli
1802 4085 1908 4151 comitis

285 4187 351 4249 ista
365 4186 589 4264 pluresquam
605 4183 787 4246 aestimetur
794 4185 958 4260 involvet,
973 4188 1006 4248 et
1017 4205 1083 4264 pe·
1138 4185 1171 4246 et
1183 4186 1282 4246 terrae
1297 4201 1368 4246 suae
1383 4187 1416 4248 et
1425 4202 1573 4260 suorum
1586 4186 1627 4249 ob
1640 4188 1762 4251 Chrrsb
1777 4199 1909 4250 reueren—
1973 4215 1974 4276 J

286 4284 385 4348 cunia
413 4297 473 4361 pro
498 4282 651 4344 uotorum
679 4281 877 4345 executione
905 4285 1057 4362 parata
1048 4302 1083 4347 rn
1138 4282 1230 4355 tiam,
1245 4282 1454 4357 desistentes,
1471 4285 1601 4347 ilrmam
1611 4287 1773 4364 treugam,
1789 4282 1910 4347 inviola·

286 4381 569 4460 expugnationem
585 4379 730 4442 hostium
743 4380 852 4442 crucis
868 4382 991 4444 Christi
1004 4399 1085 4444 oon·
1137 4379 1250 4442 biliter
1271 4380 1512 4444 observandam
1541 4399 1646 4461 usque
1674 4373 1717 4446 ad
1743 4387 1858 4460 tempus
1881 4378 1907 4437 in
1973 4405 1974 4496 J

285 4479 457 4543 sumetur
448 4494 483 4544 m
503 4477 730 4544 interitionem
755 4478 869 4556 populi
895 4479 1082 4554 christiani,
1139 4477 1297 4556 praedicto
1323 4479 1472 4541 Concilio
1501 4480 1698 4552 diffinitum,
1727 4482 1832 4544 ineant
1849 4490 1907 4538 cun
1973 4507 1974 4552 J

289 4577 449 4642 dextras
440 4593 474 4638 ln
489 4592 549 4640 sua
565 4576 694 4638 uiscera
710 4577 943 4639 convertentis.
1138 4576 1265 4650 eodem,
1281 4577 1463 4640 monitione
1475 4579 1660 4655 praemissa,
1677 4589 1908 4658 perexconnu·
1973 4581 1974 4626 l

330 4679 415 4744 Ecce
441 4674 604 4756 quomodo
625 4673 753 4738 astutia
775 4674 908 4738 Satanas
934 4674 1083 4738 laetitiam
1138 4672 1318 4735 nicationis
1342 4676 1565 4738 sententiam
1555 4691 1591 4738 nn
1605 4691 1765 4755 personas
1779 4679 1808 4738 et
1823 4675 1908 4736 inten-
1973 4649 1974 4736 l

284 4775 408 4838 afferre
427 4774 545 4836 nititur
558 4772 750 4844 Philistaeis,
767 4772 864 4851 quasi
878 4774 1084 4851 percussoris
1139 4771 1262 4834 dictum
1277 4772 1312 4834 in
1324 4773 1432 4834 terras
1448 4789 1576 4848 eorum,
1593 4775 1723 4839 sublato
1738 4771 1906 4856 appellatio-

284 4889 401 4938 eorum
415 4871 795 4948 oomntunitasitvirga,
813 4870 890 4932 dum
914 4871 1010 4950 liqui
1031 4871 1083 4933 si·
1139 4869 1192 4930 nis
1205 4869 1386 4942 obstaculo,
1401 4871 1474 4933 sine
1488 4889 1589 4935 morea
1602 4873 1774 4952 dispendio
1788 4867 1906 4946 compel-
1973 4889 1974 4926 ;

284 4987 386 5048 prium
401 4969 595 5038 levaverant
609 4971 724 5032 eontra
737 4967 903 5042 eoseum
913 4970 948 5031 in
957 4970 1084 5031 invium
1138 4966 1235 5043 latis;
1260 4970 1446 5044 praesertim
1473 4986 1547 5030 cum
1577 4972 1738 5048 praedicta
1765 4967 1904 5034 comitissa

284 5065 594 5139 declinandorum
613 5066 649 5128 in
669 5066 871 5144 adjutorium
893 5067 971 5130 filiis
987 5067 1081 5140 Loth,
1139 5065 1253 5144 parata
1267 5065 1388 5127 existat
1397 5081 1457 5143 pro
1466 5083 1504 5128 eo
1515 5066 1570 5130 ubi
1579 5068 1739 5143 debuerit,
1753 5064 1903 5131 secundun

285 5169 334 5230 eis
366 5165 522 5229 uidelicet
556 5164 633 5242 qui,
668 5165 881 5242 disponentes
923 5165 1083 5228 adversus
1138 5163 1517 5241 cousuetudinemrcgni
1533 5165 1693 5244 ejusdem,
1706 5159 1903 5246 ipsisJustitiae
1973 5165 1974 5232 ξ

284 5267 460 5332 hommum
471 5263 716 5335 testamentum
728 5263 859 5324 dicunt:
870 5265 1083 5328 amenitate
1138 5260 1376 5338 plenitudinem
1400 5261 1569 5326 exhibere.
1594 5268 1633 5327 nt
1661 5265 1811 5344 quoniam
1834 5271 1902 5334 sape

282 5367 521 5442 possideamus
551 5361 793 5424 salutantum
819 5365 882 5425 Del
907 5363 1003 5424 nobis
1021 5359 1081 5442 (2).
1138 5359 1300 5436 contingit
1314 5359 1400 5438 quod
1415 5359 1483 5422 illis
1491 5362 1617 5440 praebet
1631 5361 1904 5444 temporalisvoxa·
1973 5355 1974 5458 J

285 5461 481 5536 Nosigit,ur
497 5457 553 5538 qui
573 5473 617 5519 ex
640 5455 702 5519 hoc
723 5458 803 5520 tacti
827 5473 942 5522 sumus
969 5458 1083 5523 dolore
1137 5457 1414 5530 ro1ntelleotum
1439 5475 1561 5541 quosa
1586 5461 1684 5525 malis
1703 5479 1766 5525 non
1788 5449 1904 5520 retrahit
1973 5447 1974 5558 J

290 5592 361 5743 JJJ
320 5592 491 5666 (Adjioo,
505 5593 669 5650 auctorali.
686 5589 724 5648 du
739 5590 829 5662 riuti,
843 5591 907 5650 sibl
1175 5591 1214 5667 (3)
1230 5595 1365 5652 Guarlno.
1973 5579 1974 5638 l

333 5667 423 5722 ‘’Ps
437 5663 482 5732 82,
500 5662 542 5720 43.
1176 5667 1244 5742 (hd)
1264 5667 1376 5728 loanni.
1973 5669 1974 5684 ¹
