4082 6342
117 361 178 424 465

119 523 231 585 nullus
246 522 367 586 audeat
378 521 534 588 retinere.
545 523 730 602 Religiosas
741 543 821 590 sane
832 545 916 590 cou-

119 622 313 684 suetudines
341 639 361 684 a
387 623 685 700 praedecessoribus
704 626 824 689 vestris
843 628 877 689 et
896 643 916 688 a

117 719 213 782 vobis
232 720 397 801 hactenus
423 720 616 786 observatas
642 723 754 800 aliqua
782 723 916 786 levitate

115 818 240 880 mutari
275 835 334 879 seu
368 819 467 880 etiam
501 821 730 897 possessiones
765 823 915 884 ecclesiae

116 917 271 988 alienari,
284 917 350 977 nisi
365 916 406 977 de
416 916 544 980 abbatis
554 918 762 996 providentia
775 920 915 982 tintcum

115 1029 284 1076 consensu
312 1014 449 1092 capituli
473 1016 526 1077 vel
556 1017 693 1096 majoris
721 1019 754 1080 et
772 1018 915 1079 sanioris

115 1113 221 1190 partis
235 1112 352 1190 ipsius,
377 1114 567 1190 Apostolioa
591 1116 786 1178 auctoritate
802 1116 917 1192 prohi-

114 1209 242 1271 bemus.
267 1211 434 1272 Praeterea
449 1208 618 1275 libertates
634 1216 667 1274 et
690 1214 914 1276 immunitates

113 1310 319 1371 monasterio
329 1310 441 1373 vestro
456 1325 642 1384 concessae,
656 1311 741 1374 sicut
755 1313 915 1374 hactenus

114 1406 301 1468 observatae
319 1408 406 1480 sunt,
424 1409 514 1470 ratas
536 1409 695 1470 habemus
711 1411 744 1472 et
757 1426 814 1472 eas
834 1427 914 1488 per-

115 1505 228 1581 petuis
244 1505 447 1582 temporibus
461 1505 607 1569 illibatas
620 1524 815 1585 permanere
836 1525 917 1574 san-

113 1602 233 1663 cimus.
254 1604 459 1666 Auotoritate
470 1621 599 1682 quoque
611 1607 800 1688 Apostolica
816 1609 916 1670 nihil·

110 1701 245 1762 ominus
282 1701 439 1764 duximus
472 1703 724 1780 prohibendum,
758 1721 800 1767 ne
828 1706 915 1769 ullus

109 1799 293 1861 advocatus
316 1801 375 1862 aut
400 1801 551 1864 minister
574 1803 646 1880 eJus
672 1803 782 1865 locum
806 1804 914 1882 ipsum

108 1897 163 1957 rel
178 1913 251 1974 quae
266 1897 308 1959 ad
323 1915 398 1960 eum
413 1899 581 1978 pertinent
595 1916 749 1976 gravare,
765 1918 824 1964 seu
840 1904 916 1980 qni-

108 1993 258 2057 buslibet
289 1997 518 2058 exactionibus
544 1996 685 2075 fatigare
713 2001 912 2078 praesumat3

109 2093 169 2154 sed
193 2093 235 2154 iis
259 2110 333 2171 quae
360 2095 542 2172 antiquitus
562 2095 592 2158 ei
608 2112 766 2160 concessa
791 2099 867 2160 sunt
882 2099 915 2162 et

108 2191 151 2252 ad
169 2193 240 2268 eJus
251 2193 416 2268 justitiam
437 2194 613 2270 pertinent,
634 2197 809 2258 contentus
822 2197 915 2257 exis-

106 2291 170 2350 tat.
201 2290 354 2351 Decimae
382 2307 511 2369 quoque
540 2292 583 2353 ad
609 2294 666 2369 Jus
694 2293 912 2355 ecclesiarum

106 2387 297 2449 vestrarum
319 2391 519 2467 spectantes,
546 2407 619 2468 quae
643 2390 740 2451 laicis
762 2391 915 2452 detinen-

106 2489 176 2558 tur,
194 2485 378 2548 redimendi
391 2489 424 2548 et
438 2485 603 2549 liberandi
625 2487 665 2549 de
687 2488 841 2550 manibus
856 2505 915 2551 eo-

108 2599 186 2644 rum
201 2584 234 2646 et
248 2583 290 2645 ad
306 2585 465 2647 ecclesias
480 2585 522 2646 ad
537 2602 620 2664 quas
635 2587 802 2664 pertinent
815 2603 915 2649 revo-

107 2681 221 2755 candi,
239 2681 378 2744 liberam
403 2683 497 2745 vobis
517 2686 549 2746 et
563 2699 678 2746 earum
695 2685 913 2747 ecclesiarum

108 2781 276 2858 ministris
298 2780 339 2842 de
353 2783 551 2844 auctoritate
566 2785 680 2846 nostra
702 2784 913 2846 concedimus

106 2879 315 2941 facultatem.

149 2977 369 3040 Prohibemus
380 2978 517 3056 insuper
532 2995 575 3041 ne
588 2979 717 3057 aliquos
733 2979 911 3042 interdicto

105 3075 161 3138 vel
177 3077 513 3138 excommunicationi
524 3093 544 3138 a
557 3077 651 3138 vobis
662 3079 750 3156 juste
766 3077 912 3156 supposi·

107 3175 173 3245 tos,
202 3173 244 3234 ad
272 3173 418 3235 officium
446 3174 499 3236 vel
524 3176 788 3239 communionem
809 3175 912 3238 eccle·

104 3269 278 3332 siasticam
305 3273 479 3349 quisquam
504 3273 653 3350 recipere
671 3274 744 3335 sine
763 3288 910 3350 congrua

105 3367 336 3430 satisfactione
351 3371 540 3446 praesumat,
554 3370 619 3431 nisi
632 3371 716 3432 forte
726 3371 910 3448 periculum

7 3521 13 3529 .
104 3469 223 3529 mortis
239 3466 421 3539 immineat,
445 3468 482 3528 ut
501 3468 579 3530 dum
594 3469 806 3547 praesentiam
828 3486 909 3531 ves-

103 3569 191 3628 tram
206 3563 330 3627 habere
346 3565 579 3642 nequiverunt,
599 3582 657 3643 per
671 3567 774 3628 alium
790 3583 912 3630 secun-

104 3665 184 3724 dum
208 3663 349 3727 formam
376 3663 533 3726 Ecclesiae
566 3663 794 3726 satisfactione
823 3680 911 3742 prae-

104 3762 210 3822 missa
226 3763 379 3838 oporteat
401 3761 539 3840 ligatum
555 3761 694 3824 absolvi.
706 3763 786 3822 Cum
798 3765 909 3824 autem

102 3859 264 3936 generale
292 3859 506 3922 interdictum
530 3863 629 3922 terrae
664 3859 774 3932 fuerit,
810 3859 910 3924 liceat

104 3957 201 4020 vobis
221 3958 345 4018 clausis
362 3958 489 4036 januis,
507 3957 652 4019 exclusis
675 3959 908 4020 excommuni-

103 4058 188 4119 catis
212 4056 246 4117 et
267 4055 464 4128 interdictis,
492 4073 558 4119 non
571 4056 710 4134 pulsatis
724 4055 906 4134 campanis,

103 4169 284 4233 suppressa
315 4168 408 4225 voce,
437 4153 550 4214 divina
581 4153 690 4215 officia
725 4153 906 4216 celebrare.

104 4257 142 4314 ln
169 4251 418 4329 parochialibus
447 4251 476 4312 si
491 4251 623 4329 quidem
647 4251 797 4312 ecclesiis
826 4268 907 4330 quas

103 4349 236 4411 hahetis
262 4349 362 4410 liceat
389 4347 483 4409 vobis
506 4348 695 4410 sacerdotes
721 4349 845 4424 eligere
875 4349 908 4410 et

103 4448 295 4508 dioecesano
329 4447 484 4524 episcopo
517 4445 739 4522 praesentare,
770 4445 904 4524 quibuS,

103 4545 132 4607 si
150 4544 263 4606 idonei
287 4544 423 4617 fuerint,
450 4543 624 4621 episcopus
641 4558 755 4605 curam
776 4545 906 4606 anima-

103 4659 178 4704 rum
208 4642 405 4718 committat3
442 4641 489 4704 ita
524 4641 655 4718 quidem
681 4641 767 4719 quod
801 4643 832 4703 el
865 4643 905 4703 de

103 4737 345 4818 spiritualibus,
362 4738 456 4801 vobis
471 4741 581 4800 autem
597 4737 637 4800 de
652 4739 902 4816 temporalibus,

103 4838 246 4899 debeant
267 4836 480 4918 respondere.
510 4837 661 4898 Chrisma
688 4852 779 4910 vero,
794 4837 904 4898 oleum

104 4937 269 5007 sanctum,
293 4935 560 4996 consecrationes
580 4933 746 5007 altarium,
770 4951 829 4996 sen
845 4935 905 4996 ba-

102 5033 288 5105 silicarum,
301 5031 527 5094 ordinationes
541 5032 777 5094 monachorum
790 5033 847 5111 qui
862 5033 902 5095 ad

102 5146 217 5192 sacros
242 5131 365 5192 fuerint
384 5130 517 5191 ordines
544 5130 760 5206 promovendi
780 5131 902 5192 adice-

102 5245 225 5289 cesano
251 5227 439 5305 suscipietis
461 5227 625 5305 episcope,
651 5228 678 5289 si
694 5228 825 5306 quidem
846 5245 904 5290 ca-

101 5327 246 5388 tholicus
260 5325 375 5403 fuerit;
390 5328 423 5388 et
434 5325 576 5404 gratiam
591 5326 624 5387 et
636 5327 901 5392 communionem

102 5425 325 5486 sacrosanctae
346 5427 503 5490 Romanae
517 5423 611 5485 Sedis
630 5421 799 5497 habuerit,
815 5428 848 5486 et
862 5441 901 5486 ea

101 5521 195 5584 vobis
207 5520 430 5584 volueritsine
438 5521 600 5599 pravitate
609 5521 720 5600 aliqua
730 5521 898 5585 exhibere.

102 5620 258 5698 Alioquin
275 5620 315 5682 ad
329 5635 567 5698 quemcumque
588 5619 772 5681 malueritis
786 5620 901 5682 catho-

101 5717 203 5782 licum
228 5717 408 5782 antistitem
426 5717 688 5796 recur1·atis,qui
704 5721 815 5782 nostra
832 5718 900 5781 fre-

754 367 983 430 EPISTOLAE.
1007 369 1085 430 LIB.
1109 369 1134 430 1.

1712 373 1771 435 466

970 530 1024 591 tus
1047 527 1256 603 auctoritate,
1281 529 1375 592 vobls
1396 529 1482 610 qnod
1505 529 1693 608 postulatur
1713 530 1770 593 in·

971 625 1114 704 dulgent.
1139 627 1173 688 Si
1189 644 1285 706 quem
1308 645 1388 691 vero
1401 629 1591 707 episcopum
1611 631 1769 693 Romanae

972 725 1065 786 Sedis
1088 726 1351 788 communionem
1374 727 1549 789 habentem
1578 729 1612 788 et
1639 727 1679 788 de
1703 743 1768 806 quo

970 821 1101 899 plenam
1118 823 1302 886 habueritis
1313 825 1464 886 notitiam
1480 840 1538 902 per
1552 841 1611 886 vos
1623 826 1768 886 transire

970 921 1159 998 contigerit,
1173 921 1214 982 ab
1236 921 1295 983 illo
1309 921 1549 984 benedictionis
1566 939 1721 984 vasorum
1736 923 1770 984 et

969 1019 1585 1082 vestrorumconsecrationisaltarium
1596 1021 1628 1082 et
1638 1021 1770 1081 ordina-

970 1116 1077 1178 tiones
1092 1117 1332 1180 monachorum
1347 1119 1543 1180 auctoritate
1557 1117 1651 1180 Sedis
1663 1122 1771 1195 Apos-

969 1215 1077 1277 tolicae
1093 1217 1243 1294 recipere
1255 1217 1407 1278 valeatis.

1010 1316 1175 1377 Praeterea
1186 1315 1314 1378 licitum
1329 1315 1373 1376 sit
1393 1314 1537 1377 vobis1n
1560 1313 1671 1376 causis
1691 1329 1770 1376 ves·

969 1411 1030 1473 tris
1058 1412 1212 1474 civilibus
1244 1413 1364 1475 fratres
1396 1414 1526 1475 vestros
1559 1413 1696 1473 idoneos
1726 1409 1768 1470 ad

970 1509 1211 1572 testificandum
1227 1510 1401 1583 adducere,
1418 1512 1516 1588 atque
1531 1510 1679 1588 ipsorum
1700 1509 1769 1569 tes-

970 1607 1107 1670 timonio
1127 1609 1212 1670 sicut
1229 1609 1357 1671 rectum
1385 1608 1485 1670 fuerit
1511 1610 1545 1670 et
1571 1607 1768 1685 propulsare

969 1703 1126 1783 injuriam
1155 1709 1188 1767 et
1211 1706 1378 1784 Justitiam
1407 1706 1589 1770 vindicare.
1617 1704 1666 1765 Ad
1694 1702 1767 1764 haec

970 1801 1155 1881 adjicimus,
1177 1820 1219 1866 ne
1238 1805 1342 1882 aliqui
1366 1803 1521 1866 monachi
1543 1803 1595 1864 vel
1613 1800 1769 1864 conversi

969 1900 1030 1960 sub
1043 1901 1248 1978 professione
1261 1902 1379 1963 domus
1394 1903 1515 1964 vestrae
1530 1900 1679 1963 adstricti
1694 1899 1766 1960 sine

970 2015 1133 2060 consensu
1152 1999 1281 2062 abbatis
1305 2002 1337 2063 et
1351 2001 1489 2078 majoris
1507 1999 1613 2077 partis
1628 1995 1765 2074 capituli

968 2097 1073 2159 vestri
1094 2097 1281 2177 proaliquo
1302 2099 1513 2178 fidejubeant,
1530 2097 1581 2158 vel
1597 2095 1766 2172 abaliquo
1826 2155 1828 2159 .

969 2196 1143 2271 pecuniam
1170 2197 1283 2258 mutuo
1310 2197 1476 2274 accipiant
1504 2197 1590 2257 ultra
1623 2193 1766 2272 pretium

969 2295 1106 2370 capituli
1126 2296 1228 2372 vestri
1243 2295 1451 2372 providentia
1467 2293 1680 2356 constitutum
1698 2291 1764 2352 nisi

969 2393 1103 2468 propter
1129 2392 1338 2454 manifestam
1357 2393 1473 2454 domus
1492 2393 1611 2453 vestrae
1638 2389 1767 2451 utilita-

967 2491 1045 2550 tem.
1072 2489 1163 2562 Quod
1191 2489 1220 2550 si
1242 2488 1351 2551 facere
1375 2489 1459 2550 forte
1480 2486 1763 2567 praesumpseriut,

968 2602 1034 2647 non
1049 2588 1202 2649 teneatur
1217 2588 1399 2649 conventus
1414 2586 1539 2664 probis
1554 2585 1764 2664 aliquatenus

967 2684 1178 2761 respondere.
1206 2683 1253 2745 Ob
1273 2685 1429 2747 vitandas
1450 2699 1530 2747 vero
1553 2681 1764 2745 saecularium

967 2782 1267 2860 frequentationes,
1293 2783 1433 2845 liberum
1460 2783 1504 2846 sit
1533 2781 1638 2854 vobis,
1671 2781 1765 2842 salvo

962 2883 1040 2958 jure
1064 2881 1243 2944 dioecesani
1266 2881 1412 2958 episcopi
1436 2882 1469 2943 et
1494 2880 1644 2943 ecclesiae
1666 2895 1767 2956 paro-

967 2978 1096 3050 chialis,
1123 2981 1269 3042 oratoria
1294 2979 1330 3040 in
1345 2979 1494 3056 grangiis
1514 2977 1633 3040 vestris
1657 2994 1763 3039 cons-

966 3078 1088 3148 truere,
1101 3079 1134 3138 et
1148 3078 1182 3138 in
1197 3077 1292 3154 ipsiS,
1307 3092 1382 3138 cum
1398 3092 1535 3138 necesse
1547 3075 1658 3146 fuerit,
1668 3073 1763 3136 vobis

966 3176 998 3236 et
1017 3173 1153 3236 familiae
1170 3176 1288 3238 vestrae
1311 3175 1424 3236 divina
1446 3174 1556 3236 officia
1580 3171 1761 3234 celebrare.

966 3272 1044 3333 Paci
1069 3289 1199 3350 quoque
1231 3275 1264 3335 et
1293 3272 1529 3350 tranquillitati
1560 3273 1679 3333 vestrae
1703 3285 1766 3347 pa-

965 3371 1060 3432 terna
1078 3371 1114 3432 in
1138 3372 1306 3448 posterum
1335 3370 1560 3432 sollicitudine
1589 3368 1764 3446 providere

965 3468 1125 3541 volentes,
1143 3469 1321 3531 autoritate
1342 3469 1533 3546 apostolica
1550 3465 1763 3545 prohibemus

964 3565 1053 3630 infra
1078 3565 1252 3628 clausuras
1278 3568 1427 3628 locorum
1460 3582 1519 3627 seu
1547 3565 1763 3642 grangiarum

964 3664 1149 3725 vestrarum
1170 3663 1281 3724 nullus
1305 3664 1458 3740 rapinam
1483 3678 1542 3724 seu
1566 3661 1689 3724 furtum
1704 3660 1762 3720 ia-

964 3775 1050 3832 cere,
1074 3761 1184 3836 ignem
1198 3777 1377 3838 apponere,
1397 3759 1594 3836 sanguinem
1610 3757 1758 3828 fundere,

964 3857 1130 3920 hominem
1145 3859 1269 3920 temere
1282 3873 1402 3936 capere
1416 3859 1469 3921 vel
1481 3857 1682 3929 interficere,
1700 3870 1761 3916 seu

962 3957 1156 4017 violentiam
1184 3956 1305 4018 audeat
1332 3971 1501 4019 exercere.
1522 3955 1761 4018 Censtituimus

962 4055 1110 4132 insuper,
1127 4057 1164 4117 ut
1176 4053 1276 4116 abbas
1292 4055 1348 4133 qui
1359 4071 1418 4132 pro
1429 4056 1578 4132 tempore
1591 4053 1701 4126 fuerit,
1718 4053 1760 4115 ad

964 4153 1088 4214 nullius
1102 4153 1345 4230 archiepiscopi
1360 4152 1413 4214 vel
1432 4153 1578 4230 episcopi
1599 4152 1761 4231 synodum

963 4265 1022 4311 seu
1044 4253 1254 4323 conventum,
1275 4251 1342 4312 nisi
1362 4253 1490 4314 tantum
1508 4251 1649 4314 Romani
1666 4254 1763 4312 Pon-

961 4347 1073 4421 tificis,
1085 4349 1138 4412 vel
1149 4351 1221 4426 ejus
1231 4349 1344 4426 legati,
1358 4349 1517 4412 accedere
1529 4348 1758 4428 compellatur.

963 4446 1174 4522 sepulturam
1188 4463 1318 4525 quoque
1331 4447 1438 4524 ipsius
1454 4447 1518 4508 loci
1533 4445 1673 4506 liberam
1686 4461 1760 4506 esse

961 4543 1181 4618 decernimus,
1195 4547 1233 4607 ut
1249 4559 1362 4607 eorum
1373 4544 1541 4606 devotioni
1554 4544 1587 4605 61
1601 4544 1759 4605 extremae

960 4642 1124 4705 voluntati
1140 4643 1196 4721 qui
1212 4659 1247 4703 se
1257 4643 1327 4705 illic
1340 4642 1474 4720 sepeliri
1486 4640 1756 4714 deliberaverint,

960 4740 1026 4802 nisi
1041 4740 1125 4802 forte
1140 4739 1417 4802 excommunicati
1431 4739 1483 4802 vel
1498 4739 1665 4802 interdicti
1679 4739 1756 4812 sint,

960 4837 1072 4898 nullus
1085 4837 1234 4910 obsistat,
1252 4837 1344 4900 salva
1357 4839 1468 4899 tamen
1478 4837 1610 4915 justitia
1623 4836 1757 4898 illarum

959 4935 1215 4998 ecclesiaruma
1239 4934 1358 5014 quibus
1385 4935 1591 4997 mortuorum
1617 4949 1758 5012 corpora

959 5034 1185 5095 assumuntur.
1199 5032 1347 5094 obeunte
1359 5048 1438 5094 vero
1449 5033 1493 5106 te,
1508 5048 1595 5094 nunc
1608 5032 1758 5110 eiusdem
1790 5061 1796 5072 ·

958 5129 1022 5191 loci
1043 5129 1173 5204 abbate,
1193 5130 1392 5192 veltuorum
1414 5130 1560 5208 quolibet
1584 5146 1760 5194 successo-

957 5219 1042 5301 rum,
1068 5229 1180 5291 nullus
1207 5229 1255 5290 ibi
1277 5228 1425 5306 qnalibet
1452 5228 1674 5306 subreptionis
1696 5244 1756 5289 as-

956 5326 1040 5388 tutia
1059 5343 1120 5389 seu
1141 5326 1298 5391 violentia
1323 5328 1544 5406 praeponatur,
1571 5325 1638 5387 nisi
1660 5341 1757 5403 quem

957 5422 1076 5486 fratres
1092 5427 1258 5488 communi
1272 5441 1437 5488 consensu
1453 5424 1506 5488 vel
1519 5424 1657 5486 fratrum
1679 5439 1757 5500 pars

957 5523 1092 5600 majoris
1107 5525 1139 5586 et
1155 5524 1297 5586 sanioris
1317 5522 1449 5586 consilii
1459 5521 1640 5584 secundum
1653 5523 1755 5584 heum

956 5621 989 5682 et
1007 5619 1094 5684 beati
1110 5622 1280 5684 Benedicti
1297 5621 1445 5699 regulam
1468 5619 1674 5701 providerint
1688 5621 1754 5684 eli-

954 5718 1112 5794 gendum.
