4014 6312
733 748 983 876 LIBER
1045 747 1476 881 SECUNDUS

504 1185 563 1246 DE
598 1183 816 1246 SECUNDO
849 1181 1054 1244 HONORII
1087 1182 1142 1242 111
1175 1184 1530 1248 PONTIFICATUS
1564 1185 1706 1248 humo.

316 1421 435 1478 lionorii
450 1424 490 1481 lll
505 1422 588 1492 votis,
602 1429 660 1480 tarn
673 1423 702 1479 in
714 1423 829 1480 Oriente
844 1435 932 1494 quam
952 1421 981 1477 in
996 1420 1079 1478 Occi·
1174 1421 1235 1478 lloc
1249 1434 1325 1478 auno
1339 1420 1458 1479 moritur
1476 1421 1510 1479 in
1524 1421 1639 1480 Oriente
1651 1420 1761 1478 nomini
1777 1418 1915 1477 christiam

279 1516 379 1588 dente,
397 1526 517 1577 eventus
538 1519 631 1578 bellici
653 1521 724 1577 satis
742 1517 982 1594 responderevisi
1003 1525 1079 1576 sunt.
1135 1517 1338 1576 infestissimus
1362 1518 1409 1576 ille
1433 1533 1519 1592 quem
1548 1519 1651 1576 merito
1681 1525 1773 1577 vocat
1793 1518 1920 1576 llouorius

284 1617 368 1686 Nam,
395 1624 425 1674 ut
446 1615 508 1690 ipae
531 1619 580 1687 ait,
602 1617 792 1676 Orientalibus
813 1617 966 1674 scribens:
994 1617 1081 1688 «lpse
1138 1615 1365 1688 «impiissimum
1380 1616 1530 1674 soldanum
1544 1615 1739 1689 Sephadihum
1759 1616 1915 1688 precipuum

281 1713 421 1771 Dominus
434 1713 494 1788 jam
518 1713 585 1773 iecit
604 1715 753 1774 nobiseum
773 1715 889 1788 signum
911 1715 941 1771 in
962 1712 1078 1782 bonum,
1136 1713 1270 1770 malleum
1283 1714 1754 1772 TerreSanctse.»lluicsuecessit
1769 1713 1916 1785 iuAEgppto

282 1811 492 1886 crucesignatis
511 1829 561 1886 per
587 1814 755 1886 Hispaniam
777 1811 1003 1880 transeuntibus,
1024 1825 1080 1868 nou
1136 1807 1401 1869 blateis-elliamel.
1423 1815 1456 1870 lu
1477 1811 1626 1869 occidente
1648 1811 1772 1870 decessit
1796 1810 1865 1868 Otho
1878 1811 1916 1876 tl.

282 1909 374 1966 solurn
396 1910 598 1968 miraculosam
624 1910 775 1968 tribuendo
798 1911 958 1979 victoriam,
978 1919 1080 1968 verum
1136 1907 1184 1980 qui
1204 1907 1326 1982 primum
1340 1907 1547 1967 benemeritus
1561 1908 1597 1967 de
1612 1909 1640 1967 S.
1662 1907 1745 1978 Sede,
1757 1915 1854 1982 postea
1868 1904 1917 1963 lue·

281 2005 368 2063 etiarn
387 2007 451 2064 illos
471 2007 659 2080 quorumdam
675 2009 839 2066 ostensione
857 2009 1006 2082 signorum
1026 2010 1080 2066 mi·
1136 2013 1180 2062 rat
1194 2007 1458 2065 excommunicatus
1470 2015 1499 2066 et
1513 2009 1602 2065 vitam
1621 2006 1713 2064 linivit
1727 2007 1798 2063 satis
1812 2005 1917 2062 obscure

280 2102 460 2162 sericorditer
470 2105 688 2164 confortando.»
711 2109 753 2164 lta
764 2105 882 2164 victoria
895 2106 1018 2180 loquitur
1028 2105 1081 2166 sibi
1136 2104 1165 2160 in
1181 2102 1304 2176 quodam
1319 2105 1446 2164 castello.
1463 2105 1545 2163 lllurn
1560 2105 1706 2163 devicerat
1719 2103 1865 2176 Philippus
1877 2104 1921 2160 hu·

282 2201 411 2259 nuntiata
433 2217 519 2276 quam
537 2204 566 2260 in
585 2203 728 2261 Lusitania
746 2204 938 2278 cmcesiguati
952 2212 1080 2278 reporta·
1137 2207 1239 2275 gustus
1253 2216 1303 2258 rex
1316 2203 1443 2260 Francire
1456 2200 1531 2276 apud
1546 2203 1681 2262 Bovinas.

281 2305 393 2368 verant,
404 2299 779 2359 contrahlahumetanorum
791 2301 977 2359 exercitusex
987 2300 1081 2360 Africa
1173 2298 1380 2369 Sedhndreas,
1402 2300 1558 2374 ilungarie
1573 2315 1634 2370 rex,
1649 2299 1697 2372 qui
1710 2297 1802 2356 iuerat
1815 2297 1921 2355 crucesi-

282 2406 477 2470 erumpentes.
498 2399 532 2455 Et
555 2397 658 2456 eodem
673 2397 732 2456 iere
747 2405 887 2472 ternpore,
908 2413 944 2456 ex
955 2401 1082 2474 AEgypto
1137 2403 1254 2470 gnatus,
1270 2397 1357 2454 etiam
1378 2397 1497 2454 moritur
1515 2396 1571 2455 hoe
1583 2411 1670 2468 anno,
1686 2404 1715 2453 et
1729 2395 1828 2454 Simon
1841 2397 1919 2453 llont·
1986 2389 1987 2464 J

282 2492 319 2551 ad
341 2495 433 2566 ipsum
455 2496 556 2553 littere
582 2511 740 2570 pervenere
756 2495 885 2554 dicentes
900 2496 1082 2555 Pelusiacum
1137 2493 1248 2564 lortius,
1275 2495 1324 2568 qui
1354 2496 1488 2553 Tolosani
1512 2492 1672 2564 obsidebat,
1699 2493 1805 2552 athleta
1833 2492 1921 2552 Christi

283 2591 407 2648 Pharum
424 2607 439 2649 a
459 2591 626 2652 Christianis
640 2592 774 2663 obsideri,
790 2601 819 2651 et
843 2593 1003 2652 hamiatam
1017 2609 1082 2653 esse
1136 2593 1364 2663 strenuissimus,
1378 2599 1410 2651 ut
1422 2593 1460 2650 alt
1475 2591 1649 2667 llaynaldus,
1661 2592 1780 2649 viraeer
1792 2591 1920 2656 etalucer,

283 2687 414 2760 proximo
437 2688 587 2749 obsidione
611 2690 829 2760 circumdatam,
861 2705 917 2764 qua
934 2699 1035 2766 capta,
1052 2699 1083 2750 ut
1137 2697 1168 2748 ut
1184 2689 1335 2760 aitVallis,
1351 2691 1427 2749 liist'.
1443 2691 1537 2762 Albia.
1561 2690 1723 2748 amalricus
1747 2687 1823 2746 filius
1842 2689 1921 2746 llout-
1986 2737 1987 2768 3

283 2800 351 2858 spes
375 2794 446 2856 erat,
473 2794 531 2845 tota
544 2787 625 2860 regio
650 2788 835 2846 inditionem
854 2792 973 2847 veniret.
1001 2790 1082 2849 Unde
1138 2786 1221 2845 fortio
1234 2787 1383 2857 successit,
1399 2785 1451 2846 sed
1470 2787 1543 2846 alius
1557 2786 1610 2845 luit
1628 2786 1770 2845 hereticis
1786 2786 1920 2844 Tolosanis

283 2881 499 2958 archiepiscopo
523 2886 683 2944 Senoneusi
708 2887 857 2944 llouorius
873 2885 936 2944 haec
963 2887 1080 2946 scribit:
1138 2885 1327 2955 adversarius,
1350 2899 1455 2958 nempe
1467 2884 1615 2958 Philippus
1631 2887 1805 2943 Francorum
1818 2882 1921 2952 res,cui

286 3003 297 3032 ι
312 2983 382 3040 ilem
397 2996 554 3056 aggressus
566 2991 609 3041 est
621 2984 763 3042 exercitus
773 2982 946 3042 christianus
958 2987 1083 3044 existens
1138 2983 1305 3041 vicesimam
1320 2983 1443 3041 totaliter
1456 2983 1598 3040 Honorius
1610 2982 1753 3041 concessit
1771 2997 1834 3054 que
1846 2979 1919 3038 debe

282 3077 312 3134 in
325 3078 452 3152 partibus
463 3081 671 3150 transmarinis,
686 3081 779 3154 inqua
793 3081 925 3139 consistit
939 3089 987 3141 aut
998 3083 1081 3155 plena
1137 3081 1220 3138 betur
1239 3081 1267 3138 in
1286 3079 1451 3139 subsidium
1460 3082 1554 3138 'l'errre
1571 3081 1693 3138 Sancte.

282 3176 401 3234 victoria
417 3185 465 3234 aut
475 3177 607 3235 vincendi
620 3177 782 3251 desperatio
791 3177 1083 3250 manifesta30bsedit
1173 3181 1234 3236 lloc
1258 3178 1345 3236 ctiam
1370 3193 1456 3249 auno,
1476 3192 1578 3251 pacem
1601 3177 1781 3236 confirmavit
1796 3175 1923 3235 Honorius

283 3273 360 3330 euim
371 3273 531 3332 Damiatam
542 3275 860 3348 civitatemopulentam
872 3283 1079 3350 etmagnam.=
1137 3277 1211 3334 inter
1228 3275 1414 3346 Ludovicunr,
1426 3277 1599 3334 Francorum
1615 3276 1692 3350 regis
1702 3275 1924 3348 primogenitum,

319 3369 442 3428 Dederat
466 3371 597 3428 Pontifex
626 3371 745 3446 Pelagio
768 3372 923 3431 libanensi
946 3375 1082 3448 episcopo
1136 3380 1165 3430 et
1176 3388 1276 3446 regem
1287 3374 1411 3448 Angliae,
1422 3375 1589 3432 Lusitanum
1598 3387 1698 3446 regem
1707 3373 1736 3429 in
1750 3371 1923 3446 patrocinium

282 3465 371 3541 legati
384 3483 488 3527 muuu
500 3469 725 3544 adimplendum,
742 3469 793 3527 sed
805 3469 841 3528 ad
852 3470 1081 3530 concionandum
1137 3472 1165 3530 St
1187 3469 1269 3530 Sedis
1287 3472 1428 3545 suscepit,
1455 3486 1522 3529 eum
1550 3469 1695 3530 Ferraudo
1719 3485 1790 3544 rege
1811 3469 1923 3530 castelle

283 3565 400 3623 miserat
415 3566 458 3625 tit.
476 3568 503 3625 S.
521 3567 656 3642 Stephani
671 3569 699 3624 iu
719 3567 810 3627 Coelio
820 3575 916 3626 monte
939 3569 1083 3644 presbyte·
1136 3583 1221 3641 super
1237 3568 1379 3627 natalibus
1389 3568 1546 3642 illegitimis
1567 3567 1743 3641 dispensavit
1757 3575 1789 3626 ut
1804 3565 1924 3640 Legionis

282 3679 346 3722 rum
367 3664 552 3735 cardinalem,
579 3666 724 3738 sapienter
745 3665 900 3739 providens
921 3681 959 3725 ne
985 3667 1082 3740 populi
1135 3681 1271 3724 eoronam
1285 3666 1437 3740 acciperet,
1451 3665 1649 3725 etPruthenos
1663 3665 1836 3723 christianos
1849 3665 1924 3722 tuitus

281 3760 429 3820 christiani
440 3769 556 3835 peccata
570 3762 748 3837 prepediant
758 3762 834 3836 qued
846 3763 881 3821 de
897 3765 948 3822 Dei
965 3764 1083 3822 misera·
1136 3771 1192 3835 est,
1204 3779 1277 3837 quos
1288 3771 1439 3837 concepta
1463 3764 1519 3822 ilde
1532 3765 1607 3823 illius
1620 3763 1749 3837 regionis
1764 3763 1867 3837 pagani
1882 3759 1921 3817 ab·

281 3859 360 3916 tione
374 3859 500 3918 conlisus
515 3861 611 3919 nititur
625 3859 763 3920 obtinere.
780 3861 864 3920 Unde
877 3876 989 3920 morum
1001 3861 1083 3919 elire-
1136 3861 1242 3920 ducere
1264 3860 1438 3919 nitebantur.
1463 3863 1565 3921 Contra
1595 3876 1646 3919 ees
1669 3860 1876 3934 expeditionem
1892 3859 1924 3914 iu

282 3957 371 4026 natio,
384 3957 613 4031 intemperantia,
629 3957 726 4028 libido,
742 3959 788 4016 vel
808 3959 928 4033 llagitia,
941 3959 967 4016 si
982 3974 1037 4032 qua
1052 3960 1081 4016 in
1136 3959 1210 4018 diruit
1220 3959 1275 4016 illis
1290 3959 1562 4032 crucesignatisqui
1582 3958 1922 4032 iter-llierosolvmitanum

282 4051 329 4109 his
340 4053 570 4125 expeditionibus
581 4053 652 4112 torte
667 4055 877 4126 exoriebantur,
898 4057 976 4115 nullo
997 4055 1082 4115 modo
1137 4057 1288 4130 suscipere·
1301 4071 1359 4113 nen
1373 4063 1516 4130 poteram

284 4151 312 4208 S.
327 4149 394 4208 Sedi
406 4158 472 4208 sunt
485 4150 650 4222 tribuenda,
664 4166 730 4224 qum
745 4151 1081 4226 nihiluuquamomlaerit
1172 4157 1245 4212 burn
1255 4161 1353 4211 autem
1365 4153 1615 4227 omnieprospere
1634 4151 1829 4211 succedebant
1846 4153 1872 4208 in
1884 4164 1921 4206 rc·

284 4254 314 4305 ut
327 4261 428 4305 omnes
437 4248 473 4305 ad
486 4247 599 4320 pietatis
611 4263 698 4322 opere
711 4251 880 4307 excitentur.
1136 4251 1270 4326 gionihus
1284 4257 1313 4308 at
1326 4253 1441 4310 terrisa
1456 4252 1544 4324 longe
1560 4250 1664 4309 distitis
1678 4251 1707 4308 iu
1723 4250 1848 4325 partibus
1866 4246 1921 4320 ipsis

317 4345 455 4418 Princeps
469 4345 558 4418 Epiri,
571 4345 741 4404 Theodorus
751 4347 923 4406 &rumonus
938 4348 986 4421 qui
1001 4348 1082 4422 lega·
1137 4350 1225 4408 ltaliae
1251 4349 1352 4422 magui
1377 4348 1484 4406 laboris
1505 4356 1567 4406 erat
1587 4349 1685 4406 omnia
1712 4341 1919 4422 componerem

284 4447 343 4500 tum
357 4443 399 4501 tit.
424 4443 452 4501 S.
469 4442 606 4502 Praxedis
624 4445 775 4513 ioannem,
798 4459 874 4502 anno
897 4444 1079 4520 precedenti,
1135 4448 1254 4506 bonurn.
1270 4449 1339 4505 lime
1352 4446 1515 4521 Rayualdus
1531 4462 1543 4502 ·.
1559 4447 1659 4504 Arcuit
1673 4445 1804 4503 bdelium
1814 4455 1924 4503 mnaru-

283 4541 313 4599 in
328 4541 449 4600 vinculis
472 4549 616 4613 tenuerat,
634 4542 743 4600 illums
766 4543 930 4616 captivitate
953 4543 1083 4602 lberavit
1138 4547 1223 4602 nione
1237 4543 1441 4614 viterbienses,
1457 4543 1494 4602 ob
1506 4543 1625 4601 allectos
1637 4543 1820 4616 gravissimis
1830 4537 1920 4614 injuriis

283 4646 312 4697 et
325 4637 491 4698 schismatis
509 4655 596 4714 opera
619 4639 758 4714 abjiciens
779 4639 808 4697 in
831 4641 1036 4714 protectionem
1052 4643 1081 4700 S.
1139 4643 1234 4701 varios
1249 4641 1471 4711 ecclesiasticos,
1483 4649 1569 4714 atque
1580 4641 1731 4699 Florentiae
1752 4641 1838 4715 episc.
1854 4649 1918 4694 nau·

284 4735 365 4795 Sedis
376 4739 519 4811 recipitur.
535 4739 638 4812 sieque
651 4739 748 4796 omnia
762 4739 889 4796 Honorio
909 4737 1081 4798 arridebant.
1137 4740 1216 4798 davit
1230 4753 1267 4796 ne
1291 4752 1377 4812 quem
1397 4739 1427 4795 in
1448 4737 1610 4796 clericalem
1636 4738 1768 4797 ordinem
1795 4737 1920 4810 coeperet

284 4836 312 4892 lu
323 4837 462 4905 loannes,
479 4850 495 4892 a
510 4833 661 4894 Theodoro
679 4836 825 4909 dimissus,
843 4837 1081 4911 Constantinopo·
1138 4836 1231 4895 donee
1243 4836 1398 4895 Florentini
1419 4837 1517 4909 legem
1534 4843 1703 4894 revocarent
1717 4833 1919 4908 quamtularaut

282 4933 335 4990 lim
348 4933 443 5006 pergit
456 4933 514 5002 ubi,
532 4935 680 4992 Pontiilcia
698 4936 867 4994 auctoritate
882 4937 970 4993 multa
985 4935 1017 4992 iu
1028 4935 1081 4992 bo·
1138 4941 1169 4991 ut
1183 4935 1278 4992 clerici
1298 4940 1447 5007 paternam
1474 4931 1670 4990 hereditatem
1695 4932 1774 4990 adire
1793 4945 1850 4989 noe
1866 4941 1918 5000 poe

286 5044 354 5087 num
383 5030 533 5101 convertit,
560 5031 672 5089 clericis
698 5031 894 5091 subveniendo
914 5034 962 5106 qui
995 5033 1083 5090 multa
1139 5039 1219 5104 sent3
1235 5032 1374 5106 repressit
1395 5030 1553 5089 Badienses
1567 5031 1616 5104 qui
1628 5031 1795 5104 episcopum
1809 5023 1918 5086 suumin

287 5127 363 5185 mala
388 5127 423 5186 ab
440 5128 537 5200 impiis
554 5128 719 5187 bominibus
746 5131 930 5203 pertulerant,
951 5137 980 5187 et
998 5144 1081 5188 sauc-
1139 5130 1257 5188 exilium
1270 5136 1404 5204 egeraut;
1420 5128 1561 5201 increpuit
1583 5123 1918 5199 Bononiensem-,objurga-

279 5226 578 5284 tioneacanonicasa
598 5227 704 5285 Grecis
723 5228 911 5301 pervicaciter
935 5228 1084 5302 neglectas
1140 5230 1180 5286 vit
1204 5225 1450 5299 llediolancuscs;
1482 5227 1665 5285 Placentinos
1677 5225 1813 5284 intentato
1829 5233 1916 5278 censu·

288 5324 359 5397 ipsis
378 5323 562 5398 imponendo,
578 5330 608 5382 ut
620 5324 717 5383 videre
732 5331 777 5384 est
795 5325 825 5383 in
845 5325 944 5394 Quint.
965 5326 1087 5398 Corripit.
1141 5341 1239 5384 rarum
1262 5331 1370 5382 terrore
1389 5324 1525 5399 perculit.
1545 5325 1615 5382 llec
1633 5331 1663 5383 et
1686 5324 1741 5381 ulia
1756 5319 1835 5380 muha
1850 5313 1918 5374 iude·

279 5423 336 5480 lib.
351 5425 373 5492 l,
386 5424 427 5480 tit.
441 5421 504 5494 xil,
517 5438 542 5480 c.
560 5424 586 5492 l,
602 5423 656 5480 col.
675 5424 736 5482 lto.
1141 5422 1233 5482 lessus
1247 5429 1276 5480 et
1292 5422 1360 5498 vigil
1372 5429 1470 5497 pastor
1484 5421 1541 5480 hoc
1552 5435 1629 5480 anno
1642 5421 1772 5480 absolvit.

969 5643 1254 5661 m-
