3996 6326
132 361 192 422 233
569 362 640 423 XX.
656 391 697 408 ·-
715 362 760 424 IN
782 363 912 426 FESTO
935 364 1084 426 SANCTI
1105 366 1346 440 LAURENTII.
1718 364 1777 426 234

131 535 230 600 quem
253 534 349 598 aquae
373 518 486 582 multae
508 520 759 584 tribulationum
779 539 845 584 non
867 538 928 601 po·
1021 524 1110 600 Ignis
1123 525 1246 594 autem,
1269 525 1401 600 tratres,
1426 525 1490 590 etsi
1513 524 1636 588 multas
1654 523 1777 586 babeat

132 618 268 682 inerunt
276 605 471 695 extinguere
475 621 572 697 juxta
580 620 663 681 illud
678 623 802 694 :Aqua
811 623 927 684 muitae
981 622 1211 699 proprietates,
1224 622 1286 685 has
1300 626 1412 686 tamen
1431 624 1556 701 septem
1569 622 1701 686 videtur
1715 622 1778 684 ba-

131 731 201 778 non
242 716 433 792 potuerunt
469 718 676 794 emtingucrc
720 719 926 781 charitatem
980 718 1058 781 bere
1085 720 1248 782 notabiles
1270 725 1370 799 atque
1395 722 1555 800 insignes.
1578 721 1669 799 Ignis
1686 721 1776 782 enim

131 812 241 893 (Cant
258 829 330 886 vna,
345 813 390 894 7).
408 815 554 892 Utroque
564 815 641 893 igne
656 816 864 878 examinatus
877 818 926 878 est
980 817 1079 891 lucet,
1095 818 1173 892 urit,
1189 818 1334 892 roborat,
1352 824 1481 898 purgat,
1505 820 1660 892 desiccat,
1677 819 1778 880 deco-

130 910 248 974 beatus
263 913 475 986 Laurentius,
489 915 522 975 et
538 928 605 976 non
620 914 671 976 est
685 914 819 976 inventa
836 914 871 976 in
886 931 926 976 eo
980 915 1052 993 quit
1060 918 1094 979 et
1106 916 1268 980 calefacit.
1286 920 1389 980 Lucet
1403 935 1464 995 per
1476 918 1696 996 splendorem,
1710 916 1777 979 urit

130 1010 301 1087 iniquitas.
325 1012 410 1073 Nam
423 1027 498 1074 cum
511 1012 545 1073 in
558 1012 718 1074 craticula
731 1013 925 1089 superposi-
980 1030 1040 1091 per
1052 1016 1347 1093 consumptionem,
1356 1016 1491 1078 roborat
1502 1015 1722 1078 ministrando
1731 1015 1777 1076 vi·

130 1109 184 1171 tus
200 1113 365 1182 ureretur,
380 1125 500 1171 nornen
526 1111 677 1172 sanctum
700 1109 832 1172 Domini
859 1125 925 1171 non
979 1127 1044 1184 res,
1058 1115 1179 1190 purgat
1195 1115 1395 1177 removendo
1415 1114 1543 1186 sordes,
1565 1113 1711 1176 desiccat
1725 1128 1777 1174 re-

130 1207 278 1284 negavit,
304 1207 362 1268 sed
388 1207 429 1268 ad
453 1207 591 1285 impium
615 1209 795 1286 tyrannum
815 1207 923 1270 dixit:
979 1209 1151 1286 primendo
1177 1211 1345 1286 humores,
1375 1212 1529 1290 decoquit
1556 1211 1775 1290 praeparando

129 1322 147 1366 c
162 1305 271 1378 Disce,
285 1305 398 1379 miser,
412 1304 491 1383 quia
500 1306 662 1368 carbones
675 1307 726 1368 tui
741 1322 809 1369 non
825 1305 927 1368 ardo-
979 1305 1082 1381 cibos,
1097 1308 1250 1372 calefacit
1263 1308 1455 1388 repellendo
1471 1309 1588 1386 frigus.
1615 1311 1716 1372 Lucet
1739 1308 1775 1373 in

129 1419 201 1464 rem
217 1403 274 1464 sed
288 1402 498 1480 refrigerium
513 1403 594 1465 mibi
613 1405 744 1482 parant,
760 1404 840 1482 quia
853 1405 925 1481 ipse
979 1405 1190 1481 candelabro,
1214 1407 1282 1469 urit
1305 1407 1450 1485 paleam,
1476 1406 1611 1470 roborat
1636 1407 1772 1478 testam,

128 1500 289 1563 Dominus
301 1501 404 1575 novit,
422 1501 507 1580 quod
521 1503 696 1564 accusatus
710 1517 777 1565 non
792 1501 926 1578 negavi,
979 1505 1099 1580 purgat
1119 1519 1249 1578 aurum,
1280 1503 1426 1568 desiccat
1446 1519 1605 1584 pannum,
1620 1505 1776 1582 decoquit

128 1599 358 1676 interrogatus
371 1599 538 1661 Cbristum
548 1599 720 1662 consessus
734 1617 819 1674 sum,
836 1616 925 1663 assa·
979 1600 1100 1675 cibum,
1117 1601 1271 1665 calefacit
1282 1603 1416 1664 nudum.
1439 1605 1619 1664 Possumus
1633 1602 1774 1664 reddere

127 1698 183 1758 tus
196 1697 322 1773 gratias
345 1713 456 1775 ago.»
477 1698 517 1760 nt
530 1698 609 1759 item
633 1715 679 1759 :c
698 1701 792 1771 Ecce,
809 1698 922 1772 miser,
978 1698 1111 1776 singula
1136 1699 1294 1776 singulis;
1311 1701 1368 1762 sed
1383 1699 1573 1762 dubitamus
1600 1716 1642 1762 ne
1666 1715 1775 1762 sermo

126 1794 252 1857 assasti
266 1811 367 1858 unam
379 1795 646 1874 partem,regyra
659 1797 814 1867 aliam,et
828 1813 925 1860 man·
979 1796 1132 1872 prolixus
1143 1798 1281 1872 generet
1309 1796 1489 1860 fastidium.
1517 1799 1557 1860 nt
1580 1797 1772 1871 notandum,

126 1893 260 1954 duca.»
287 1895 381 1954 Tunc
404 1893 532 1970 gratias
556 1909 659 1971 agens
685 1895 825 1956 Domino
849 1911 923 1956 aum
979 1892 1203 1970 quodduaein
1226 1894 1380 1958 hocloco
1404 1893 1639 1957 describuntur
1660 1894 1770 1956 afflic-

126 1991 238 2066 gloria
252 1991 337 2053 dixit
354 1992 509 2054 :Gratias
523 1990 585 2054 tibi
599 2007 674 2068 ago,
690 1992 833 2055 Domine
843 1995 861 2056 J
865 2010 924 2054 esu
977 1990 1087 2053 bones
1097 1993 1280 2069 martyrum
1296 2013 1304 2053 ε
1320 2007 1386 2054 una
1402 1993 1488 2070 quod
1511 1992 1560 2054 eis
1581 1993 1669 2054 mala
1688 1991 1776 2054 inte-

126 2087 269 2161 Gbriste‚
298 2089 354 2166 qui
376 2089 483 2150 merui
500 2091 622 2167 januas
647 2090 722 2151 tuas
746 2091 924 2166 ingredi.»
978 2087 1147 2161 rebantur,
1158 2089 1262 2152 altera
1275 2090 1362 2168 qnod
1375 2091 1425 2151 eis
1439 2089 1527 2152 bona
1535 2090 1776 2168 promitteban-

125 2187 203 2249 Non
218 2187 269 2248 est
283 2201 362 2262 ergo
384 2185 419 2247 in
443 2203 483 2248 eo
498 2187 635 2249 inventa
658 2187 828 2265 iniquitas,
845 2187 924 2265 quia
978 2185 1041 2246 tur.
1069 2186 1133 2247 Sed
1162 2185 1203 2248 ab
1230 2188 1369 2265 utraque
1400 2188 1478 2250 sunt
1500 2187 1649 2260 liberati,
1680 2189 1713 2249 et
1737 2187 1773 2248 iu

125 2284 296 2346 Christum
320 2284 394 2346 sine
418 2284 538 2364 timore
562 2283 734 2346 consessus
759 2286 820 2358 est,
849 2301 923 2348 cum
978 2283 1111 2346 coeleste
1124 2283 1335 2360 refrigerium
1348 2287 1427 2348 sunt
1440 2285 1632 2348 introducti.

124 2397 241 2444 amore
256 2383 403 2455 meatus,
416 2383 453 2444 ut
473 2382 620 2444 monens
635 2381 858 2460 triumpharet
882 2383 923 2445 de
1019 2381 1121 2443 Item:
1144 2383 1322 2454 Probastt,
1334 2386 1490 2456 Domine,
1508 2397 1570 2445 cor
1589 2397 1717 2456 meum,
1740 2383 1774 2444 ct

124 2480 244 2550 morte,
261 2480 293 2543 et
305 2481 424 2542 vivens
437 2496 512 2542 cum
526 2479 594 2543 vita
615 2481 782 2558 regnaret.
977 2479 1128 2541 visitasti
1140 2479 1237 2542 noctu
1251 2477 1320 2560 (Ps.
1336 2482 1384 2553 16,
1399 2477 1446 2558 3).
1475 2479 1631 2542 Probatio
1651 2479 1774 2558 triplex

166 2577 333 2640 Probatus
354 2579 405 2640 est
427 2593 557 2657 quoque
585 2577 739 2640 laudibus
764 2579 933 2657 propriis·
976 2577 1038 2638 est
1060 2578 1120 2639 Est
1140 2576 1231 2640 enim-
1251 2577 1403 2656 probatio
1429 2577 1644 2656 perficientis,
1671 2593 1776 2656 expe-

125 2677 217 2754 quia,
230 2692 305 2739 cum
320 2676 460 2739 vidisset
472 2676 606 2739 beatum
622 2677 752 2739 sixtum
771 2677 922 2739 acarni·
977 2673 1106 2748 rientis,
1123 2676 1155 2736 et
1166 2675 1388 2738 adversantis.
1405 2676 1519 2738 Prima
1534 2675 1605 2748 Dei,
1627 2677 1774 2739 secunda

127 2774 246 2836 ticibus
258 2774 335 2836 duci
348 2774 392 2837 ad
407 2773 649 2848 decollandum,
665 2791 733 2836 non
755 2775 856 2838 cessit
868 2775 922 2837 vel
977 2772 1133 2847 bominis,
1150 2772 1250 2836 tertia
1266 2773 1406 2836 inimici.
1423 2774 1536 2836 Prima
1550 2773 1591 2835 ad
1613 2774 1775 2836 salvatio-

126 2872 250 2946 timuit,
265 2873 322 2935 sed
332 2872 463 2950 publice
473 2872 632 2936 clamavit
642 2888 754 2935 coram
765 2887 924 2950 persecu·
977 2886 1064 2944 nem,
1093 2871 1238 2934 secunda
1253 2871 1296 2934 ad
1318 2872 1583 2946 instructionem,
1605 2872 1705 2934 tertia
1731 2871 1774 2936 ad

126 2969 256 3033 toribus
271 2971 384 3033 dicens
401 2988 441 3032 :a
457 2971 920 3049 Quaprogrederissinetilio,
976 2968 1281 3046 reprebensionem.
1313 2971 1501 3033 Secundum
1524 2970 1666 3048 primam
1688 2987 1771 3047 pro-

124 3070 249 3132 Pateri
264 3071 345 3143 Quo,
360 3069 516 3132 sacerdos
528 3070 653 3142 sancte,
670 3068 827 3132 sinetllio
840 3085 921 3148 pro·
976 3066 1068 3130 bavit
1088 3069 1176 3130 Deus
1201 3067 1381 3142 Abrabam,
1396 3068 1596 3147 praecipiens
1609 3069 1645 3130 ut
1666 3068 1771 3130 tilium

125 3167 244 3244 purast
258 3166 336 3230 Noli
348 3183 401 3228 me
413 3166 660 3244 derelinquere,
681 3167 783 3229 Pater
794 3169 927 3240 sancte,
977 3164 1174 3228 immolaret.
1189 3165 1347 3228 Probarit
1360 3167 1392 3228 et
1404 3166 1620 3228 Laurentium
1635 3168 1671 3228 ut
1686 3167 1774 3228 ultra

124 3265 207 3341 quia
229 3264 407 3327 thesauros
418 3266 490 3341 jam
505 3263 649 3341 expendi
659 3280 741 3341 quos
756 3262 923 3327 tradidisti
977 3261 1190 3340 glorificaret.
1207 3263 1357 3326 Caelestis
1368 3263 1492 3326 artifex
1505 3263 1542 3326 in
1561 3265 1639 3342 igne
1657 3263 1775 3342 proba·

124 3361 220 3422 mibi.
238 3363 392 3423 »Beatus
408 3361 522 3424 sixtus
536 3361 707 3439 respondit
723 3382 731 3422 ε
746 3363 851 3424 «Non
861 3377 922 3438 ego
976 3361 1025 3424 uit
1039 3361 1102 3424 hoc
1116 3377 1246 3435 aurum,
1269 3362 1302 3425 et
1329 3361 1412 3424 illud
1437 3361 1652 3440 purissimum
1676 3361 1774 3425 inve-

123 3461 166 3533 te,
181 3459 243 3532 tili,
253 3459 371 3522 desero
386 3475 492 3537 neque
504 3459 709 3536 derelinquo,
723 3459 781 3520 sed
793 3462 922 3538 majora
977 3459 1036 3522 nit.
1054 3459 1147 3522 Sicut
1156 3461 1233 3522 calx
1242 3458 1389 3522 fornacis
1404 3460 1539 3522 indurat
1550 3460 1768 3534 vasatlctilia,

122 3557 184 3620 tibi
197 3557 360 3620 debentur
381 3574 441 3636 pro
465 3557 529 3618 tide
552 3555 675 3618 Christi
695 3557 922 3620 certamina.»
977 3573 1050 3636 quae
1065 3558 1158 3635 prius
1181 3558 1278 3620 erant
1301 3558 1426 3631 mollia,
1449 3557 1497 3620 ita
1515 3557 1775 3620 tentatiotribu-

122 3656 199 3720 Non
223 3655 313 3716 enim
335 3654 546 3718 desiderabat
572 3655 710 3732 praelato
730 3655 921 3726 succedere,
977 3654 1408 3732 lationiscontirmatjustos
1432 3656 1612 3718 etsanctos
1629 3655 1772 3717 inomni
1835 3677 1837 3686 ·

123 3754 181 3831 qui
195 3753 332 3816 uolebat
345 3769 420 3814 cum
435 3753 574 3830 praelato
587 3753 756 3826 decedere,
779 3753 836 3814 sed
858 3769 920 3814 cu·
972 3753 1116 3830 iustitia,
1129 3751 1217 3814 sicut
1229 3752 1352 3829 legitur
1362 3753 1398 3813 in
1413 3751 1666 3814 Ecclesiastico:
1685 3757 1774 3814 Vasa

122 3850 239 3928 plebat
247 3849 387 3914 dissolri
400 3851 433 3912 et
449 3866 524 3912 esse
533 3867 608 3912 cum
620 3851 776 3912 Christo·
787 3852 862 3912 Non
879 3850 924 3913 ti·
976 3852 1071 3926 figuti
1080 3851 1207 3924 probat
1221 3851 1362 3923 sormam,
1372 3850 1407 3912 et
1418 3852 1692 3923 bomtncsjustos
1704 3851 1774 3912 ten·

123 3949 209 4011 muit
223 3949 363 4010 mortem
377 3949 430 4010 sui
445 3948 605 4026 carpente,
621 3948 678 4009 sed
698 3948 810 4010 timuit
828 3948 922 4010 illum
978 3946 1062 4010 tatio
1078 3948 1309 4010 tribulationis
1320 3944 1556 4026 (necinxxvn,
1568 3946 1613 4026 6).
1627 3945 1667 4008 nt
1680 3950 1770 4020 nota,

122 4048 180 4122 qui
196 4045 546 4124 potestatembabebat
557 4047 590 4108 et
602 4046 748 4108 animam
758 4046 791 4109 et
802 4061 922 4124 corpus
977 4045 1063 4124 quod
1079 4046 1166 4108 sicut
1175 4061 1273 4123 poena
1286 4046 1462 4122 temporali
1476 4045 1677 4108 damnantur
1694 4062 1774 4108 san-

122 4144 295 4221 perdendi.
318 4145 380 4208 Hic
405 4145 519 4208 autem
543 4159 610 4205 non
636 4143 743 4206 solum
769 4145 919 4217 mortem,
977 4143 1021 4206 cti
1036 4159 1056 4204 a
1071 4143 1179 4216 malis,
1204 4143 1291 4206 itae
1318 4143 1487 4206 contrario
1502 4159 1599 4222 poena
1615 4144 1773 4222 perpetua

123 4242 181 4304 sed
197 4242 373 4304 etdiversa
395 4243 512 4304 mortis
529 4242 693 4305 tormenta
708 4258 768 4320 pro
790 4242 922 4305 Cbristo
976 4241 1221 4304 damnabuntur
1242 4242 1362 4304 malta
1386 4241 1522 4304 sanctis.
1552 4242 1645 4326 Unde
1665 4242 1773 4304 Mala-

122 4341 294 4413 sustinuit,
323 4342 356 4402 et
377 4341 414 4402 in
439 4339 599 4402 omnibus
618 4340 721 4402 lactus:
743 4342 776 4403 et
803 4341 921 4403 hilaris
977 4340 1245 4418 abiaspropbeta
1260 4340 1308 4402 ait
1322 4339 1363 4401 de
1377 4340 1514 4418 illisqui
1528 4338 1770 4418 leceruntper-

122 4437 295 4500 diabolum
308 4439 495 4515 superauit,
505 4438 541 4500 et
552 4439 696 4502 tortores
710 4437 919 4501 confortarit
976 4438 1180 4500 secutionem
1206 4439 1330 4500 sanctis
1356 4438 1389 4498 et
1410 4439 1512 4517 justis
1529 4459 1536 4499 ε
1553 4441 1772 4515 egredimini

122 4536 331 4612 Contempsit
342 4535 508 4614 supplicia
517 4536 665 4613 corporis
676 4535 739 4608 sui,
756 4538 929 4615 contemp
976 4537 1188 4599 etcutcabitis
1203 4539 1337 4612 impios,
1360 4551 1440 4598 cum
1455 4537 1588 4611 suerint
1609 4539 1696 4598 cinis
1709 4539 1772 4597 stab

79 4633 81 4636 ’
123 4633 168 4695 sit
191 4633 227 4696 et
247 4633 486 4696 delectamenta
512 4634 612 4710 hujus
638 4633 770 4707 mundi,
786 4637 820 4696 et
843 4636 921 4713 quia
972 4636 1094 4709 planta
1113 4637 1242 4708 pedum
1262 4635 1462 4695 vestrorum
1488 4629 1646 4711 (Malacb.
1662 4648 1707 4704 ιν,
1724 4630 1769 4713 3).

121 4731 256 4794 fortiter
269 4732 430 4808 pugnavit
443 4731 608 4804 instadio,
620 4731 765 4808 gloriose
780 4747 922 4795 corona·
977 4732 1090 4793 Sancti
1122 4731 1346 4806 egredientur,
1367 4730 1474 4804 idest,
1497 4729 1773 4807 contemplabun-

121 4829 228 4890 turin
243 4829 338 4891 coelo.
353 4829 565 4894 Undebauid
581 4845 624 4891 ex
639 4845 785 4908 persona
795 4831 922 4908 marty-
975 4831 1030 4891 tur
1039 4830 1203 4891 tormenta
1218 4828 1461 4900 damnatorum,
1474 4828 1774 4906 propterpersecu·

121 4943 197 4988 rum
211 4927 276 4989 ait:
288 4931 527 4989 transivimus
536 4931 727 5003 perignem
738 4928 918 5003 alequam,
975 4927 1083 4989 bones
1098 4943 1180 5005 quas
1193 4926 1343 4989 fecerunt
1357 4927 1482 4989 sanctis
1503 4927 1539 4989 in
1559 4927 1622 4988 boc
1637 4927 1770 5000 mundo,

122 5025 156 5085 et
169 5026 342 5093 traduxisti
356 5040 419 5087 nos
431 5028 469 5087 in
481 5028 707 5102 refrigerium
717 5023 786 5105 (Ps.
797 5025 919 5106 65,12).
975 5025 1008 5086 et
1035 5025 1212 5086 calcabunt
1238 5024 1368 5102 impios,
1385 5026 1482 5100 idest,
1507 5025 1773 5088 condemnabunt

122 5123 213 5198 Ignis
233 5123 268 5184 in
292 5123 356 5185 boc
378 5124 453 5186 loco
473 5123 640 5199 significat
659 5124 919 5198 tribulationem,
975 5123 1077 5201 ipsos.
1095 5123 1159 5184 Sed
1172 5123 1266 5201 impii
1281 5124 1379 5186 erunt
1391 5123 1774 5194 sicutcinis,idestcom·

123 5235 210 5297 aqua
225 5221 340 5284 mundi
366 5220 631 5294 delectationem,
652 5222 730 5298 quia
750 5222 921 5286 tribulatio
975 5219 1085 5284 bustio
1105 5221 1193 5298 ignis
1217 5222 1346 5284 aeterni.
1371 5223 1412 5284 nt
1434 5223 1534 5284 erunt
1554 5221 1615 5284 sub
1635 5221 1774 5300 pedibus

123 5317 211 5379 sicut
231 5319 320 5395 ignis
339 5319 461 5392 exurit,
483 5319 516 5380 et
537 5317 714 5381 delectatio
729 5320 815 5383 sicut
835 5335 921 5397 aqua
971 5323 1151 5398 justorum,
1166 5321 1244 5398 quia
1254 5321 1340 5401 justi
1353 5322 1452 5382 erunt
1465 5321 1501 5382 in
1516 5319 1613 5393 coele,
1625 5321 1692 5397 ipsi
1707 5337 1773 5382 au-

122 5414 282 5478 relociter
299 5417 431 5479 transit.
452 5417 577 5478 Beatus
589 5433 668 5493 ergo
684 5421 810 5496 martyr
823 5419 920 5481 tran-
975 5420 1040 5480 tem
1051 5417 1287 5482 cruciabuntur
1298 5419 1333 5480 in
1346 5418 1535 5480 interualli
1545 5418 1663 5480 merito
1675 5422 1773 5482 erunt

124 5513 204 5574 sivit
213 5531 273 5591 per
285 5515 409 5590 ignem,
422 5514 479 5591 qui
488 5516 651 5576 tormenta
665 5516 832 5592 patienter
841 5533 921 5577 sus·
975 5517 1121 5589 incaelo,
1139 5517 1218 5595 quia
1233 5517 1319 5578 sicut
1332 5515 1454 5578 dicitur
1475 5517 1510 5577 in
1535 5514 1620 5578 libro
1636 5517 1774 5594 Sapien-

124 5611 233 5674 tinuit.
249 5611 419 5673 Transirit
442 5627 502 5688 per
519 5627 651 5689 aquam,
673 5615 752 5690 quia
772 5614 921 5676 delecta-
975 5615 1031 5677 uae
1048 5635 1055 5674 ε
1074 5619 1261 5689 Tamquam
1276 5630 1404 5676 aurum
1427 5617 1465 5675 tn
1486 5616 1627 5688 fornace
1639 5618 1771 5689 proba-

125 5710 234 5770 menta
249 5709 351 5787 huJus
365 5707 480 5770 mundi
492 5709 699 5785 contempsit
976 5713 1025 5774 ott
1038 5713 1160 5776 eluctus
1171 5715 1338 5776 Dominus
1351 5710 1443 5793 (Sap.
1461 5727 1511 5784 111,
1529 5711 1575 5791 6).
