3936 6318
1942 237 1943 296 t

306 357 364 418 211
570 433 573 439 Ι
725 411 726 414 ,
769 345 945 410 HONORII
966 346 1012 408 111
1033 345 1182 406 OPERA.
1198 374 1236 390 -
1252 344 1487 448 SERMONES.
1863 357 1906 416 212

307 513 396 594 plum
411 512 471 584 est,
482 509 581 588 juxta
595 506 680 586 quod
696 505 777 569 dicit
786 503 963 584 Apostolus
979 526 988 566 ε
1003 507 1103 568 Tem-
1154 503 1334 568 existentia-
1347 503 1485 576 natura,
1500 501 1655 586 quoniam
1666 507 1907 574 aeremtrahlnus

300 618 399 688 plum
424 612 489 671 Dei
519 608 678 670 sacacium
708 606 771 678 est,
805 607 895 679 paud
924 604 1006 666 θεῖῖε
1040 618 1102 666 ooo
1155 603 1232 665 dum
1247 603 1372 682 abipso
1385 601 1472 667 bona
1487 603 1725 680 cognoscimus,
1740 607 1907 686 respiramus
1942 611 1943 682 l

306 705 337 790 (l
356 703 575 784 Cor.111,17).
599 707 645 768 De
666 703 773 782 primo
793 702 909 766 nuntio
926 701 1102 778 legiturin
1155 702 1232 764 dum
1245 703 1352 779 ipsum
1367 701 1554 768 laudamus

306 804 488 884 Evangelio
507 822 515 860 :
531 807 662 868 Missus
682 803 734 865 est
749 804 885 864 eobmel
905 803 1102 878 abaciacum
1194 800 1255 862 Vel
1277 815 1380 878 usque
1402 798 1443 861 ad
1467 802 1631 862 loannem
1655 801 1825 878 Baptistam
1842 803 1910 866 litte·

303 907 457 966 Martem
503 905 679 978 Vbrptnem
708 900 951 974 desponsatam
977 900 1102 973 Joscpb
1155 898 1237 960 ralis
1271 915 1388 960 sensus
1417 897 1523 975 viguit
1558 897 1593 962 in
1621 899 1802 976 scripturis,
1830 901 1910 964 seda
1942 897 1943 920 ³

304 999 399 1081 (Luc.
412 1017 436 1074 1,
452 999 517 1080 26).
534 1002 581 1062 De
600 998 764 1061 secundo:
787 996 933 1073 Angelus
949 994 991 1058 ad
1013 999 1101 1057 Pas·
1154 998 1282 1058 Joanne
1310 996 1458 1074 Baptista
1493 1012 1597 1074 usque
1627 997 1668 1058 ad
1696 996 1765 1060 haec
1793 999 1910 1074 tempora
1942 1079 1943 1082 Ἴ

302 1101 393 1162 tores
405 1099 453 1160 ait
467 1121 475 1160 ε
489 1101 697 1175 anmpeltzo
708 1099 802 1160 vobis
818 1098 984 1174 goudium
1003 1109 1103 1171 mep-
1155 1093 1339 1172 spiritualis
1358 1092 1547 1158 intellectus
1566 1095 1602 1155 in
1623 1095 1795 1173 scripturis
1809 1096 1910 1158 enituit.
1942 1141 1943 1156 ,

304 1213 399 1269 cum,
416 1195 582 1271 guoberti
595 1199 830 1270 ommpopmo,
844 1197 926 1268 oum
935 1193 1039 1254 notes
1051 1191 1102 1254 est
1154 1192 1316 1256 Veniente
1338 1207 1480 1272 namque
1500 1191 1658 1266 ueritate,
1681 1191 1764 1256 idest
1780 1193 1913 1269 apostola

304 1297 398 1358 oobts
410 1297 507 1356 bodie
518 1293 679 1356 Salvator
692 1295 822 1366 muudi,
839 1293 898 1368 qut
912 1291 964 1354 est
979 1293 1100 1354 cbris—
1155 1291 1188 1352 et
1214 1290 1394 1367 Evangelio
1418 1289 1561 1354 cessauit
1587 1289 1720 1363 umbra,
1743 1291 1832 1368 juxta
1852 1290 1912 1350 illul

305 1393 361 1453 tus
375 1388 1017 1478 Dominusincivitateboobd(huc11,
1035 1385 1099 1468 10).
1155 1387 1190 1449 in
1212 1387 1358 1450 Levitico
1378 1404 1387 1444 ε
1409 1390 1518 1452 Νουῖε
1542 1387 1856 1468 supervenienttbm,
1872 1402 1915 1450 oe·
1942 1397 1943 1486 p

304 1491 352 1552 De
381 1489 479 1551 tertio
510 1488 559 1551 ait
591 1488 724 1552 Gabriel
759 1487 899 1564 angelus
930 1485 969 1548 de
1003 1483 1101 1548 heato
1155 1487 1233 1550 tera
1243 1486 1436 1562 projicietis
1449 1483 1541 1565 (Les.
1558 1502 1651 1561 xxvi,
1665 1483 1827 1566 10),idest,
1840 1501 1913 1546 evan·
1942 1487 1943 1552 i

302 1588 431 1650 boanne
446 1605 454 1644 ε
470 1591 550 1664 lpse
568 1587 707 1664 praeibit
723 1587 803 1650 arete
817 1584 1102 1658 memineram
1154 1583 1270 1660 gelicis
1292 1583 1601 1662 supervenientibus
1624 1583 1801 1662 projicietis
1819 1583 1914 1658 legalia
1942 1599 1943 1670 3

304 1685 339 1747 ct
365 1686 497 1748 vertute
525 1689 610 1748 Eltee
632 1699 765 1760 parere
798 1686 943 1746 Domino
969 1684 1101 1756 plebem
1155 1698 1230 1759 quae
1244 1681 1398 1746 dicuntur
1411 1683 1535 1744 vetera.
1549 1683 1635 1744 Nam
1654 1698 1730 1746 cum
1747 1682 1857 1742 veritas
1872 1696 1914 1742 ue

302 1784 494 1858 perfectam
510 1781 604 1861 (Luc.
620 1797 644 1854 1,
662 1779 726 1860 17).
748 1783 876 1844 Revera
893 1795 1033 1855 magnus
1052 1778 1103 1841 est
1155 1780 1215 1852 nit,
1232 1779 1339 1856 ligura
1358 1780 1511 1848 cessavit,
1527 1779 1560 1841 et
1580 1795 1656 1840 curn
1680 1779 1789 1842 lumen
1806 1777 1914 1846 effulsit,
1942 1777 1943 1836 i

304 1879 422 1944 beatus
440 1882 458 1942 J
461 1895 596 1953 oannes,
616 1878 672 1958 qui
691 1878 741 1940 θεῖ
759 1893 868 1956 praeco
882 1876 1019 1950 iudicis,
1036 1892 1102 1938 vox
1155 1877 1273 1940 umbra
1291 1877 1437 1942 evanuit.
1452 1879 1502 1940 Ex
1516 1892 1580 1956 quo
1597 1878 1688 1939 enim
1709 1877 1813 1940 uelum
1826 1874 1915 1950 templi

304 1977 418 2049 Verbi,
441 1975 688 2055 paranymphus
704 1976 830 2054 sponsi,
853 1973 991 2038 lucerna
1006 1975 1099 2047 solis,
1155 1975 1295 2038 scissum
1314 1979 1365 2037 est
1379 1991 1400 2036 a
1412 1991 1539 2038 summo
1557 1991 1661 2053 usque
1677 1975 1834 2046 deorsum,
1848 1971 1915 2033 alla·
1942 1963 1943 2050 t

285 2151 287 2154 Ι
305 2073 383 2146 linis
393 2075 488 2152 legis,
501 2075 633 2136 initium
646 2075 829 2152 Evangelii,
845 2074 981 2136 lucerna
995 2072 1102 2149 Scrip-
1154 2074 1224 2136 tum
1238 2075 1289 2138 est
1302 2073 1454 2136 uelamen
1473 2089 1493 2134 a
1508 2072 1593 2136 iacie
1607 2074 1744 2150 Moysis,
1760 2072 1794 2133 ut
1807 2085 1915 2148 appare·
1942 2071 1943 2164 t

304 2173 417 2244 turae,
434 2172 668 2236 candelabrum
696 2171 829 2246 mundi,
862 2171 976 2232 radius
1002 2170 1099 2242 fidei,
1155 2173 1206 2234 ret
1235 2171 1343 2249 gloria
1373 2171 1486 2234 uultus
1512 2174 1596 2248 ejus.
1621 2171 1712 2233 Talis
1739 2169 1799 2233 fuit
1825 2169 1943 2248 heatusi

305 2268 411 2331 forma
433 2269 669 2344 doctrinarum,
693 2269 834 2332 malleus
856 2268 1099 2332 hereticorum.
1154 2272 1300 2333 loannes
1312 2268 1470 2346 Baptista,
1491 2268 1548 2348 qui
1566 2284 1626 2348 pro
1642 2269 1695 2330 sui
1710 2268 1918 2346 dignitatemr

306 2367 384 2450 Sine
399 2384 463 2446 quo
483 2369 634 2432 doctrina
647 2370 777 2450 jaceret
791 2367 826 2432 in
839 2367 973 2440 eremis,
989 2367 1101 2444 scrip-
1155 2369 1283 2430 tantum
1305 2367 1477 2446 propheta,
1504 2367 1563 2430 sed
1590 2367 1765 2446 plusquam
1789 2363 1918 2443 propheto
1942 2411 1943 2448 ᾗ

303 2465 379 2528 tura
395 2466 509 2530 sileret
528 2467 690 2544 elinguis;
705 2467 777 2528 sine
799 2482 864 2544 quo
879 2464 1102 2528 exularetre-
1156 2466 1277 2528 meruit
1305 2465 1477 2544 appellari,
1506 2465 1585 2543 quia
1611 2464 1652 2528 de
1680 2466 1793 2528 uentre
1827 2460 1916 2524 matris

304 2563 397 2640 ligio,
414 2565 486 2626 sine
497 2581 561 2642 quo
574 2566 738 2628 institutio
751 2565 868 2627 sancta
876 2564 1032 2642 torperet,
1046 2562 1102 2640 qui
1156 2581 1225 2626 suae
1240 2564 1372 2626 vocavit
1383 2579 1458 2626 eum
1471 2563 1642 2627 Dominus.

305 2676 365 2738 pro
385 2662 437 2722 sui
452 2661 541 2726 offici
562 2662 723 2739 dignitate
740 2661 862 2724 meruit
881 2660 1019 2737 angelus
1036 2675 1101 2721 no·
1196 2661 1315 2724 Tribus
1335 2662 1441 2725 modis
1456 2661 1492 2723 ilt
1506 2662 1636 2724 vocatio
1654 2678 1660 2718 :
1678 2662 1789 2724 Primo
1806 2657 1920 2737 quiden,
1942 2707 1943 2730 ,

305 2757 439 2820 minari.
1157 2760 1290 2822 vocavit
1302 2775 1363 2838 por
1378 2759 1520 2836 gratiam
1535 2761 1623 2820 Deus
1640 2759 1720 2822 ante
1736 2760 1866 2827 uterum,
1879 2770 1921 2814 se·

345 2857 447 2918 Recte
466 2857 554 2917 enirn
569 2856 626 2934 qui
647 2855 802 2918 nuntiare
815 2854 961 2917 Verbum
976 2853 1036 2916 Dei
1050 2855 1105 2916 in·
1158 2858 1265 2920 cundo
1280 2859 1313 2918 in
1331 2859 1425 2919 utero
1439 2859 1472 2919 et
1486 2857 1588 2924 tertio,
1597 2856 1638 2918 ah
1651 2857 1759 2930 utero,
1769 2855 1855 2926 idest,
1868 2849 1922 2929 post

305 2954 479 3015 carnetum
493 2953 645 3028 mittitur,
661 2955 800 3030 angelus
812 2954 962 3021 vocatur,
977 2952 1013 3014 ut
1026 2951 1104 3029 dig·
1159 2956 1299 3018 uterum.
1315 2956 1401 3018 Ante
1417 2955 1548 3016 uterum
1565 2956 1703 3017 vocatus
1725 2955 1774 3016 est
1790 2952 1921 3017 Christus,

276 3051 278 3054 ’
305 3052 444 3114 nitatem
467 3052 578 3114 servet
596 3051 631 3113 in
658 3053 791 3114 nomino
815 3068 914 3130 quam
936 3050 1049 3129 explet
1070 3050 1105 3110 in
1159 3054 1216 3131 qui
1228 3053 1269 3114 ab
1284 3053 1409 3116 aeterno
1424 3052 1465 3114 ad
1479 3052 1605 3115 tantam
1621 3052 1763 3129 gratiam
1777 3044 1943 3130 praedesti

305 3151 509 3227 operatione.
530 3151 641 3214 Altum
661 3150 794 3229 quidem
820 3148 1024 3222 nomen-est,
1048 3148 1105 3210 sed
1159 3151 1332 3224 natusest,
1349 3150 1494 3229 quisine
1512 3151 1647 3227 peccato
1667 3151 1851 3228 conceptus,
1871 3145 1925 3204 siue

305 3249 375 3311 vita
390 3249 523 3310 nomine
537 3248 678 3312 inferior
692 3265 759 3312 nen
776 3246 835 3310 est.
855 3247 999 3325 Angelus
1015 3247 1105 3308 enim
1159 3265 1257 3327 poena
1272 3249 1440 3327 exceptus,
1463 3247 1549 3310 idest
1572 3248 1683 3322 natue,
1703 3249 1777 3310 sine
1793 3246 1879 3322 culpa
1890 3241 1927 3302 est

304 3349 452 3410 loannes
481 3347 532 3408 est
553 3346 752 3424 appellatus,
777 3361 844 3408 non
868 3346 998 3407 naturae
1026 3360 1106 3423 pro·
1160 3348 1386 3409 conversatus.
1424 3349 1461 3408 ln
1497 3345 1591 3408 utero
1625 3362 1707 3408 uero
1737 3347 1865 3408 vocatus
1892 3337 1928 3400 est

304 3444 457 3521 prietate,
484 3443 541 3506 sed
557 3444 660 3506 oflicii
683 3442 863 3522 qualitat03
885 3441 964 3521 quia
985 3442 1106 3506 natura
1158 3447 1177 3508 J
1180 3461 1305 3507 oannes
1320 3444 1479 3521 Baptista.
1496 3443 1553 3523 qui
1565 3444 1644 3507 licet
1658 3444 1692 3506 in
1707 3442 1859 3521 originali
1870 3452 1929 3517 pec-

305 3542 499 3616 mathomo,
518 3542 577 3604 sed
590 3540 700 3604 cilicio
714 3540 981 3604 annuntiationis
996 3556 1104 3618 ange·
1160 3543 1234 3604 cato
1259 3543 1438 3620 conceptus
1466 3541 1567 3604 fuerit
1594 3559 1658 3621 per
1683 3539 1943 3608 consuetudinem,

305 3639 357 3702 lus
370 3641 571 3704 nominatur.
585 3642 603 3703 J
606 3656 733 3704 oannes
747 3640 986 3718 interpretatur
996 3639 1105 3716 gratia
1159 3639 1324 3718 corruptae
1337 3640 1459 3712 carnis,
1474 3640 1515 3701 ah
1531 3640 1688 3717 originali
1702 3641 1814 3702 tamen
1830 3623 1943 3715 purga?

304 3740 374 3800 Dei.
399 3741 485 3802 Nam
513 3739 660 3818 repletus
685 3739 736 3801 est
762 3738 888 3815 Spiritu
916 3738 1037 3801 Sancto
1063 3753 1106 3798 ex
1158 3739 1212 3801 tus
1244 3739 1294 3801 est
1322 3754 1381 3817 per
1408 3738 1551 3816 gratiam
1575 3738 1780 3802 consulentis
1803 3733 1928 3800 Deitatis.

304 3837 400 3899 utero
428 3838 545 3900 matris
566 3854 647 3898 suae.
670 3837 765 3899 Unde
788 3836 922 3903 adeum
943 3835 1103 3897 Dominus
1159 3837 1240 3898 Post
1256 3839 1388 3900 uterum
1406 3836 1544 3898 vocatus
1560 3836 1611 3898 est
1630 3835 1772 3915 quilibet
1789 3825 1943 3916 pareatur,

304 3934 452 4012 loquitur
467 3950 527 4012 per
541 3935 736 4012 prophetam
752 3955 759 3994 ι
773 3935 968 4008 Antequam
984 3935 1104 3995 exires
1158 3935 1215 4012 qui
1230 3934 1403 4012 postquam
1419 3934 1460 3995 ad
1476 3933 1606 3996 actuale
1621 3935 1794 4012 peccatum
1819 3945 1932 4010 proces-

303 4035 467 4103 debuine,
479 4032 737 4104 saocttllccotte
754 4030 889 4110 (berem.
902 4044 926 4102 1,
942 4027 989 4108 5).
1005 4029 1103 4090 Prius
1158 4031 1212 4104 sit,
1238 4033 1325 4092 Deus
1345 4030 1441 4092 oculo
1463 4031 1596 4108 pietatis
1617 4033 1776 4110 respexit,
1799 4045 1887 4109 quem
1905 4025 1943 4084 il¹

305 4129 395 4189 enim
409 4127 472 4190 luit
486 4130 622 4190 renatus
638 4144 737 4206 quam
752 4129 862 4201 natue,
879 4129 912 4189 et
930 4126 1023 4205 prius
1043 4142 1102 4187 re·
1156 4125 1294 4204 regione
1329 4124 1611 4192 dissimilitudinis
1638 4129 1675 4190 in
1707 4129 1801 4191 invio
1829 4121 1932 4190 erroris

303 4226 484 4304 generatus
504 4242 602 4303 quam
622 4226 812 4304 generatus.
833 4224 926 4288 Unde
941 4224 1101 4301 scriptum
1158 4224 1309 4286 Christus
1332 4223 1506 4287 inveniens
1541 4225 1712 4289 revocavit
1741 4227 1785 4288 ad
1812 4222 1933 4303 patriam

305 4323 410 4385 estin
434 4324 613 4400 Evangelio
639 4345 647 4384 ι
674 4324 812 4386 Factum
835 4323 896 4396 est,
918 4322 953 4383 ut
974 4321 1104 4384 audiuit
1156 4321 1335 4400 primitivae
1349 4321 1587 4397 similitudinis,
1602 4324 1644 4387 ad
1660 4325 1751 4386 viam
1764 4323 1934 4388 christiane

304 4421 537 4484 salutationem
573 4421 689 4483 Mariae
722 4421 902 4493 Elisabeth,
942 4419 1104 4482 exultavit
1157 4419 1341 4496 religionis,
1368 4420 1523 4500 utquam
1550 4423 1658 4484 mater
1683 4415 1933 4500 concupiscentia

304 4519 415 4582 inians
430 4519 462 4581 in
478 4523 572 4581 utero
588 4523 672 4598 ejus.
690 4521 763 4597 lpse
778 4535 920 4596 namque
936 4516 1102 4601 iuitlirnes
1156 4519 1316 4595 genuerat
1335 4517 1479 4594 diabolo,
1501 4521 1608 4584 mater
1629 4521 1739 4598 gratia
1760 4521 1836 4585 uitae
1853 4529 1937 4596 geno-

304 4617 562 4696 praecedentium
585 4618 619 4680 et
644 4616 864 4695 sequentium.
891 4614 975 4686 Quia
996 4613 1052 4674 lex
1071 4613 1103 4675 et
1156 4618 1257 4680 raret.

181 4711 185 4718 '
304 4716 490 4793 Prophetae,
512 4716 569 4778 ubi
590 4717 664 4778 erat
692 4713 867 4778 tenebrosa
886 4727 972 4789 aqua
989 4711 1024 4773 in
1039 4728 1104 4772 nu·
1196 4717 1243 4776 De
1258 4714 1354 4776 heato
1369 4730 1448 4777 vero
1469 4717 1598 4778 Joanne
1613 4714 1756 4779 dicitur:
1771 4719 1822 4779 De
1836 4711 1938 4776 eeutm

303 4809 399 4872 bibus
412 4813 664 4888 aeris,‚luerunt
677 4828 782 4892 usque
797 4811 839 4874 ad
853 4815 1028 4882 loannem,
1045 4807 1102 4887 qui
1156 4812 1282 4874 neutris
1307 4827 1395 4875 mece
1421 4814 1557 4876 occavit
1584 4829 1678 4876 ma„
1708 4812 1786 4894 (Ps.
1813 4814 1861 4886 21,
1886 4805 1936 4884 ll).

304 4907 471 4970 nuntiavit
493 4911 663 4973 Christum
685 4911 874 4973 venientem
896 4909 931 4969 in
953 4907 1101 4984 Virgine.
1157 4909 1252 4969 Multi
1280 4909 1370 4970 enim
1395 4911 1506 4972 vocati
1536 4911 1569 4974 et
1596 4911 1770 4973 vocatores
1796 4911 1879 4980 sunt,
1894 4901 1943 4966 sed

303 5003 492 5068 Tenebrosa
510 5006 575 5068 luit
586 5023 672 5084 aqua
691 5007 726 5068 in
745 5006 888 5070 nubibus
900 5006 1001 5074 aeris,
1019 5004 1104 5066 idest
1147 5006 1255 5086 'pauci
1281 5006 1389 5070 electi.
1416 5007 1522 5070 Vocat
1547 5008 1635 5072 enim
1668 5008 1832 5078 diabolus,
1860 4999 1940 5068 vocat

304 5101 467 5182 profunda
490 5103 553 5166 fuit
579 5103 744 5180 scriptura
772 5105 807 5166 in
837 5103 1024 5182 Prophetis,
1048 5102 1103 5180 qui
1157 5103 1308 5178 mundus,
1334 5105 1431 5169 vocet
1460 5107 1620 5184 tyrannus
1649 5107 1774 5180 carnis,
1803 5109 1837 5169 et
1860 5099 1940 5168 uocat

304 5199 862 5278 sueruntnuhespropterpluviam
879 5201 1050 5272 doctrinae,
1072 5199 1105 5260 et
1157 5205 1255 5264 Deus.
1284 5204 1388 5266 Vocat
1420 5203 1572 5267 diabolus
1606 5205 1648 5266 ad
1676 5221 1821 5282 poenam,
1860 5196 1943 5265 vocat

304 5297 443 5361 suerunt
462 5297 562 5369 aeris,
586 5295 671 5358 idest
687 5296 822 5370 christi,
846 5299 925 5376 quia
940 5297 1025 5378 quod
1045 5296 1106 5358 do-
1150 5299 1299 5361 mundus
1311 5299 1352 5362 ad
1366 5299 1547 5376 miseriam,
1563 5304 1660 5366 vocat
1674 5319 1753 5366 caro
1767 5303 1811 5366 ad
1827 5302 1943 5378 culpam

304 5399 455 5470 ruerunt,
475 5413 494 5459 a
511 5394 643 5456 Christo
658 5393 856 5458 habuerunt.
878 5395 1029 5456 Christus
1044 5411 1106 5455 au·
1159 5398 1192 5460 et
1203 5399 1299 5460 uocat
1312 5400 1400 5459 Deus
1415 5399 1457 5460 ad
1468 5399 1619 5476 gloriam.
1634 5401 1793 5464 Diabolus
1805 5401 1897 5464 vocat
1909 5393 1943 5458 ad

304 5499 371 5575 tem
395 5495 516 5557 dicitur
538 5508 608 5566 aer,
630 5491 709 5570 quia
733 5489 768 5552 in
795 5491 868 5570 ipso
883 5492 1042 5569 tanquam
1069 5493 1104 5552 in
1160 5493 1345 5572 gehennam
1354 5497 1389 5558 ut
1402 5495 1684 5572 puniat3mundus
1695 5499 1841 5561 vocatad
1851 5508 1943 5560 mare

304 5611 393 5667 aere,
418 5593 516 5672 Juxta
546 5589 684 5653 verbum
708 5587 823 5664 Pauli3
856 5588 1010 5661 vivimus,
1038 5590 1107 5651 uita
1161 5591 1246 5653 idest
1257 5593 1298 5652 ad
1309 5593 1428 5656 fluctus
1442 5593 1651 5656 terrenarum
1662 5591 1943 5674 cogitationumut}

302 5693 422 5778 gratim
449 5706 633 5764 movemur,
655 5687 805 5769 prosectu
819 5685 968 5768 justitiae
993 5702 1107 5748 sumus
1163 5688 1362 5768 submergat.
1378 5693 1462 5754 Caro
1477 5693 1574 5756 uocat
1589 5694 1631 5756 ad
1653 5696 1789 5770 terram,
1809 5695 1893 5758 idest
1909 5687 1943 5753 ad
