3996 6326
74 419 109 480 sl
484 408 593 478 VL'-
605 409 651 478 IN
665 415 966 478 assentationis
986 417 1138 478 Basili]
1159 396 1322 478 MARIAE'.
1691 418 1731 478 82

75 575 350 641 anteudventum
364 576 442 638 Filii
455 577 526 650 Dei,
543 576 715 655 pulchrior
728 577 802 655 post
817 567 896 656 in-'
932 573 1040 638 Maria
1068 575 1224 639 decorata
1250 591 1378 639 summo
1402 573 1587 638 honestatis
1612 576 1728 654 splen·

74 675 316 748 conlationem,
346 674 571 752 pulcherrima
597 676 672 754 post
694 691 796 736 'snam
821 691 879 736 es-
931 673 1024 748 dom,
1040 675 1094 737 vel
1109 674 1231 736 amicta
1248 674 1330 748 sole,
1355 673 1442 738 idest
1455 673 1640 736 divinitatis
1658 675 1731 736 cla-

76 773 310 852 sumptionnm.
323 773 398 835 Fuit
412 789 493 850 ergo
503 773 605 835 Beata
619 773 727 835 Maria
738 773 876 852 pulchra
930 773 1039 834 ritate.
1056 774 1149 834 Luna
1167 772 1230 833 sub
1247 771 1385 850 pedibus
1399 776 1482 851 ejus
1508 771 1594 836 idest
1614 774 1731 835 Eccle-

75 875 108 935 nt
120 873 210 944 luna,
227 871 330 948 virgo
344 871 473 934 scilicet
487 871 624 933 humilis
640 872 673 934 et
689 872 854 934 foecunda.
931 870 981 932 sia
1001 870 1229 938 honoratsam
1244 871 1402 949 anquam
1417 873 1592 940 Dominam
1614 872 1729 935 mundi

110 970 226 1032 Electa
250 970 294 1030 ut
311 973 370 1031 sol.
395 968 451 1032 Sol
468 969 521 1030 est
539 967 612 1030 tons
637 969 770 1043 caloris,
796 985 875 1047 spe·
930 968 1094 1044 Reginam
1112 969 1204 1034 Coeli.
1221 969 1350 1034 corona
1365 969 1538 1032 duodecim
1555 969 1729 1032 stellarum

74 1067 178 1129 culum
206 1065 363 1140 luminis,
398 1067 540 1129 metator
570 1067 741 1145 temporis.
773 1069 874 1129 Beata
929 1067 980 1128 est
1010 1067 1212 1130 universitas
1240 1067 1424 1141 virtutum,
1450 1067 1503 1130 vel
1527 1067 1728 1130 universitas

75 1165 173 1226 Maria
193 1167 247 1228 est
269 1165 378 1227 electa
397 1168 435 1229 ot
452 1165 514 1238 sol,
538 1165 624 1242 quod
644 1165 731 1227 sicut
754 1165 803 1226 sol
825 1166 876 1228 est
928 1165 1124 1241 angelorum
1138 1167 1172 1228 et
1193 1165 1402 1239 Sanctorum,
1416 1165 1474 1243 qui
1497 1164 1653 1232 dieantur
1666 1182 1727 1228 oo·

73 1263 248 1340 fulgentior
282 1263 416 1326 ceteris
447 1263 686 1336 luminaribus,
720 1263 770 1326 sic
799 1264 873 1342 ipsa
927 1277 1011 1324 rona
1026 1264 1137 1329 Beato
1149 1263 1276 1337 Mariae,
1291 1264 1379 1342 quod
1394 1261 1729 1341 honorantipsamet

73 1361 199 1438 dignior
218 1361 388 1424 creaturis
416 1360 581 1424 omnihus.
604 1361 736 1438 illigare
762 1363 872 1425 eutem
927 1361 1122 1436 gaudentio
1137 1365 1211 1440 ejus
1225 1362 1335 1424 laude
1700 1435 1702 1440 ¹

72 1459 196 1532 dicitur,
217 1459 358 1538 quando
375 1459 417 1521 de
431 1459 546 1522 multis
560 1475 664 1521 unum
679 1460 870 1523 assumitur.
966 1459 1125 1522 Meteirix
1137 1461 1297 1538 temporIs
1313 1475 1375 1538 per
1386 1459 1554 1538 pietatem,
1571 1459 1659 1538 quod
1680 1457 1731 1520 sl-

73 1558 124 1619 Sic
134 1559 239 1619 Beata
261 1557 375 1620 Maria
396 1556 437 1620 de
451 1557 619 1620 univorsis
638 1558 689 1620 est
710 1557 815 1620 electa
836 1558 872 1620 in
926 1559 983 1622 cut
997 1558 1047 1620 sol
1066 1559 1249 1621 ascendens
1267 1558 1402 1621 adducit
1420 1558 1565 1624 calidum
1583 1559 1725 1637 tempus,

73 1655 304 1730 helmaham,
332 1656 420 1734 qnod
446 1655 594 1718 sanctior
619 1656 652 1718 et
677 1657 872 1719 meliorest
925 1657 961 1720 et
983 1655 1190 1718 descendens
1218 1655 1386 1734 trigidum,
1414 1657 1464 1720 sio
1490 1658 1593 1720 Beata
1618 1656 1728 1722 Maria

73 1753 423 1829 cognitnautemundi
437 1753 719 1818 constitutionem.
733 1755 809 1832 Ipsa
822 1756 872 1818 est
925 1753 1041 1830 dirigit
1065 1756 1193 1816 mentes
1217 1755 1351 1820 nostras
1378 1755 1414 1821 in
1441 1755 1673 1834 prosperitate,
1694 1755 1729 1818 st

74 1849 141 1912 lons
161 1851 291 1914 caloris
311 1868 375 1930 per
390 1852 614 1928 charitatem,¹
628 1853 799 1930 spieculum
817 1853 871 1914 lu·
925 1852 958 1915 et
969 1852 1161 1916 consolatur
1172 1853 1225 1915 vel
1240 1853 1385 1932 protegit
1396 1853 1502 1917 nosin
1513 1853 1726 1918 adversitate.

74 1950 163 2010 minis
174 1965 236 2028 per
244 1951 470 2023 honestatem,
486 1951 628 2014 metator
638 1951 799 2028 temporis
811 1967 871 2029 per
924 1949 1011 2012 Nam
1045 1965 1120 2012 cum
1156 1951 1307 2016 ascendit
1341 1967 1401 2030 per
1434 1951 1598 2015 aestivalia
1631 1951 1728 2028 signa

74 2047 232 2124 pietatem.
245 2049 339 2110 Fons
354 2048 476 2110 caloris
489 2065 548 2126 per
562 2048 770 2123 charitatem,
782 2049 869 2126 quod
924 2048 1110 2124 proximior
1129 2047 1225 2111 nobis
1247 2051 1299 2112 est
1319 2049 1353 2112 et
1374 2049 1449 2112 ideo
1468 2049 1505 2112 nt
1522 2050 1626 2116 calor.
1646 2051 1728 2111 Cum

75 2144 212 2208 sicntsol
225 2145 428 2226 principalis
439 2145 538 2208 estin
551 2145 694 2217 fervore,
708 2147 870 2210 sloBeata
923 2147 1034 2212 autem
1055 2147 1226 2210 descendit
1246 2163 1307 2225 per
1329 2147 1479 2226 hyberna
1498 2148 1606 2224 signa,
1627 2148 1726 2210 elon·

76 2243 172 2305 Maria
206 2243 398 2306 ferventior
429 2244 540 2307 extitit
563 2245 600 2306 in
628 2243 804 2319 charitate,
837 2247 870 2308 et
923 2243 1022 2321 gatur
1036 2261 1056 2307 a
1071 2244 1166 2307 nobis
1182 2246 1216 2306 et
1229 2246 1306 2310 ideo
1319 2246 1356 2308 nt
1372 2246 1490 2322 frigus.
1506 2247 1649 2324 Tempus
1667 2259 1726 2308 ca·

76 2339 212 2403 chartas
225 2343 304 2419 elus
319 2341 453 2404 fervens
474 2343 512 2406 ut
530 2343 580 2404 sol
599 2341 790 2406 nullatenus
808 2359 870 2406 ex·
923 2341 1026 2404 lidum
1042 2342 1211 2419 significat
1224 2343 1489 2422 prosperitatem.
1503 2346 1648 2420 Tempus
1660 2342 1726 2404 iri-

76 2439 306 2518 tinguipotuit.
333 2439 430 2502 Unde
444 2441 626 2503 salomon:
647 2445 727 2506 Non
751 2443 870 2504 emtio—
922 2439 1036 2516 gidom
1071 2440 1239 2518 signilloat
1270 2441 1516 2504 adversitatem.
1554 2437 1589 2504 si
1622 2443 1725 2503 Beata

76 2539 191 2613 accur
211 2543 251 2601 tn
265 2541 369 2602 nocte
386 2541 620 2614 lamentandas
633 2539 746 2620 (Prov.
768 2555 867 2610 xxm,
923 2537 1029 2599 Maria
1051 2536 1151 2600 luerit
1164 2536 1263 2599 nobis
1283 2538 1451 2616 proxima,
1470 2537 1556 2600 idest
1569 2537 1728 2616 propitia,

78 2633 133 2713 is).
153 2637 306 2698 Lucerna
330 2638 381 2700 est
405 2635 553 2700 charitas
572 2653 648 2716 quae
668 2655 735 2700 non
758 2638 870 2700 exiin·
922 2636 1053 2712 tempus
1068 2634 1134 2698 erit
1148 2635 1304 2709 calidum,
1320 2635 1407 2698 idest
1420 2636 1637 2713 disponentur
1650 2635 1725 2697 dies

78 2732 226 2806 guiturin
242 2735 355 2807 nocte,
372 2735 459 2797 idest
477 2735 512 2797 in
526 2735 744 2798 tribulatione
763 2736 817 2799 vel
831 2736 868 2798 in
923 2733 1030 2798 nostri
1057 2733 1094 2796 in
1118 2733 1340 2812 prosperitate
1367 2735 1401 2796 et
1427 2749 1521 2812 pace.
1550 2735 1586 2798 si
1614 2735 1726 2796 autern

78 2831 373 2914 tentatione-juxta
393 2833 473 2895 illud
489 2831 617 2897 Cantici
632 2835 866 2898 canticorum:
923 2831 1130 2908 elongaverit
1152 2847 1193 2894 se
1213 2845 1234 2894 a
1257 2832 1355 2894 nobis
1375 2834 1511 2911 propter
1530 2833 1724 2911 iniquitates
1833 2877 1836 2884 .

79 2931 173 3002 Auno
195 2933 321 2993 malim
342 2946 411 2993 non
436 2932 629 3007 pomerani
658 2932 868 3010 carmiuare
922 2931 955 2991 et
969 2929 1148 3006 spurcitias
1165 2931 1308 3004 nostras,
1328 2933 1459 3009 tempus
1473 2931 1538 2993 erit
1552 2930 1722 3008 trigidum,

80 3029 285 3102 conuictam,
321 3043 387 3092 nee
412 3029 562 3104 flumina
593 3031 743 3094 obruere
774 3035 870 3095 telam
922 3026 1009 3088 idest
1022 3027 1210 3090 adversitas
1231 3029 1427 3106 prevalebit
1448 3029 1484 3090 in
1508 3028 1726 3092 nobis-Unde

82 3121 176 3202 (ont.
189 3143 261 3200 vrri,
276 3125 326 3208 7).
535 3152 540 3160 ·
924 3125 1079 3187 Salomon
1097 3148 1106 3188 ε
1122 3129 1200 3189 Non
1215 3127 1347 3189 ttmebtt
1361 3129 1478 3189 demut
1491 3143 1567 3189 sura
1578 3141 1601 3188 a
1614 3129 1727 3204 mipo-

114 3227 208 3300 lquae
236 3225 352 3288 multe
383 3227 462 3288 sunt
484 3225 599 3288 multae
632 3227 868 3291 delectationes
922 3227 1018 3284 ribeo
1032 3225 1125 3288 otoo
1140 3223 1252 3303 (va.
1276 3209 1453 3306 1111321).
1476 3225 1600 3286 Domus
1614 3225 1725 3288 Beata

84 3317 240 3384 hahentes
281 3323 324 3385 ad
361 3323 568 3402 lasciviam
611 3323 751 3388 flumina
792 3327 869 3390 sunt
923 3320 1041 3383 Mariae
1062 3322 1114 3384 est
1133 3323 1351 3399 congregatio
1371 3321 1553 3399 bonerum3
1575 3322 1635 3383 nix
1649 3321 1726 3384 suut

85 3417 289 3483 adversitates
327 3421 499 3484 trahentes
536 3423 577 3484 ad
612 3421 865 3502 inpatientiam.
923 3418 1074 3480 homines
1087 3419 1239 3497 perversi
1249 3420 1308 3498 qul
1316 3419 1403 3482 sieut
1412 3420 1473 3484 nix
1482 3420 1523 3482 de
1535 3419 1725 3483 ooelestibus

89 3517 177 3594 lquae
201 3519 316 3582 multas
349 3536 416 3584 non
453 3523 634 3599 potuerunt
671 3522 868 3601 extinguere
922 3515 1055 3586 cadunt.
1081 3517 1160 3579 dunc
1177 3517 1327 3582 coelestia
1343 3518 1574 3594 contemnunt3
1597 3517 1724 3594 nigore

86 3611 265 3678 ehadmtem
286 3619 401 3680 Beatae
424 3619 551 3692 Mariae,
572 3619 659 3700 quod
685 3621 777 3683 nulla
799 3637 867 3682 un·
922 3613 1010 3675 nivis
1038 3617 1115 3678 sunt
1142 3616 1392 3693 persecutiones
1418 3616 1593 3678 malorum.
1621 3617 1725 3676 Beata

86 3725 169 3785 quam
204 3713 381 3778 delectatio
418 3717 527 3794 potnit
561 3733 635 3778 eam
680 3733 865 3797 superare,
922 3713 1125 3774 Marianon
1153 3712 1250 3775 timet
1269 3713 1382 3775 domui
1413 3729 1483 3775 sum
1504 3729 1525 3774 a
1546 3711 1725 3788 trigoribus

86 3822 135 3869 neo
155 3809 290 3874 humina
310 3811 492 3876 obruerunt
523 3813 634 3890 illam,
660 3817 740 3894 quia
764 3817 867 3878 nulla
922 3808 1022 3883 nivis,
1036 3807 1126 3872 idest
1137 3825 1252 3872 omnes
1264 3809 1344 3872 boni
1361 3813 1433 3887 ejus
1452 3809 1639 3872 munimine
1652 3825 1727 3889 pro·

86 3904 285 3974 adversitates
300 3913 479 3990 potuerunt
504 3913 536 3974 el
549 3929 680 3976 nocere.
702 3913 780 3976 flaec
802 3932 867 3976 au·
922 3907 1000 3969 tecti
1035 3923 1102 3970 non
1136 3908 1254 3973 timent
1281 3907 1532 3987 persecutiones
1561 3909 1725 3970 mamrum

85 4001 139 4064 ten
150 4006 282 4071 numina
295 4009 349 4070 vel
362 4009 581 4073 adversitates
599 4012 779 4075 voluerunt
794 4029 867 4074 eam
922 4005 1070 4068 dieentes
1085 4008 1284 4070 :saetosam
1293 4011 1498 4084 promotam
1507 4009 1726 4083 momolenus

88 4099 220 4179 obruere,
235 4107 369 4185 quando
390 4107 475 4184 iuglt
493 4107 529 4171 in
550 4111 760 4187 AEgyptuma
783 4111 868 4174 faeie
922 4105 1045 4167 saiwis
1058 4108 1123 4167 Det
1137 4105 1340 4168 &mitatem

87 4197 221 4277 Herodis,
252 4205 287 4266 et
310 4206 442 4283 quando
462 4207 546 4270 vidit
571 4207 676 4269 filiam
709 4210 867 4272 suumin
962 4202 1727 4281 listergoelectaBeataMariaquatenussplen·
1786 4191 1787 4194 ’

89 4295 176 4360 cruce
188 4303 396 4378 pendentem.
924 4299 1018 4362 deret
1029 4301 1064 4362 et
1074 4299 1201 4364 caleret
1210 4301 1246 4363 ut
1255 4301 1321 4363 sol:
1333 4300 1727 4379 splenderetpersapien·

120 4396 285 4472 Speculum
302 4400 440 4462 luminis
456 4417 519 4482 per
537 4401 755 4484 honestatem²
779 4404 866 4483 quod
923 4397 1155 4470 tiam203101'sst
1170 4413 1230 4477 ΡΘΡ
1244 4397 1451 4472 Ohfflttltms
1468 4399 1555 4476 quod
1580 4399 1725 4477 Spiritus

90 4489 161 4555 slent
179 4495 225 4558 sol
253 4493 422 4562 illuminat
442 4501 634 4563 universam
653 4503 790 4575 terram,
817 4505 867 4566 sio
922 4496 1727 4574 Sassssiuttsslflllfflstifflm,‘titiliusdltissiffll

90 4587 260 4658 vitalleatae
282 4597 400 4659 Mariae
422 4597 547 4676 inclyta
565 4599 702 4662 cunctas
720 4599 868 4663 illustrat
923 4593 1132 4657 obumbravit
1145 4595 1724 4672 illi.hudiMariaminterrogantem

91 4685 246 4754 scelestas.
276 4693 372 4756 once
395 4695 669 4760 ecclesiasticus:
699 4699 795 4760 aaut
818 4706 869 4763 sor
922 4707 966 4754 ex
985 4691 1150 4770 sapientia
1166 4694 1547 4767 :commeatalem
1562 4697 1725 4767 aaronem

91 4789 189 4850 armas
200 4793 327 4854 mundo
350 4796 388 4854 tn
408 4793 591 4857 nomimis
611 4797 685 4869 Det,
708 4799 760 4859 sie
774 4799 868 4860 honre
919 4795 1040 4853 cirtam
1053 4805 1122 4854 non
1134 4793 1320 4868 comesset
1335 4789 1428 4871 (huc.
1437 4807 1460 4863 1,
1474 4788 1541 4870 34).
1555 4791 1641 4853 Audi
1651 4807 1728 4853 res-

92 4887 224 4949 mnierts
247 4893 380 4966 spectes
409 4895 448 4954 in
470 4893 717 4957 mmcmectum
745 4897 868 4958 demtis
922 4890 1120 4970 pondentem
1135 4905 1178 4951 ex
1192 4889 1357 4952 charitate
1376 4909 1384 4950 ι
1400 4893 1488 4952 Ecce
1505 4893 1629 4953 aranda
1652 4895 1725 4954 Do-

93 4982 259 5060 taotliccl.
278 5003 373 5059 xxvi,
388 4988 454 5070 22).
479 4990 580 5066 Quasi
604 4988 750 5056 diceret=
774 4995 868 5057 Sicut
921 4991 1010 5052 uelat
1036 4989 1100 5064 fiat
1123 4991 1211 5052 mibi
1232 4991 1422 5051 scozmdnm
1451 4992 1595 5052 enham
1628 4990 1726 5051 turen

95 5075 134 5138 sl
152 5080 309 5150 illuminat
329 5087 522 5150 universum
546 5090 707 5154 mundum
734 5091 867 5169 maudo
922 5085 1017 5167 (Luc.
1034 5103 1057 5161 r,
1071 5085 1139 5161 38).
1152 5087 1240 5150 Audi
1255 5087 1453 5166 sapientiam
1466 5088 1502 5150 in
1518 5089 1727 5150 Mariarbla-

96 5175 175 5278 ¹satin
192 5184 342 5256 excelsis,
365 5181 412 5247 ita
436 5187 565 5265 species
583 5186 679 5250 bonae
703 5188 865 5262 mulieris,
921 5185 984 5258 ria,
1003 5185 1123 5264 inquit,
1139 5187 1367 5248 consonabat
1390 5191 1508 5249 omnia
1527 5189 1633 5249 cerba
1653 5191 1726 5250 taec

97 5267 329 5344 liesthonestas
341 5283 419 5346 vitae
433 5285 543 5348 esaia
562 5286 678 5349 Marias
692 5287 791 5348 estin
811 5303 869 5350 or·
921 5285 1103 5358 conferens
1121 5287 1157 5345 to
1179 5287 1282 5346 corde
1302 5299 1368 5347 sno
1384 5281 1478 5365 (Luc.
1502 5300 1539 5358 rr,
1558 5283 1623 5366 19).
1638 5285 1725 5348 Audi

99 5377 262 5440 numentum
276 5379 485 5455 demussata,
499 5383 585 5445 idest
599 5383 767 5447 Ecclesiae.
782 5383 868 5450 Hinc
922 5381 1118 5446 charitatem
1139 5381 1175 5442 ln
1196 5397 1236 5443 ea
1253 5383 1482 5460 ablopntitcat
1503 5385 1624 5446 animo
1645 5399 1725 5446 mec

99 5465 137 5525 est
153 5471 240 5536 etiam
255 5478 340 5555 quod
360 5481 506 5542 loannes
521 5481 606 5545 vidit
619 5482 654 5542 in
668 5482 868 5561 apocalypsi
921 5483 1118 5553 Dominum,
1144 5481 1179 5542 ct
1201 5482 1374 5543 eoenttoott
1397 5483 1545 5565 spirita
1568 5497 1667 5544 meus
1687 5485 1726 5544 io

99 5564 243 5635 mulierem
261 5575 415 5639 amictam
434 5578 515 5650 sole,
541 5581 574 5641 et
593 5579 673 5640 luna
694 5579 754 5641 sub
768 5581 866 5658 pedi·
921 5582 992 5641 Deo
1005 5579 1153 5642 solutori
1168 5593 1244 5642 meo
1261 5577 1356 5658 (Luc.
1375 5595 1399 5652 r,
1416 5577 1482 5658 46).
1502 5581 1603 5644 Recte
1622 5581 1726 5656 igitur

101 5653 147 5720 bus
159 5667 231 5743 ejus,
247 5673 278 5734 et
292 5673 448 5752 incapite
467 5678 539 5753 ejus
555 5691 677 5739 corona
695 5678 866 5740 stellarum
921 5677 1024 5740 Beata
1038 5677 1145 5740 Maria
1166 5677 1288 5740 dicitur
1302 5677 1410 5740 electa
1432 5677 1469 5740 nt
1492 5679 1540 5740 sol
1565 5679 1723 5756 quantum

103 5751 255 5834 tamenn.
291 5771 412 5839 Mulier
441 5774 561 5841 amiota
598 5775 668 5842 sole
694 5777 744 5842 est
764 5777 886 5840 neau-
922 5775 963 5837 ad
977 5773 1187 5853 splendorem
1201 5775 1397 5850 honestatis,
1412 5775 1498 5856 qarod
1512 5775 1658 5838 sicutsol
1674 5777 1725 5838 est
