3984 6306
56 315 116 376 285
501 307 658 376 xxv.··-'
672 313 716 375 IN
738 314 1016 379 DEDICATIONE
1037 318 1262 384 ECCLESIAE.
1646 323 1707 394 286

52 489 135 536 vera
157 471 344 536 humilitate
361 471 394 534 et
414 471 491 536 aliis
505 473 684 536 virtutibus
698 477 851 538 exornat.
908 492 984 540 nem
1005 493 1104 556 quam
1123 480 1165 541 ad
1185 481 1337 556 salutem,
1358 483 1518 560 quianon
1536 485 1705 553 auditores

55 572 150 635 Unde
166 571 345 650 Gregorius
362 593 370 632 :
386 572 477 644 «Qui
492 572 631 635 virtutes
647 573 719 634 sine
738 573 852 636 humi·
908 575 990 654 legis
994 577 1078 654 justi
1090 579 1167 640 sunt
1181 579 1268 656 apud
1279 583 1394 655 Deum,
1411 583 1468 645 sed
1479 583 1706 650 lactorestau·

54 669 150 732 litate
189 669 386 747 congregat,
413 669 508 748 quasi
543 670 600 748 qui
625 671 795 748 pulverem
818 673 853 734 in
908 673 988 735 tum.
1011 674 1104 736 Unde
1130 692 1191 737 nos
1215 677 1370 742 admonet
1387 682 1511 743 Paulus
1526 684 1704 760 Apostolus

55 767 423 845 ventumportat.»vel,
437 767 682 830 altareDomini
698 771 854 832 uniuscu·
908 770 1020 833 dicens
1035 789 1042 828 ι
1059 775 1260 836 incitatores
1274 781 1344 839 nect
1358 779 1476 852 estote,
1494 783 1584 844 sicut
1597 783 1631 844 et
1643 798 1705 860 eqo

53 869 175 944 jusque
198 866 350 928 nostrum
373 866 521 928 animam
535 867 764 944 intelligimus,
780 885 853 946 quae
908 871 1036 932 Christe·
1063 868 1092 949 (l
1116 873 1189 933 Cor.
1212 889 1260 946 ιιι,
1284 872 1329 954 1).
1355 877 1395 937 nt
1417 876 1453 938 in
1478 879 1702 958 Apocalypsi:

57 964 241 1028 aedificatur
254 963 394 1026 Domino
406 979 449 1026 ex
460 963 626 1042 lapidibus
642 965 740 1038 rivis,
755 966 850 1040 idest,
907 969 1095 1030 limcrcitus
1107 971 1258 1044 quisunt
1269 975 1306 1034 tu
1318 978 1706 1049 ooercsequuutortunm

57 1080 97 1124 au
109 1061 289 1125 virtutibus
301 1062 406 1124 variis
429 1065 463 1126 et
482 1063 635 1126 diversis.
658 1065 751 1126 Unde
774 1064 854 1126 sub-
909 1068 946 1126 tu
961 1070 1056 1140 equis
1070 1071 1154 1130 utbis
1168 1066 1282 1148 (Apoc.
1299 1086 1370 1142 xm,
1384 1069 1449 1150 14).
1461 1075 1634 1136 Exercitus
1648 1077 1706 1154 qui

53 1161 203 1238 junctum
219 1162 270 1222 est
284 1182 291 1221 :
305 1163 347 1222 de
360 1164 620 1236 lapidibusque:
634 1164 773 1236 serrum
784 1177 853 1224 uon
908 1165 985 1226 sunt
1005 1165 1041 1225 in
1069 1165 1164 1238 ciale,
1193 1165 1271 1229 sunt
1292 1167 1371 1230 boni
1388 1171 1423 1230 et
1440 1171 1523 1246 justi
1548 1171 1625 1245 viri,
1649 1173 1706 1251 qui

59 1259 179 1335 tet-ipit.
196 1260 334 1320 Ferrum
354 1258 409 1320 hic
421 1258 573 1321 diabolus
591 1258 800 1337 intelligitur,
813 1261 852 1322 de
908 1261 1053 1338 quotidie
1068 1264 1254 1341 sequuntur
1267 1266 1372 1326 Deum
1386 1266 1422 1326 in
1441 1267 1594 1330 omnibus
1608 1268 1704 1332 bonis

60 1373 120 1434 quo
136 1372 196 1434 per
207 1357 387 1419 Jeremiam
408 1357 601 1434 prophetam
615 1358 757 1420 dicitur:
774 1363 853 1434 lpse
908 1358 1074 1436 operibus.
1092 1360 1168 1423 Ideo
1194 1361 1350 1426 dicuntur
1366 1379 1440 1425 esse
1454 1364 1490 1426 in
1514 1366 1609 1440 coelo,
1627 1367 1705 1445 quia

39 1455 106 1544 'est
122 1459 266 1517 :tammus
275 1458 450 1518 universes
465 1455 573 1518 terroe
584 1453 720 1535 (terem.
737 1471 769 1526 ι,
784 1454 850 1536 23).
908 1457 980 1519 sola
995 1457 1144 1520 coelestia
1160 1458 1303 1536 diligunt
1317 1462 1350 1524 et
1364 1461 1436 1523 sola
1446 1463 1594 1525 coelestia
1609 1481 1705 1542 quae-

57 1551 196 1614 lllalleus
216 1551 498 1630 namqueterreus
512 1555 639 1630 petram
662 1555 806 1631 percutit
820 1555 853 1616 et
907 1554 995 1616 runt.
1015 1555 1108 1617 Unde
1122 1557 1319 1633 Apostolus:
1343 1560 1475 1624 Nostra
1489 1563 1705 1625 conversatio

57 1649 225 1727 supertlua
244 1649 343 1724 tollit,
367 1654 400 1712 et
425 1649 567 1713 aedilicio
593 1653 703 1729 aptam
732 1652 850 1715 reddit.
907 1655 945 1714 tu
965 1657 1059 1716 coelts
1083 1653 1135 1716 est
1158 1652 1296 1734 (Philip.
1317 1671 1367 1729 111,
1383 1655 1449 1737 20).
1472 1659 1514 1719 Hi
1538 1658 1706 1722 exercitus

57 1749 109 1808 Sic
123 1748 158 1810 et
172 1747 323 1810 diabolus
338 1747 399 1810 Dei
422 1763 537 1810 seruos
561 1750 704 1827 percutit
717 1749 749 1811 et
762 1749 851 1811 tem·
908 1750 1095 1829 sequuntur
1111 1754 1237 1825 iesum,
1262 1753 1358 1828 idest,
1376 1754 1456 1816 boni
1477 1758 1510 1819 et
1525 1757 1608 1834 justi
1626 1757 1704 1831 viri,

55 1845 183 1924 poralia
208 1845 306 1918 tollit,
334 1845 421 1908 sicut
446 1845 526 1908 lecit
547 1846 621 1922 Job,
638 1864 736 1925 quem
756 1848 852 1924 gravi
908 1849 1040 1925 quando
1055 1851 1249 1927 expugnant
1260 1850 1296 1912 in
1307 1867 1344 1914 se
1358 1853 1440 1915 vitia
1455 1870 1516 1931 per
1526 1856 1708 1918 correctio-

55 1944 166 2006 ulcere
180 1943 378 2017 vulneravit,
400 1944 448 2006 ita
471 1945 557 2023 quod
581 1961 602 2008 a
625 1945 738 2023 planta
758 1947 852 2022 pedis
908 1962 1000 2020 nem,
1026 1948 1060 2010 et
1086 1947 1122 2009 iu
1154 1949 1315 2025 proximis
1347 1966 1408 2028 per
1435 1951 1704 2015 admonitionem.

57 2058 159 2121 usque
175 2042 217 2104 ad
232 2043 391 2106 uerticem
402 2057 470 2104 non
485 2043 657 2106 eratineo
672 2044 810 2107 sanitas.
910 2044 1004 2107 Unde
1015 2044 1139 2108 Jacob:
1161 2048 1225 2114 out
1238 2051 1394 2110 converti
1414 2051 1537 2124 fecerit
1545 2052 1708 2124 percote-

907 2157 984 2205 rem
997 2147 1039 2205 ab
1054 2159 1177 2207 errore
1190 2149 1257 2206 etue
1270 2161 1354 2219 surr,
1375 2148 1531 2210 liberabit
1549 2153 1706 2211 :ratmunt

400 2263 507 2352 XXV
906 2255 1007 2302 suum
1026 2257 1049 2303 a
1071 2243 1183 2304 morte
1201 2240 1285 2321 (tac.
1307 2261 1340 2316 r,
1364 2246 1426 2325 20).
1454 2245 1513 2308 Isti
1536 2247 1704 2309 exercitus

907 2339 983 2400 sunt
1007 2341 1043 2401 in
1071 2340 1165 2418 equis
1190 2340 1287 2413 albis,
1304 2341 1408 2414 idest,
1443 2343 1478 2404 in
1507 2344 1704 2421 corporibus

92 2453 205 2513 111..
218 2451 264 2513 ΙΝ
284 2453 564 2514 ngqpppopqg
584 2392 810 2515 Eccgggpffl
907 2437 1018 2498 castis.
1033 2438 1347 2516 Corporabonorum
1358 2440 1612 2518 dicunturequi,
1624 2443 1703 2520 quia

907 2535 993 2597 sicut
1005 2535 1082 2612 equi
1097 2535 1288 2614 diriguntur
1302 2537 1484 2599 secundum
1499 2539 1704 2602 voluntatem

92 2629 727 2694 Altarererobccordineconsecratur.
738 2632 851 2694 Primo
907 2633 1108 2707 ascensoris,
1131 2633 1181 2696 ita
1195 2634 1364 2711 justornm
1379 2651 1519 2713 corpora
1542 2639 1705 2714 reguntur

59 2727 234 2790 Pontrtex
225 2744 260 2789 m
270 2729 412 2806 quatuor
421 2729 554 2805 angulis
565 2729 753 2808 sepulchri
744 2745 778 2790 m
787 2746 852 2808 quo
908 2731 1090 2794 secundum
1102 2733 1307 2794 voluntatem
1322 2733 1456 2796 Christi.
1475 2734 1534 2796 lsti
1550 2736 1627 2814 equi
1647 2735 1707 2799 de-

58 2826 207 2904 reliquiae
220 2825 339 2888 debent
352 2827 499 2899 recondi,
513 2827 554 2888 de
569 2827 750 2890 chrismate
764 2844 851 2905 qua·
907 2828 985 2892 bent
1002 2845 1075 2890 esse
1095 2829 1174 2903 albi,
1191 2830 1288 2902 idest,
1305 2846 1445 2908 corpora
1461 2833 1625 2918 justorum
1647 2834 1708 2897 de-

58 2924 129 2986 tuor
144 2940 262 2986 cruces
285 2924 375 2987 lacit.
391 2924 519 2986 Deinde
533 2925 700 3002 ponuntur
714 2925 852 3004 reliquae
907 2927 987 2989 bent
999 2943 1073 2990 esse
1084 2931 1175 2991 casta
1188 2929 1221 2990 et
1230 2928 1364 2991 munda.
1382 2931 1417 2992 Si
1428 2931 1517 2992 enim
1532 2931 1624 2993 casta
1639 2948 1707 2994 non

60 3022 93 3082 iu
105 3021 253 3100 capsella
265 3038 340 3084 cum
357 3021 463 3084 tribus
478 3023 594 3099 granis
614 3023 735 3097 thuris,
756 3026 790 3087 et
803 3025 852 3088 sic
907 3026 1041 3099 tuerint,
1067 3027 1234 3088 Ubristum
1264 3027 1358 3104 sequi
1381 3043 1448 3090 non
1470 3027 1635 3105 poterunt.
1665 3032 1707 3094 nt

59 3120 286 3182 recunduntur
306 3121 342 3181 in
363 3120 475 3194 altari,
490 3121 523 3182 et
546 3121 782 3199 superponitur
801 3123 854 3184 ta-
908 3124 1046 3186 Petrus:
1072 3127 1111 3187 Cl
1108 3125 1229 3187 cristus
1241 3140 1367 3200 possess
1381 3127 1508 3200 estpro
1522 3130 1630 3200 nebu,
1646 3143 1708 3191 vo-

58 3217 133 3279 bula
146 3234 222 3280 cum
233 3232 328 3294 Signo
342 3234 451 3280 crucis
460 3218 500 3280 de
510 3219 700 3282 chrismate
712 3220 854 3297 Ungitur
909 3225 959 3284 ιιι
987 3225 1186 3296 retorquens
1211 3228 1426 3306 exemptum,
1452 3225 1492 3285 ut
1512 3229 1705 3300 sequamini

59 3331 172 3378 mensa
187 3315 229 3377 de
242 3315 340 3378 oleo'
331 3333 368 3377 m
382 3315 529 3394 quinque
543 3316 688 3390 loeis,1n
700 3317 855 3381 medicat
909 3318 1056 3393 cestrota
1070 3320 1183 3390 ejus...
1201 3315 1230 3396 (l
1244 3319 1332 3379 Petr.
1349 3333 1387 3392 n,
1401 3319 1451 3379 21.
1454 3316 1468 3398 )

58 3413 91 3474 in
110 3413 256 3492 quatuor
270 3412 437 3476 cornibus.
457 3414 618 3478 Similiter
639 3415 671 3478 et
685 3415 727 3477 de
746 3415 855 3477 obris-
950 3414 1127 3492 Sequimur
1142 3416 1254 3476 autem
1269 3431 1356 3488 aum,
1373 3416 1409 3478 ut
1421 3416 1553 3494 quando
1569 3387 1713 3480 maledi-

57 3513 143 3576 mate
163 3512 198 3575 et
221 3512 465 3576 confirmatur
456 3528 491 3574 m
518 3511 626 3575 tronto
649 3529 669 3574 a
692 3514 854 3577 Pontidce
910 3512 1027 3585 cimur,
1044 3529 1112 3574 non
1127 3513 1377 3586 maledicamus,
1398 3513 1456 3575 sed
1472 3515 1581 3592 potius
1602 3515 1708 3578 bene·

59 3626 154 3672 cruce
187 3609 390 3674 chrismatis.
426 3609 625 3672 Adoletur
616 3627 791 3673 incensum
818 3611 854 3672 in
910 3609 1071 3680 dicamus,
1095 3611 1129 3672 et
1151 3610 1180 3671 si
1202 3611 1349 3688 patimur
1370 3611 1497 3689 aliquid
1516 3628 1535 3673 a
1556 3613 1708 3689 proximo

60 3709 204 3786 quinque
227 3707 322 3780 locis,
345 3707 485 3770 vestitur
508 3708 625 3781 altare,
652 3709 701 3770 sic
722 3709 854 3770 demum
910 3709 1035 3781 nostro,
1049 3723 1116 3770 non
1127 3709 1378 3781 comminemur,
1392 3709 1448 3770 sed
1464 3710 1629 3786 patienter
1640 3725 1710 3771 sus·

61 3821 189 3867 sacrum
210 3804 408 3868 celebratur.
427 3806 622 3884 Sepulcrum
636 3806 673 3868 in
688 3822 752 3884 quo
767 3806 853 3868 reli·
909 3806 1088 3877 tineamus,
1105 3805 1185 3883 quia
1200 3805 1351 3868 Christus
1367 3822 1441 3866 cum
1455 3806 1711 3869 malediceretur
1831 3808 1832 3811 ’

60 3904 143 3980 quiae
160 3903 299 3966 recondi
314 3902 444 3976 debent,
461 3905 512 3966 est
526 3920 584 3966 cor
597 3904 759 3978 nostrum,
776 3905 854 3982 quia
911 3920 978 3966 non
999 3902 1233 3972 maledicebat,
1249 3919 1324 3965 cum
1343 3904 1514 3982 pateretur
1531 3919 1598 3966 uon
1618 3921 1710 3968 com-

60 4005 200 4078 quatuor
214 4000 369 4064 crucibus
380 4001 420 4064 de
433 4001 612 4064 chrismate
627 3999 724 4064 tactis
737 4017 856 4065 conse-
910 4000 1109 4064 minabatur.
1123 4001 1286 4078 Reliquiae
1297 4002 1407 4063 autem
1420 4003 1616 4065 Sanctorum
1632 4018 1707 4065 curn

60 4101 181 4172 oratur,
209 4099 288 4178 quia
317 4099 460 4176 quatuor
482 4101 559 4162 sunt
590 4099 742 4173 virtutes,
771 4099 857 4162 idest
910 4099 1017 4162 tribus
1027 4100 1142 4177 granis
1154 4100 1263 4162 thuris
1274 4099 1310 4162 in
1323 4099 1459 4178 capsula
1470 4100 1706 4176 reconduntur,

59 4196 244 4272 prudentia,
262 4196 432 4270 tortitudo,
452 4197 684 4275 temperantia,
709 4197 853 4275 iustitia,
911 4199 989 4277 quia
1003 4199 1155 4276 exempla
1171 4197 1367 4261 Sanctorum
1387 4215 1462 4261 cum
1486 4199 1550 4262 tide
1562 4199 1712 4262 Trinita-

61 4311 132 4372 quae
159 4296 196 4357 in
211 4295 297 4358 libro
320 4295 500 4373 Sapientiae
519 4295 763 4370 describuntur,
776 4296 855 4374 qui·
911 4297 965 4370 tis,
990 4296 1088 4369 idest,
1105 4297 1215 4360 Patris
1237 4300 1271 4361 et
1288 4297 1366 4359 Filii
1388 4298 1421 4360 et
1436 4297 1579 4376 Spiritus
1595 4298 1710 4360 Sancti

60 4391 120 4454 bus
141 4409 199 4457 cor
213 4393 365 4456 ossuum,
383 4393 479 4472 quasi
502 4393 687 4472 inungitur,
713 4394 791 4456 dum
814 4394 856 4456 ad
912 4394 1069 4457 debemus
1086 4393 1122 4456 in
1146 4394 1306 4456 memoria
1321 4395 1476 4457 retinere.
1495 4397 1581 4457 Nam
1605 4395 1710 4458 debe-

62 4491 271 4570 suscipienda
282 4492 486 4553 secretorum
496 4491 682 4554 coelestium
697 4491 857 4570 mysteria
911 4509 986 4554 mus
995 4492 1130 4556 credere
1139 4507 1240 4554 unum
1251 4494 1367 4565 Deum,
1378 4509 1478 4555 unam
1487 4491 1597 4566 tidem,
1607 4508 1710 4555 unum

62 4604 119 4665 per
132 4589 254 4652 donum
270 4589 383 4651 Sancti
397 4589 541 4667 Spiritus
556 4590 776 4668 praeparatur.
912 4589 1094 4668 baptisma3
1112 4587 1190 4668 quia
1205 4590 1292 4651 sicut
1310 4589 1391 4651 dicit
1408 4589 1586 4665 Apostolus
1603 4610 1611 4650 ε
1627 4593 1711 4653 Stuc

99 4688 195 4749 Felix
206 4687 319 4748 anima
338 4703 413 4765 quae
436 4685 535 4750 habet
552 4686 614 4748 lias
628 4687 780 4760 virtutes,
803 4688 858 4750 cui
912 4687 979 4760 tole
1006 4688 1212 4761 impossibile
1241 4686 1292 4748 est
1313 4691 1450 4760 plaeere
1477 4690 1558 4748 Deo.
1590 4688 1712 4748 Iustus

62 4784 493 4860 prudentiadatconsilium
507 4784 678 4858 indubiis,
696 4784 857 4848 tortitudo
878 4853 881 4859 ,
913 4786 1006 4846 cotue
1020 4797 1067 4844 cco
1078 4783 1145 4854 tide
1157 4783 1243 4844 ututt
1255 4780 1368 4861 (Hebr.
1384 4783 1480 4858 x1,6;
1496 4785 1590 4845 Rom.
1605 4797 1628 4856 1,
1645 4781 1708 4862 17).

64 4883 224 4945 auxilium
237 4883 274 4944 in
288 4882 451 4956 adversis,
469 4882 690 4960 temperantia
714 4883 858 4960 refrige-
915 4879 1156 4958 superponitur
1183 4878 1297 4942 tabula
1325 4879 1488 4957 reliquiis,
1517 4879 1595 4958 quia
1624 4881 1712 4943 sicut

63 4981 149 5042 rium
163 4981 203 5042 ab
215 4980 356 5053 illicitis,
367 4980 498 5058 iustitia
509 4980 624 5057 dirigit
633 4981 668 5042 in
683 4980 856 5044 iaciendis.
913 4977 1027 5042 tabula
1046 4977 1154 5056 operit
1167 4976 1328 5056 reliquias
1343 4979 1544 5051 sanctorum,
1558 4978 1606 5042 ita
1624 4977 1710 5042 cha-

64 5079 224 5157 Reliquiae
237 5094 319 5143 uero
338 5079 416 5140 sunt
433 5078 586 5156 exempla
598 5078 771 5158 utriusque
792 5079 860 5141 tes-
914 5077 997 5140 ritas
1011 5076 1118 5154 operit
1129 5075 1373 5140 multitudinem
1384 5076 1604 5153 pcccatorum.
1618 5077 1711 5140 Unde

64 5176 210 5250 tamenti,
240 5176 467 5250 auctoritates,
492 5177 655 5250 rationes,
685 5177 859 5256 Passiones
914 5173 1111 5252 Apostolus:
1129 5175 1289 5238 orantus
1303 5177 1367 5237 Dei
1382 5175 1511 5250 diffuse
1525 5177 1626 5237 estin
1638 5191 1712 5238 eor·

65 5273 245 5352 martyrum
265 5273 299 5336 et
316 5274 386 5338 uita
408 5273 649 5347 contessorum,
669 5274 859 5353 quae'nobis
914 5276 1011 5334 dibus
1033 5271 1164 5334 reortrts
1183 5287 1250 5347 per
1268 5274 1441 5348 spiratum
1465 5274 1633 5335 Sanctum
1653 5276 1713 5348 qut

65 5373 195 5434 suntad
211 5371 432 5452 imitationem
455 5373 584 5436 relicta.
601 5374 681 5435 llaec
700 5373 737 5433 in
760 5387 859 5451 capsa
914 5372 1015 5432 dutus
1030 5369 1082 5434 est
1095 5371 1191 5433 uobis
1202 5368 1312 5450 (Rom.
1326 5388 1358 5446 v,
1372 5369 1415 5443 5).
1432 5371 1549 5434 Latum
1560 5371 1611 5434 est
1622 5386 1714 5433 man·

65 5470 285 5544 recondimus,
301 5471 431 5533 eumad
446 5470 643 5534 imitandum
656 5487 696 5532 ea
711 5470 745 5532 in
761 5470 860 5534 corde
916 5469 1028 5530 datum
1049 5467 1235 5542 charitatis,
1256 5469 1343 5548 qnod
1366 5483 1471 5546 usque
1495 5468 1537 5532 ad
1558 5468 1712 5531 inimicos

65 5567 264 5646 retinemus;
281 5569 359 5649 quia
374 5568 403 5630 si
416 5569 568 5634 audimus
584 5570 616 5631 et
631 5568 858 5646 intelligimus,
915 5566 1105 5630 extenditur
1131 5567 1313 5630 secundum
1337 5567 1538 5645 praeceptum
1562 5565 1710 5628 domini-

66 5664 279 5742 etoperanon
288 5667 440 5742 iacimus,
450 5667 556 5744 magis
567 5666 666 5730 estad
680 5667 861 5730 damnatio·
915 5682 990 5727 oum
1002 5682 1010 5721 ι
1024 5665 1164 5744 Dtttqitc
1174 5668 1332 5734 tutmtcos
1346 5666 1519 5727 uestros...
1537 5663 1669 5743 (Μιιιιιι.Ι
1678 5680 1713 5736 v,
