3986 6304
275 325 315 387 59
699 344 703 350 ·
892 317 1068 380 HONORII
1088 317 1133 378 111
1155 315 1304 379 OPERA.
1859 333 1891 394 00

277 481 484 548 secularibus
513 482 570 560 qui
592 481 671 544 tunc
699 479 796 542 erant
817 479 853 541 in
879 494 931 552 ea,
961 479 1072 541 nullus

276 584 342 644 nisi
357 581 521 658 regularis
535 580 570 641 in
586 577 729 640 ecclesia
739 577 934 640 succederet
946 593 1073 640 memo-

275 680 479 754 rata;saivis
490 677 673 739 bonoribus
684 676 717 738 et
727 676 899 737 beneficiis
909 675 1072 737 dictorum

276 778 477 842 secularium
501 775 700 838 clericorum
728 772 885 852 quamdiu
907 773 1070 846 viverent,

275 877 341 938 nisi
375 877 416 938 ad
454 874 583 951 frugem
623 873 771 935 melioris
803 872 880 934 vitae
913 871 1073 933 ducerent

274 973 526 1045 transeundum,
554 973 587 1034 et
609 970 645 1032 ut
667 971 740 1034 baec
764 954 973 1032 diffinitionis
999 973 1072 1047 ejus

273 1072 439 1135 sententia
462 1069 584 1133 futuris
605 1068 809 1146 temporibus
831 1067 1073 1130 inviolabiliter

273 1170 475 1240 servaretur,
488 1184 563 1230 eam
578 1166 774 1229 auctoritate
786 1166 977 1242 Apostolrca
990 1180 1072 1227 con-

273 1267 429 1339 firmavit,
447 1270 479 1329 et
502 1265 617 1343 scripti
640 1265 692 1326 sui
716 1264 902 1342 patrocinio
917 1279 1069 1326 commu-

274 1365 369 1438 nivit,
384 1365 577 1442 perpetuum
593 1362 761 1425 silentium
772 1361 833 1422 sub
848 1360 1071 1423 anathematis

274 1463 544 1524 interminatione
577 1461 750 1538 imponens
786 1459 839 1520 bis
872 1459 929 1536 qui
953 1461 1071 1521 contra

273 1560 469 1637 religionem
484 1558 611 1621 ordinis
624 1557 788 1635 regularis
803 1572 902 1635 quam
924 1557 961 1618 in
982 1573 1072 1634 prae-

274 1657 343 1719 fata
379 1657 520 1720 ecclesia
552 1656 797 1718 reformandam
829 1657 863 1717 et
893 1655 1070 1717 tenendam

274 1755 422 1817 decrevit
445 1755 610 1817 suscitare
631 1754 672 1815 de
696 1754 806 1816 cetero
831 1754 1072 1831 praesumerent

274 1853 502 1930 quaestionem.
519 1851 662 1928 Ideoque
672 1850 865 1912 discretioni
879 1852 999 1913 vestrae
1011 1867 1071 1928 per

273 1951 462 2029 Apostolica
478 1951 601 2027 scripta
614 1948 837 2027 praecipiendo
861 1949 1068 2022 mandamus,

274 2049 436 2126 quatenus
448 2048 602 2110 revocato
621 2049 657 2109 in
671 2047 803 2109 irritum
818 2046 974 2124 quicquid
990 2062 1071 2108 con-

274 2147 326 2208 tra
352 2146 474 2208 dictam
498 2145 696 2208 sententiam
721 2145 917 2207 inveneritis
931 2145 1070 2207 attenta-

270 2244 353 2316 tum,
367 2243 498 2305 faciatis
510 2258 583 2304 eam
598 2242 795 2304 auctoritate
808 2243 924 2304 nostra
938 2243 1068 2306 sublato

271 2339 449 2417 cujuslibet
468 2339 740 2403 contradictionis
768 2340 802 2401 et
833 2339 1068 2418 appellationis

270 2437 452 2512 obstaculo,
475 2437 616 2500 firmiter
639 2437 821 2500 observari.
839 2439 1030 2501 contradict
1050 2471 1070 2485 ·

269 2550 325 2597 res
351 2551 410 2613 per
436 2552 612 2598 censuram
636 2536 899 2598 ecclesiasticam
915 2537 1067 2614 appelia-

270 2633 361 2694 tione
377 2633 557 2710 postposita
573 2634 830 2711 compescentes.
845 2635 937 2706 Quod
953 2636 982 2695 si
1000 2650 1067 2696 non

271 2745 401 2802 omnes,
425 2731 487 2792 etc.
518 2731 636 2792 Datum
662 2732 830 2804 Laterani,
846 2734 923 2793 11111
949 2732 1068 2794 kalen-

271 2826 331 2889 das
365 2827 567 2898 novembris,
585 2828 798 2906 pontificatus
830 2829 936 2890 nostri
978 2846 1066 2892 anno

271 2941 390 3002 primo.

635 3104 702 3192 XL

270 3309 322 3367 Ad
336 3309 503 3370 decanum
521 3309 555 3370 et
570 3310 760 3384 capitulum
779 3312 1062 3386 burdegalenses.

567 3422 603 3480 20
612 3429 669 3480 oct.
682 3423 761 3482 lato.

330 3544 516 3610 [Regest.lib.l‚
528 3545 603 3610 epist.
610 3545 650 3598 to.
660 3549 718 3598 llss.
729 3547 767 3598 La
778 3547 851 3598 Poste
860 3547 895 3598 du
906 3547 1002 3610 rhein.

265 3687 380 3746 Decauo
399 3695 427 3747 et
449 3690 572 3763 capitulo
588 3688 779 3764 burdegalen.
807 3689 933 3760 mandat,
958 3699 990 3748 ut
1010 3690 1061 3749 ob·

300 3777 446 3835 observari
465 3777 571 3837 faciant
589 3781 760 3837 sententiam
779 3794 794 3836 a
814 3782 901 3838 Lucio
921 3783 975 3838 ΡΡ.
997 3779 1061 3854 (1111

299 3865 387 3922 latam
411 3866 440 3923 in
462 3869 656 3926 controversia
670 3870 745 3925 inter
762 3870 914 3926 ecclesiam
930 3870 958 3927 S.
974 3870 1060 3928 Seve-

299 3953 354 4011 rini
380 3960 409 4011 et
433 3953 680 4028 archiepiscopum
706 3955 950 4030 Burdogalensem
976 3973 1062 4030 super

299 4043 475 4101 institutione
485 4045 690 4100 canonicorum
700 4045 887 4117 regularium.

303 4185 481 4255 Honorius,
495 4187 571 4260 etc,
588 4186 718 4248 dilectis
735 4187 811 4249 tiliis
824 4188 949 4250 decano
965 4189 998 4250 et
1009 4204 1062 4249 ca·

263 4283 367 4360 pitulo
381 4283 600 4360 Burdegalen.

303 4383 383 4442 Cum
399 4399 418 4444 a
433 4381 528 4443 nobis
539 4381 671 4460 petitur,
689 4381 763 4453 etc,
776 4397 883 4458 usque
897 4383 1061 4459 perduca-

262 4479 318 4540 tur
332 4479 495 4542 effectum.
513 4483 564 4541 Ex
580 4479 674 4558 parte
688 4479 850 4555 siquidem
865 4482 976 4541 vestra
998 4479 1060 4542 fuit

262 4575 358 4637 nobis
373 4575 543 4639 humiliter
563 4575 794 4654 supplicatum,
806 4575 1058 4638 utdiffinitivam

261 4674 470 4746 sententiam,
487 4691 586 4752 quam
601 4672 709 4736 felicis
730 4672 971 4735 recordationis
987 4677 1057 4735 Lu-

261 4772 332 4831 cius
346 4773 436 4848 Papa
446 4773 672 4848 praedecessor
681 4772 794 4834 noster
808 4771 843 4832 in
858 4787 971 4840 causa,
984 4787 1057 4848 quae

262 4867 350 4928 inter
372 4869 516 4928 vestram
538 4869 571 4930 et
586 4869 699 4931 Sancti
724 4869 873 4930 Severini
897 4870 1057 4930 ecclesias

261 4979 362 5040 snper
394 4963 630 5026 reformatione
666 4966 1056 5028 ordiniscanonicorum

260 5059 464 5137 regularium
478 5060 608 5122 indicta
623 5063 734 5124 Sancti
752 5064 903 5126 Severini
915 5063 1056 5125 ecclesia

259 5155 462 5228 vertebatur,
479 5157 619 5232 cognitis
635 5174 745 5221 causae
768 5161 896 5223 moritis
909 5160 949 5223 de
965 5177 1056 5222 com-

259 5255 352 5318 muni
367 5254 506 5315 fratrum
519 5269 655 5314 suorum
668 5256 807 5318 consilio
821 5258 1052 5335 promulgavit,

259 5355 292 5418 et
301 5353 402 5416 etiam
415 5351 634 5424 confirmavit,
649 5353 828 5428 apostolico
842 5355 1055 5431 dignaremur

258 5451 441 5513 munimine
453 5449 622 5512 roborare.
633 5449 701 5510 Nos
717 5449 1053 5529 igiturvestrisjustis

259 5545 433 5628 postulatis
448 5548 542 5624 grato
558 5547 793 5609 concurrentes
810 5563 960 5622 assensu,
977 5565 1055 5612 sen-

257 5647 396 5712 tentiam
411 5646 527 5724 ipsam,
543 5661 641 5722 quam
655 5644 753 5722 prout
764 5642 798 5705 in
810 5645 956 5721 ejusdem
972 5663 1053 5724 prae·

1127 475 1312 540 decessoris
1324 477 1430 540 nostri
1447 479 1577 556 regesto
1590 481 1718 558 plenius
1732 487 1894 552 continetur

1127 574 1346 652 presentibus
1361 577 1517 639 duximus
1533 579 1752 656 inserendam,
1767 587 1894 648 auctori-

1125 673 1193 734 tate
1207 673 1396 750 Apostolica
1423 675 1669 751 confirmamus,
1694 679 1726 742 et
1745 683 1895 758 prasentia

1127 771 1242 849 scripti
1256 772 1441 848 patrocinio
1453 776 1703 848 communimus,
1719 782 1768 856 cuj
1774 796 1808 840 us
1817 781 1897 842 tenor

1127 869 1177 930 est
1190 869 1279 931 talis.
1299 870 1433 944 Lucius,
1455 874 1531 942 etc..
1547 875 1600 934 W.
1622 874 1857 954 archiepiscopo
1872 881 1898 940 et

1126 967 1164 1027 G.
1192 966 1328 1040 decano,
1359 969 1394 1030 et
1420 970 1566 1048 capitulo
1594 972 1804 1049 Burdogalen.
1832 977 1898 1036 Cum

1126 1065 1366 1138 controversia,
1392 1082 1466 1144 quae
1488 1068 1575 1130 inter
1589 1069 1762 1132 ecclesiam
1775 1075 1899 1134 vestram

1126 1161 1159 1224 et
1172 1162 1348 1225 ecclesiam
1375 1165 1489 1227 Sancti
1505 1167 1656 1228 Severini
1671 1184 1769 1245 super
1782 1169 1899 1230 institu-

1125 1258 1215 1322 tione
1237 1261 1473 1324 canonicorum
1497 1264 1701 1340 regularium
1728 1266 1900 1328 vertebatur

1126 1356 1167 1418 ad
1195 1359 1343 1421 nostram
1372 1361 1574 1423 audientiam
1603 1357 1815 1440 pervenisset,
1836 1381 1897 1426 eam

1126 1455 1205 1516 olim
1219 1455 1291 1529 tibi,
1308 1456 1411 1519 frater
1422 1458 1727 1538 archiepiscopati
1740 1461 1903 1524 venerabili

1125 1551 1221 1614 fratri
1233 1555 1346 1616 nostro
1361 1556 1589 1618 Lemovicensi
1605 1558 1759 1636 episcopo
1773 1559 1899 1620 audien-

1125 1649 1200 1710 dam
1216 1652 1451 1726 commisimus
1475 1655 1508 1716 et
1527 1654 1592 1716 fine
1606 1654 1717 1718 debito
1733 1657 1902 1718 terminan-

1124 1748 1211 1810 dam.
1235 1751 1315 1811 Cum
1330 1751 1440 1812 autem
1453 1751 1514 1814 sub
1527 1754 1682 1816 examine
1693 1755 1800 1817 vestro
1811 1755 1903 1817 ratio-

1117 1845 1223 1907 ·nibus
1239 1847 1526 1926 utriusquepartis
1541 1850 1748 1915 sufficienter
1760 1851 1903 1931 expositis

1125 1944 1209 2006 nihii
1222 1944 1313 2006 aliud
1329 1948 1527 2024 superesset,
1542 1948 1607 2010 nisi
1623 1952 1660 2011 ut
1673 1951 1833 2013 sententia
1843 1966 1905 2028 pro·

1124 2041 1281 2118 ferretum
1299 2043 1424 2122 placuit
1444 2045 1593 2122 partibus
1614 2047 1650 2109 in
1673 2047 1813 2111 arbitros
1827 2064 1906 2110 com-

1124 2141 1316 2217 promittere
1326 2143 1359 2204 et
1369 2143 1697 2221 compromissionem
1713 2162 1805 2208 suam
1814 2162 1905 2224 praes-

1122 2237 1183 2300 tita
1200 2239 1365 2302 hincinde
1380 2240 1444 2303 fide
1457 2241 1602 2304 firmare.
1614 2243 1741 2306 Arbitri
1754 2260 1828 2307 vero
1840 2259 1905 2304 cum

1123 2339 1234 2400 essent
1252 2337 1404 2415 quatuor,
1425 2340 1493 2402 tres
1512 2356 1555 2402 ex
1574 2341 1634 2414 eis,
1646 2343 1765 2419 quarto
1784 2342 1903 2404 dissen-

1122 2435 1235 2509 tiente,
1251 2435 1287 2496 in
1302 2452 1403 2498 unam
1413 2438 1610 2501 sententiam
1630 2442 1862 2512 convenerunt,
1878 2439 1906 2500 et

1121 2531 1275 2595 arbitrati
1312 2536 1389 2597 sunt
1419 2536 1455 2596 in
1481 2538 1659 2613 praesentia
1690 2539 1782 2600 illius
1808 2536 1906 2616 quarti

1121 2629 1316 2706 religionem
1328 2633 1563 2696 canonicorum
1571 2636 1819 2714 regulariumin
1833 2651 1905 2714 pra

1121 2727 1209 2790 dicta
1219 2743 1294 2790 esse
1303 2729 1416 2792 Sancti
1428 2733 1906 2797 Severiniecclesiareforman-

1121 2824 1209 2896 dam,
1225 2827 1327 2888 salvis
1340 2828 1532 2904 bonoribus,
1549 2831 1583 2892 et
1599 2832 1772 2910 beneficiis
1787 2832 1906 2894 secula-

1120 2923 1207 2983 rium
1238 2925 1446 3000 clericorum‚
1483 2928 1539 3006 qui
1576 2929 1655 2991 tunc
1693 2931 1848 3009 temporis
1874 2928 1904 2988 in

1121 3021 1235 3082 eadem
1248 3023 1390 3085 ecclesia
1412 3024 1654 3100 ministrabant,
1679 3028 1727 3090 ita
1744 3029 1828 3108 quod
1846 3025 1905 3088 illis

1120 3118 1366 3194 decedentibus,
1381 3122 1492 3184 nullus
1502 3123 1549 3185 ibi
1562 3123 1602 3185 de
1615 3125 1727 3189 cetero
1740 3127 1805 3188 nisi
1821 3141 1906 3202 regu·

1118 3215 1200 3278 laris
1216 3219 1396 3282 canonicus
1416 3223 1605 3298 poneretur.
1630 3224 1784 3286 Ceterum
1799 3224 1905 3286 abhoc

1119 3314 1257 3378 arbitrio
1279 3317 1425 3378 decanus
1449 3320 1561 3382 Sancti
1584 3321 1737 3384 Severini
1758 3339 1830 3385 cum
1843 3322 1906 3383 fra-

1118 3411 1224 3472 tribus
1244 3414 1313 3475 suis
1330 3414 1372 3476 ad
1391 3415 1510 3477 sedem
1522 3418 1748 3494 Apostolicam
1762 3418 1904 3498 appella-

1118 3508 1176 3582 vit,
1200 3526 1266 3572 non
1285 3512 1458 3574 attendens
1481 3515 1601 3591 quoda
1620 3517 1905 3594 compromissione

1118 3606 1153 3667 in
1166 3606 1308 3670 arbitros
1328 3609 1425 3684 facta,
1443 3613 1476 3673 et
1495 3612 1572 3673 fidei
1586 3613 1837 3692 interpositione
1850 3613 1904 3674 iir-

1117 3705 1206 3768 mata
1230 3721 1296 3767 non
1316 3709 1405 3770 esset
1425 3707 1474 3769 eis
1497 3709 1603 3772 tutum
1622 3711 1750 3775 temere
1769 3713 1904 3776 resilire.

1117 3804 1197 3864 Cum
1219 3819 1298 3881 ergo
1313 3807 1540 3868 controversia
1564 3808 1637 3870 baec
1656 3811 1714 3872 diu
1736 3811 1853 3873 fuisset
1873 3809 1904 3870 iu

1117 3901 1228 3964 nostro
1248 3903 1413 3966 auditorio
1428 3905 1599 3974 ventilata,
1616 3907 1656 3968 de
1676 3909 1821 3985 partium
1835 3910 1906 3972 tan-

1116 3997 1189 4059 dem
1205 3999 1413 4062 confessione
1427 4003 1653 4078 cognovimus,
1666 4008 1752 4083 quod
1766 4007 1903 4070 decanus

1117 4095 1229 4156 Sancti
1253 4097 1415 4171 severini,
1439 4099 1582 4176 quicum
1603 4102 1771 4182 aliquibus
1785 4119 1902 4168 conca-

1115 4192 1309 4254 nonicorum
1325 4209 1460 4257 suorum
1481 4198 1631 4262 habitum
1646 4206 1839 4281 susceperat
1851 4217 1903 4263 re·

1114 4288 1277 4363 gularem,
1313 4291 1347 4352 in
1380 4292 1496 4355 eodem
1521 4296 1635 4361 babitu
1672 4299 1762 4361 diem
1791 4299 1905 4362 clausit

1114 4387 1308 4462 extremum,
1332 4391 1366 4452 et
1390 4391 1477 4452 alius
1505 4394 1536 4454 ei
1564 4395 1709 4458 decanus
1731 4398 1770 4460 in
1795 4397 1905 4460 habitu

1114 4483 1409 4558 successiteodem,
1426 4487 1602 4567 nullusque
1617 4489 1663 4551 ibi
1676 4491 1823 4555 decanus
1838 4491 1905 4571 post

1113 4577 1353 4644 institutionem
1384 4585 1602 4673 regularium¹
1618 4589 1653 4649 in
1684 4592 1830 4654 seculari
1859 4589 1905 4652 est

1112 4675 1226 4738 babitu
1241 4677 1435 4742 substitutus
1450 4684 1572 4759 praeter
1587 4689 1625 4748 R.
1640 4687 1697 4765 qui
1715 4705 1829 4751 coram
1847 4704 1905 4751 no-

1111 4770 1211 4833 bisin
1234 4776 1393 4838 suscitata
1415 4781 1535 4844 exinde
1550 4783 1779 4848 controversia
1795 4787 1921 4862 litiga-¹

1111 4867 1176 4931 bat.
1195 4871 1288 4932 Unde
1309 4887 1380 4944 nos,
1397 4873 1450 4935 his
1467 4879 1590 4942 auditis
1607 4884 1640 4943 et
1653 4883 1806 4959 cognitis,
1824 4899 1903 4946 con-

1111 4964 1256 5028 siderata
1272 4969 1371 5030 etiam
1387 4970 1587 5038 discretione
1607 4981 1640 5040 et
1652 4981 1828 5057 prudentia
1842 4981 1902 5059 piae

1110 5062 1350 5127 recordationis
1377 5071 1414 5128 G.
1450 5074 1614 5148 quondam
1647 5077 1901 5156 Burdegalensis

1110 5159 1361 5257 archiepiscopi,
1376 5166 1432 5242 qui
1446 5171 1501 5245 pio
1516 5171 1549 5233 et
1559 5172 1720 5236 imitando
1734 5177 1900 5254 proposito

1110 5257 1143 5316 in
1156 5257 1294 5334 praefata
1309 5261 1449 5324 ecclesia
1465 5267 1578 5330 Sancti
1593 5273 1746 5334 Severini
1759 5275 1899 5350 religio-

1108 5369 1185 5414 nem
1206 5355 1297 5416 illius
1321 5359 1447 5421 ordinis
1467 5363 1675 5445 instituerat3
1697 5372 1900 5434 attendentes

1109 5450 1208 5510 etiam
1235 5453 1502 5520 confirmationes
1524 5465 1805 5538 praedecessorum
1825 5485 1901 5531 nos-

1108 5547 1235 5609 trorum
1255 5547 1361 5612 felicis
1376 5558 1544 5620 memoriae
1560 5564 1699 5640 fingenii
1714 5567 1748 5630 et
1764 5565 1899 5630 Adriani

1109 5647 1333 5708 Romanorum
1349 5651 1556 5726 Pontificum,
1572 5661 1629 5736 qui
1651 5664 1823 5740 prefatam
1848 5665 1899 5724 in·
