4106 6328
124 356 159 416 33
479 351 537 413 111'
558 381 599 396 -
620 351 664 414 IN
686 347 1037 412 ANNUNTIATIONE
1058 347 1209 410 BEATAE
1230 346 1391 410 MARIAE.
1714 348 1753 408 31

119 511 286 589 consurget
298 511 466 589 'sicquae
478 513 599 575 lsrael.
618 511 674 575 Sol
688 510 724 572 in
735 509 898 589 praesepio
953 507 1031 570 dum
1051 507 1137 587 quod
1156 507 1197 570 de
1219 523 1258 570 ea
1278 507 1503 586 scriptumest
1519 527 1526 566 ε
1542 507 1654 582 Etcpit
1675 523 1753 569 eam

118 609 153 670 de
178 623 236 686 quo
266 607 400 686 reprobi
433 609 613 671 secundum
640 608 726 688 quod
752 607 787 670 in
812 606 898 668 libro
955 609 1047 669 Deus
1066 608 1099 668 et
1114 607 1292 682 proeaupu
1310 622 1390 668 com
1404 605 1436 668 et
1452 605 1686 666 haereticorum
1701 606 1753 667 te-

119 707 280 784 Sapientiae
315 705 456 782 legitur,
493 707 614 769 dicturi
652 707 729 768 sunt
766 707 802 766 in
842 703 897 766 fu·
953 704 1074 766 nebres
1103 705 1236 780 penitus
1264 704 1424 781 effugavit
1456 703 1637 764 secundum
1666 703 1753 780 quod

117 805 182 866 turo
197 824 204 862 :
219 807 428 866 amavimus
454 821 476 866 a
495 807 554 866 oia
583 805 758 877 caritatis,
788 804 822 864 et
849 807 899 864 sot
953 803 1113 879 scriptum
1124 803 1174 864 est
1184 803 1224 862 de
1235 803 1447 879 ipsa:«Quae
1458 802 1593 864 cunctas
1605 802 1753 862 haereses

27 950 30 962 .
111 902 244 975 justitiae
264 898 898 981 οοη111611111161111(8611.1,6),116
953 902 1025 963 sola
1045 900 1245 962 interemisti
1266 901 1302 961 in
1324 900 1480 963 universo
1499 900 1673 960 mundes»
1689 903 1754 961 Per

117 1015 171 1076 quo
185 999 360 1075 Apostolus
378 1021 385 1060 ι
401 1002 457 1062 Sat
471 1015 540 1064 aou
554 1003 683 1063 occidat
696 987 803 1076 super
818 1003 897 1062 ira·
953 999 1051 1061 fldem
1066 999 1154 1060 enim
1170 998 1413 1061 lncarnationis
1429 999 1595 1060 destructa
1613 998 1664 1059 est
1678 1014 1753 1060 om-

115 1099 261 1158 cuudiam
284 1098 441 1160 vestram
464 1096 597 1177 (Ephesi.
616 1113 666 1168 11,
685 1095 750 1178 26).
767 1099 818 1160 An
831 1112 897 1158 non
952 1099 1005 1158 nis
1026 1098 1180 1160 haeresis.
1194 1087 1290 1158 Unde
1306 1113 1383 1158 caro
1399 1096 1523 1158 Christi
1544 1096 1665 1158 dicitur
1679 1096 1753 1172 glo-

115 1193 176 1272 ipse
197 1195 323 1272 estqui
347 1195 384 1256 iu
412 1195 481 1258 sole
505 1197 616 1273 posuit
644 1195 897 1258 tabernaculum
952 1196 1341 1272 riosa,sicutscriptu1n
1363 1195 1412 1256 est
1427 1215 1435 1253 ε
1452 1199 1616 1271 Emsuraa
1641 1198 1753 1270 gloria

116 1291 212 1351 carnis
233 1308 314 1364 suae,
340 1293 471 1370 quando
490 1293 554 1356 tuit
571 1294 741 1372 tamquam
755 1309 897 1372 sponsus
951 1309 1030 1356 maa
1042 1291 1115 1373 ¹(Ps.
1133 1296 1201 1367 107,
1217 1292 1263 1372 3).
1281 1293 1393 1354 Gloria
1408 1308 1469 1353 sua
1484 1292 1535 1354 est
1548 1293 1583 1352 in
1600 1307 1664 1369 qua
1679 1293 1761 1373 glo-¹

114 1389 280 1466 procedens
296 1390 337 1452 de
351 1390 499 1453 thalamo
515 1395 599 1454 suot
951 1393 1062 1454 riosus
1081 1391 1246 1470 apparuit,
1263 1392 1360 1469 Juxta
1379 1391 1461 1452 illud
1479 1412 1486 1449 ε
1508 1393 1660 1451 Vidimus
1676 1396 1752 1466 qlo-

147 1488 180 1547 ln
193 1487 286 1548 stella
306 1490 430 1562 autem,
451 1488 581 1562 tratres,
599 1491 742 1567 quatuor
765 1490 896 1568 princi·
951 1495 1045 1554 aiam
1060 1493 1145 1564 ejus,
1157 1494 1305 1567 gloriam
1317 1493 1415 1564 quasi
1433 1489 1754 1565 uuipaaitiaPatra

113 1583 218 1660 paliier
237 1587 464 1650 attenduntur.
493 1589 596 1656 Stella
620 1605 764 1667 namque
789 1589 897 1665 igneae
952 1587 1062 1668 (Joan
1084 1604 1108 1661 1,
1131 1587 1194 1667 14).
1216 1588 1255 1649 ut
1276 1587 1348 1649 haec
1371 1586 1504 1663 quidem
1529 1601 1606 1648 caro
1629 1585 1752 1648 Christi

114 1683 227 1743 naturae
243 1684 313 1759 est3
333 1685 431 1746 stella
443 1685 479 1746 in
492 1701 528 1746 se
545 1685 656 1748 lucida
670 1687 720 1748 est
735 1687 768 1747 et
784 1686 895 1763 clara3
952 1687 1180 1764 multipliciter
1195 1685 1357 1746 mirabilis
1373 1684 1445 1746 fuit.
1463 1685 1496 1746 et
1510 1683 1664 1762 apparuit
1678 1685 1753 1760 glo-

116 1777 198 1840 stella
216 1796 258 1842 ex
273 1781 456 1844 saradium
477 1782 614 1858 emittit;
639 1781 784 1845 stellein
800 1785 897 1846 nocte
951 1786 1052 1847 riosa.
1074 1784 1237 1846 Mirabilis
1261 1784 1349 1845 enim
1373 1783 1436 1846 suit
1454 1783 1486 1844 et
1505 1781 1651 1858 gloriosa
1673 1797 1751 1844 caro

113 1875 199 1940 lucet.
219 1881 298 1941 Haeo
320 1880 436 1941 eadem
452 1881 489 1941 -in
509 1881 605 1942 stalla
626 1881 740 1943 nostra
759 1881 897 1958 Virgine
951 1884 1074 1946 Gbristi
1090 1884 1126 1944 in
1141 1882 1356 1960 conceptione
1365 1883 1463 1959 juxta
1478 1880 1559 1941 illud
1575 1879 1748 1943 ieremiae:

111 1975 204 2037 blaria
240 1992 419 2054 possumus
456 1978 618 2040 invenire.
661 1978 764 2040 Stella
806 1980 896 2040 enim
951 1983 1119 2044 «Novum
1140 1981 1194 2042 vel
1214 1981 1336 2041 mirum
1355 1979 1456 2040 saciet
1474 1979 1633 2040 Dominus
1648 1993 1750 2055 super

109 2071 203 2146 igneae
217 2076 346 2138 naturae
361 2075 426 2149 est,
443 2077 476 2138 et
493 2077 568 2152 ipsa
582 2076 683 2152 Virgo
705 2076 812 2154 ignem
834 2078 897 2141 tuit
950 2081 1084 2153 terram,
1111 2095 1129 2140 p
1154 2078 1231 2156 quia
1255 2077 1295 2140 de
1321 2077 1426 2140 latere
1449 2076 1548 2162 primi
1568 2076 1648 2138 Adae
1672 2076 1751 2138 dor-

108 2170 234 2232 naturae.
252 2174 330 2250 Ipsa
346 2175 396 2236 est
409 2189 552 2252 namque
563 2173 674 2234 ‘rubus
691 2173 748 2236 ille
764 2175 893 2252 igneus,
950 2179 1082 2240 mientis
1096 2177 1238 2239 formata
1253 2177 1303 2237 est
1316 2178 1420 2248 Heva,
1437 2175 1477 2236 de
1492 2174 1598 2236 latere
1613 2173 1750 2236 secundi

110 2268 139 2328 in
151 2285 210 2345 quo
233 2271 390 2348 apparuit
409 2272 568 2334 Dominus
585 2271 703 2350 Moysi,
719 2273 775 2349 qui
796 2273 894 2351 videe
949 2275 1028 2337 Adae
1038 2275 1178 2338 formata
1189 2276 1240 2336 est
1249 2273 1407 2335 Ecclesia.
1419 2273 1524 2334 Adam
1536 2273 1568 2334 et
1578 2275 1669 2333 lleva
1682 2271 1750 2332 fue·

109 2363 194 2429 batur
219 2367 354 2446 quidem
383 2367 512 2442 ardere,
536 2369 594 2432 sed
626 2385 693 2430 non
721 2371 896 2432 combure-
948 2374 1028 2436 runt
1039 2374 1104 2434 duo
1118 2374 1154 2434 in
1169 2388 1270 2434 carne
1289 2387 1366 2443 una,
1387 2370 1536 2431 Christus
1552 2370 1585 2431 et
1601 2369 1749 2430 Ecclesia

109 2461 209 2540 bat1u3
221 2467 309 2544 quod
322 2467 461 2544 gravida
472 2467 603 2545 quidem
616 2467 770 2545 apparuit
780 2469 892 2546 Virgo,
950 2470 1085 2533 luerunt
1100 2471 1164 2532 duo
1181 2471 1217 2531 in
1234 2484 1372 2546 corpore
1387 2483 1464 2528 uno.
1480 2467 1531 2528 llli
1545 2467 1609 2529 duo
1631 2466 1667 2527 in
1683 2483 1750 2528 una

110 2563 226 2637 quando
251 2565 391 2626 inventa
416 2564 466 2627 est
490 2566 526 2626 in
550 2566 645 2628 utero
669 2566 815 2643 habeus3
837 2567 894 2628 sed
949 2569 1079 2640 natura,
1097 2568 1152 2630 isti
1174 2568 1237 2629 duo
1257 2568 1293 2628 in
1312 2582 1378 2626 una
1398 2580 1552 2642 persona.
1579 2567 1664 2626 Nam
1678 2564 1750 2642 pri-

110 2657 174 2732 igne
193 2660 343 2722 libidinis
367 2677 435 2724 non
456 2663 509 2724 est
530 2663 737 2742 consumpta,
752 2665 840 2742 quod
854 2665 894 2726 de
948 2683 1022 2728 mus
1036 2666 1140 2728 Adam
1159 2665 1222 2726 tuit
1239 2664 1347 2726 factus
1367 2665 1407 2725 de
1426 2664 1556 2738 virgine
1571 2663 1672 2737 terra,
1690 2678 1748 2724 se-

110 2756 222 2832 Spiritu
246 2758 381 2822 Sancto.
409 2760 511 2822 Stella
536 2760 587 2822 est
608 2762 644 2822 in
668 2777 704 2824 se
728 2762 839 2824 lucida
862 2763 895 2826 et
949 2764 1076 2826 curdus
1091 2761 1441 2826 Ademtuittactusde
1456 2759 1747 2837 virginesoemina.

112 2853 203 2926 clara,
217 2858 249 2919 61
259 2857 365 2918 Beata
377 2857 480 2934 Virgo
496 2859 604 2920 Maria
623 2858 658 2920 in
671 2876 707 2921 se
722 2860 894 2938 splendida
950 2864 1081 2924 Primus
1093 2862 1198 2924 Adam
1213 2859 1275 2923 tuit
1287 2860 1339 2924 111
1350 2860 1386 2922 in
1406 2859 1477 2936 ipsa
1493 2858 1672 2932 creatione,
1689 2874 1748 2920 se·

111 2949 173 3026 luit,
189 2954 220 3016 et
234 2955 328 3016 clara
343 2955 438 3028 adeo,
457 2956 548 3018 uide
566 2971 606 3018 ea
626 2957 785 3036 scriptum
800 2959 843 3022 sit
859 2959 894 3020 in
949 2961 1076 3024 cundus
1096 2961 1200 3022 Adam
1222 2957 1284 3021 fuit
1298 2958 1351 3020 vir
1364 2959 1399 3018 in
1413 2957 1487 3035 ipsa
1507 2958 1723 3035 conceptione
1740 2979 1748 3018 ε

111 3049 232 3114 cantico
260 3053 474 3116 canticorum
501 3075 509 3115 ε
537 3057 620 3122 Quae
647 3057 698 3118 esi
725 3057 794 3119 ista
818 3073 895 3133 quaa
948 3063 1076 3122 Mulier
1093 3053 1747 3135 116661611161161111161.11111122).

105 3152 320 3224 propellitur
360 3155 460 3226 quast
497 3165 630 3215 aurora
666 3168 893 3232 consurgens,
949 3157 1112 3220 Mirabilis
1123 3157 1158 3218 in
1169 3155 1354 3228 nativitate,
1369 3155 1447 3231 quia
1458 3153 1499 3215 de
1508 3153 1646 3230 Virgine
1656 3153 1748 3216 ortus

105 3250 235 3315 iuuare
248 3250 539 3312 uiduam...Stella
555 3267 597 3312 ex
609 3267 646 3313 se
656 3253 788 3314 radium
804 3253 896 3317 emit·
944 3257 1042 3334 juxta
1057 3255 1140 3316 illud
1156 3254 1253 3316 lsaiae
1272 3275 1279 3314 :
1302 3257 1387 3316 liccc
1401 3255 1501 3329 virgo
1515 3253 1692 3326 concipiet,
1715 3251 1751 3312 ο1

109 3341 150 3414 tit,
161 3345 191 3406 et
201 3347 303 3409 Beata
317 3347 419 3424 Virgo
432 3350 539 3410 Maria
552 3366 595 3411 ex
607 3366 643 3412 se
656 3351 787 3412 radium
799 3351 894 3413 illum
944 3355 1063 3429 pariet
1076 3355 1186 3427 sitium
1198 3351 1255 3432 (Is.
1270 3367 1329 3424 vu,
1346 3347 1409 3430 14).
1425 3349 1590 3412 Mirabilis
1611 3349 1647 3410 in
1666 3349 1750 3426 bap-

110 3441 204 3504 emisit
226 3447 283 3522 qui
309 3445 496 3522 penetrauit
519 3449 686 3525 usquead
709 3449 819 3511 cordis
841 3467 896 3513 se-
948 3454 1057 3524 tismo,
1082 3450 1168 3529 quod
1198 3449 1305 3528 aperti
1331 3452 1409 3512 sunt
1435 3447 1521 3520 coeli,
1549 3448 1583 3509 et
1605 3447 1748 3525 Spiritus

110 3539 197 3601 creta.
213 3542 388 3606 scrutatus
403 3546 453 3606 est
464 3545 565 3607 corda
584 3546 617 3608 et
632 3563 742 3618 renes,
755 3564 794 3610 eo
807 3547 893 3626 quod
950 3551 1090 3613 Sanctus
1101 3548 1268 3627 corporali
1285 3547 1394 3625 specio
1408 3545 1567 3608 columbae
1580 3545 1751 3607 descendit

109 3636 191 3700 liuls
211 3641 261 3703 est
281 3657 393 3702 sermo
415 3643 475 3704 Dei
499 3643 531 3706 et
553 3644 682 3719 efficax,
697 3647 730 3708 et
743 3646 895 3724 penetrat
949 3664 1145 3727 supereum,
1161 3647 1195 3709 et
1206 3663 1273 3709 vox
1285 3645 1395 3708 Patris
1408 3644 1521 3706 audita
1532 3645 1602 3705 est:
1616 3647 1683 3705 Hic
1697 3643 1750 3705 ast

110 3737 207 3798 omnia
220 3739 333 3814 gladio
356 3741 504 3818 ancipiti,
520 3743 711 3820 pertingens
731 3746 893 3823 usquead
947 3749 1039 3821 tilius
1059 3761 1158 3808 meus
1178 3745 1356 3806 dilectus...
1379 3741 1543 3804 Mirabilis
1558 3741 1593 3802 in
1604 3740 1745 3819 jejunio,

109 3830 290 3900 diuisionem
305 3838 427 3900 animae
440 3841 473 3902 et
485 3839 633 3917 spiritus.
949 3845 1034 3924 quod
1047 3843 1212 3922 ieiunavit
1230 3841 1449 3919 quadraginta
1473 3838 1589 3900 diebus
1608 3839 1641 3900 et
1659 3853 1746 3916 qua-

142 3933 227 3995 llnde
244 3936 282 3997 et
304 3937 459 4013 congruit
481 3939 626 4000 nominis
650 3939 892 4018 interpretatio.
949 3943 1102 4019 draginta
1128 3940 1290 4003 noctibus.
1314 3937 1481 4002 Mirabilis
1504 3937 1557 4000 uel
1581 3935 1748 4013 gloriosus

108 4027 242 4108 Namque
264 4033 375 4096 Maria
399 4036 495 4098 stella
518 4037 621 4098 maris
643 4038 891 4116 interpretatur.
948 4041 983 4102 in
1009 4039 1246 4102 miraculorum
1272 4036 1480 4114 operatione,
1505 4033 1603 4113 iuxta
1630 4034 1745 4096 illud:

109 4127 188 4190 blare
201 4133 346 4194 mundus
361 4133 421 4207 est,
438 4135 619 4196 seeundum
635 4136 721 4213 quod
734 4138 894 4216 scriptum
954 4142 1106 4200 Vidimus
1126 4139 1301 4198 amicabilia
1321 4137 1418 4197 bodie
1440 4131 1534 4212 (Luc.
1560 4150 1592 4202 v,
1616 4130 1682 4212 26).
1708 4131 1748 4194 Et

109 4225 179 4288 est:
206 4233 281 4292 Hoc
311 4245 412 4293 mara
439 4247 607 4308 umanum
638 4235 673 4295 at
703 4239 895 4310 spatiosum
948 4237 1134 4299 item2Hoc
1147 4235 1228 4309 facit
1242 4234 1382 4295 initium
1396 4234 1577 4308 signorum
1587 4235 1700 4302 lesus,
1715 4231 1749 4294 ei

110 4319 170 4400 (Ps.
185 4329 251 4400 103,
265 4327 333 4408 25).
348 4330 466 4392 Merito
482 4347 561 4408 ergo
577 4331 673 4393 stella
688 4334 790 4420 maris
805 4335 893 4396 dici·
948 4333 1186 4409 manifestavit
1205 4335 1354 4408 gloriam
1374 4345 1474 4392 suam
1497 4326 1529 4407 (J
1532 4345 1607 4390 oan.
1624 4330 1665 4397 ll,
1681 4325 1746 4407 11).

110 4421 163 4495 1111,
178 4425 253 4501 quia
278 4427 312 4488 et
333 4426 406 4504 ipsa
424 4426 593 4506 tamquam
608 4429 700 4492 sidus
724 4431 894 4508 singulare
948 4431 1113 4494 Mirabilis
1126 4431 1163 4492 in
1179 4428 1414 4507 praedicatione
1429 4427 1527 4505 juxta
1547 4427 1628 4489 illud
1645 4449 1653 4487 ι
1669 4430 1749 4490 lum

110 4519 226 4584 relulsit
238 4524 274 4586 in
285 4525 430 4602 mundo;
448 4529 542 4604 cujus
557 4527 714 4605 splendor
728 4530 895 4592 illuminat
948 4546 1009 4594 cos
1027 4532 1148 4592 muudi
1169 4529 1252 4590 estis
1270 4527 1416 4602 propter
1436 4541 1634 4588 saracenam
1647 4539 1748 4600 quem

110 4619 264 4694 ulredum,
283 4625 317 4684 et
332 4639 375 4684 ex
389 4639 425 4684 se
440 4624 569 4686 radium
585 4625 678 4687 illurn
699 4628 821 4702 emisit,
837 4629 894 4707 qui
947 4628 1079 4692 locutus
1099 4642 1177 4689 sum
1198 4627 1292 4688 vobis
1315 4621 1424 4703 (toan.
1441 4640 1496 4694 uu,
1513 4621 1559 4702 3)
1580 4624 1620 4684 ut
1641 4623 1719 4688 item
1739 4643 1746 4686 z

112 4719 895 4795 cumsitluxvera,illuminatomnemhominem
948 4730 1134 4801 Nunquam
1157 4727 1206 4786 sic
1230 4724 1362 4786 locutus
1385 4722 1438 4784 est
1464 4725 1590 4784 bombi
1610 4718 1745 4800 (Joann.

110 4815 342 4880 uenientemin
366 4820 643 4884 huncmundum.
667 4825 896 4887 11161111-
949 4822 1090 4904 11116).
1152 4883 1155 4890 .

112 4908 175 4972 dius
187 4917 336 4991 procedit
359 4934 401 4980 ex
424 4920 533 4993 stelle,
552 4922 648 4983 stella
669 4923 800 4998 integra
817 4940 895 5001 per-
989 4919 1152 4982 Mirabilis
1181 4918 1217 4978 in
1242 4915 1547 4992 transfiguratione,
1573 4915 1651 4994 quia
1675 4931 1749 4976 res-

112 5015 262 5088 manente,
290 5016 339 5077 sio
360 5017 449 5078 filius
473 5034 516 5080 611
534 5019 682 5096 Virgine,
703 5021 895 5098 virginitate
948 5018 1098 5097 planduit
1112 5015 1214 5078 facies
1229 5017 1300 5092 ejus
1316 5014 1402 5076 sicut
1422 5013 1483 5084 sol,
1504 5014 1536 5074 et
1549 5012 1746 5074 uestimenta

113 5104 286 5173 inviolabili
318 5115 519 5192 perdurante
547 5118 728 5180 secundum
752 5121 838 5196 quod
863 5121 895 5182 et
949 5119 1020 5194 ejus
1036 5115 1121 5176 tacta
1138 5114 1216 5174 sunt
1230 5112 1371 5176 candida
1390 5111 1477 5173 sicut
1490 5111 1560 5172 nix.
1581 5109 1746 5172 Mirabilis

114 5207 259 5283 propheta
271 5213 425 5275 Ezechiel
439 5214 547 5293 inquit
564 5236 571 5275 ε
587 5217 699 5278 Porta
713 5221 786 5280 baeo
801 5223 896 5281 ciaco-
949 5215 984 5275 in
997 5212 1162 5292 passione,
1178 5211 1256 5288 quia
1271 5210 1319 5272 sol
1335 5208 1531 5271 obscuratus
1544 5207 1604 5278 est,
1617 5205 1749 5268 6116116-
1862 5292 1866 5301 Ι

113 5315 146 5362 su
160 5308 223 5368 erit
237 5309 271 5370 ei
295 5325 365 5372 aaa
381 5314 561 5386 aperietur
577 5314 611 5376 at
630 5318 687 5376 eir
705 5331 775 5377 aaa
790 5317 900 5378 tram..
949 5311 1017 5372 brae
1046 5310 1141 5372 tactae
1170 5309 1248 5370 sunt
1272 5292 1372 5384 su'per
1398 5305 1588 5367 universam
1610 5304 1748 5370 terram.

112 5401 180 5462 uba
189 5420 254 5478 per
268 5421 357 5480 eam,
378 5411 438 5471 sed
451 5413 620 5473 Dominus
639 5417 731 5476 solus
751 5415 895 5476 intrabit
949 5408 1114 5472 blirabilis
1146 5409 1184 5470 in
1217 5406 1378 5468 descensu
1412 5403 1454 5464 ad
1487 5402 1624 5478 interos,
1661 5403 1747 5484 quod

111 5509 167 5568 par
179 5516 255 5564 eoru
269 5501 403 5583 (Ezech.
418 5523 511 5578 xc1v,
527 5507 577 5588 2).
949 5508 1059 5570 vectes
1072 5505 1199 5568 terreos
1215 5503 1389 5579 confregit.
1405 5501 1569 5578 Mirabilis
1585 5500 1620 5568 iu
1635 5515 1749 5566 resur-

148 5598 242 5661 Stella
266 5602 303 5662 in
327 5606 423 5666 nocte
448 5607 552 5679 lucet,
575 5607 608 5670 61
632 5609 705 5686 ipsa
730 5610 832 5686 Virgo
858 5611 893 5672 in
948 5607 1107 5678 rectione,
1123 5603 1208 5684 quod
1222 5603 1319 5664 terrae
1339 5600 1447 5661 motus
1461 5599 1567 5662 factus
1589 5601 1640 5664 est
1656 5613 1750 5672 mag-

115 5697 197 5758 16116
209 5697 310 5777 hujus
324 5704 438 5765 saeculi
450 5705 665 5782 singulariter
677 5707 769 5771 fulsit
781 5725 896 5774 socun-
950 5721 1024 5768 nus.
1041 5702 1205 5770 Mirabilis
1227 5700 1328 5763 etiam
1346 5698 1398 5761 vel
1417 5698 1563 5774 gloriosa
1578 5696 1614 5760 in
1629 5711 1749 5762 ascen-

228 5869 345 5916 anrnoc.
364 5875 439 5919 16111
449 5863 485 5920 11.
1609 5857 1665 5918 11.
