3994 6326
252 261 312 338 115
715 258 894 322 HONORII
915 259 961 320 111
982 257 1131 320 OPERA.
1148 285 1186 304 -
1203 259 1436 322 SERMONES.
1835 268 1886 333 116

251 420 358 483 nulrit
380 420 558 494 dammam,
574 420 769 498 supernatat
785 418 915 482 caeteris
938 417 1049 497 liquo-
1103 415 1705 500 mentum,quandodeclararitlldom
1714 422 1889 498 Trinitatis,
1968 443 1969 484 3

250 519 355 580 ribus.
381 519 496 581 Oleum
522 517 612 582 enim
637 533 757 596 graece,
784 517 887 582 latine
914 516 1049 580 miseri·
1103 518 1175 580 sine
1184 534 1249 596 qua
1259 519 1367 582 omnis
1378 519 1476 582 homo
1487 519 1677 584 inconditus
1688 525 1738 584 est
1748 523 1890 602 etpecus.
1968 527 1969 592 i

250 617 364 678 cordia
392 619 612 693 nuncupatur.
643 617 759 678 Oleum
794 617 890 678 sanat
908 615 1047 678 uulnera
1104 616 1196 678 Unde
1208 618 1388 680 Dominus:
1409 621 1472 682 Vos
1482 619 1566 682 estis
1580 625 1631 682 sai
1647 621 1754 682 terrae
1768 617 1891 702 (Mattb.

251 715 410 792 corporis,
427 715 521 776 itaet
542 715 771 780 misericordia
793 715 890 778 sanat
908 714 1047 776 uulnera
1102 731 1134 787 r,
1154 713 1218 793 13).
1233 716 1392 778 Praestitit
1407 717 1608 791 unctionem,
1623 718 1753 796 quando
1770 735 1827 796 per
1840 719 1894 780 im·
1968 723 1969 786 i

250 812 381 884 meniis
402 812 480 889 quia
500 828 559 890 per
578 812 841 876 misericordiam
856 811 916 874 Dei
938 815 1048 890 Apos-
1103 813 1300 889 positionem
1320 831 1438 878 manus
1461 815 1695 893 Apostolorum
1717 816 1893 880 donabatur
1968 793 1969 856 1

249 911 336 972 tolus
352 909 530 972 mundatus
544 911 629 976 esta
648 912 794 988 peccatis
810 909 999 988 praeteritis,
1016 911 1048 976 et
1104 913 1247 988 Spiritus
1265 915 1418 988 Sanctus,
1435 915 1521 978 sicut
1535 916 1695 994 scriptum
1717 916 1767 978 est
1784 914 1818 976 in
1835 919 1894 977 Ao-

250 1008 434 1070 oustoditus
449 1011 500 1070 est
514 1009 676 1072 alutaris.
693 1009 787 1072 Unde
800 1010 871 1087 ipse
888 1026 895 1066 :
912 1013 1048 1072 Miseri·
1102 1010 1193 1076 tibus
1207 1015 1440 1092 Apostolorum
1457 1035 1465 1076 a
1480 1018 1565 1077 Carra
1588 1015 1807 1090 imposuisset
1830 1018 1894 1078 dis-
1968 1063 1969 1072 ,

248 1109 405 1168 cordiam
434 1109 635 1170 corasecaias
656 1124 752 1182 sam,
777 1111 859 1183 auia
882 1111 1048 1185 iqrrorans
1102 1117 1223 1190 cipalis
1235 1118 1513 1187 aranasl‘aaias,
1530 1113 1624 1176 senii
1638 1114 1791 1190 Spiritus
1800 1116 1896 1176 Sam·
1968 1109 1969 1132 ³

248 1207 326 1280 soci,
345 1207 383 1270 in
399 1206 649 1270 incredulitate.
665 1207 965 1282 superabandavit
979 1221 1046 1268 aa·
1103 1212 1159 1274 tas
1181 1227 1288 1288 saper
1309 1226 1367 1274 cos
1393 1208 1479 1290 (Act.
1504 1227 1575 1286 xix,
1597 1209 1648 1293 6).Ι
1666 1212 1770 1275 Erant
1792 1212 1894 1274 autem
1968 1203 1969 1208 ’

249 1304 321 1366 iem
352 1305 469 1380 pratia
498 1307 638 1366 Domini
670 1305 783 1368 nostri
811 1307 897 1368 lesa
921 1304 1048 1368 Christi
1103 1310 1276 1374 duodecim
1302 1309 1458 1388 discipuli
1479 1310 1630 1374 ioannis.
1659 1310 1699 1372 at
1718 1311 1805 1372 sicut
1828 1310 1894 1372 oleo

250 1407 280 1490 (1
291 1410 373 1471 Tim.
388 1426 411 1483 1,
423 1409 488 1490 14).
502 1413 548 1473 De
557 1411 620 1474 boe
629 1410 844 1476 oleoinlibro
855 1411 1046 1488 Regumdi-
1102 1408 1231 1472 risibili
1243 1408 1414 1486 unguntur
1428 1408 1524 1470 modo
1540 1408 1741 1482 sacerdotes,
1757 1409 1805 1470 ita
1823 1425 1895 1485 gra·
1968 1419 1969 1426 ¹

250 1507 353 1570 citum:
369 1509 640 1573 braiiviaaaaa
655 1513 810 1574 Elissam
824 1527 835 1571 :
849 1513 1047 1574 Nondabeo
1105 1508 1149 1572 tia
1160 1507 1327 1586 spirituali
1337 1506 1540 1582 intrinsecus
1551 1497 1760 1580 roborantur,
1773 1507 1896 1584 quando
1944 1591 1947 1600 1

248 1611 361 1669 alerem
375 1610 443 1670 aist
452 1623 582 1684 param
598 1612 636 1670 ia
649 1610 778 1686 tecpibo
793 1606 855 1688 (ΙΙΙ
865 1612 947 1686 Reg.
963 1624 1045 1682 xrrr,
1103 1623 1223 1670 manus
1236 1605 1287 1668 eis
1298 1606 1514 1684 imponuntur
1528 1622 1548 1668 a
1561 1605 1785 1682 pontificibus.
1803 1605 1896 1666 Simi-
1968 1627 1969 1688 j

250 1704 408 1786 lepidast,
426 1721 544 1784 parum
559 1706 846 1770 misericordiaein
861 1707 1046 1770 cordesu0.
1103 1704 1180 1768 liter
1208 1705 1245 1768 iit
1270 1705 1305 1766 in
1333 1703 1545 1778 Christiania,
1575 1704 1708 1782 quando
1734 1706 1896 1780 unguntur

248 1805 288 1865 m
297 1802 468 1866 benedixit
476 1821 593 1882 parum
605 1805 680 1878 olei,
694 1806 771 1884 quia
783 1805 890 1868 omnis
901 1804 1048 1868 humana
1103 1803 1299 1880 chrismate;
1314 1803 1396 1867 etin
1409 1801 1563 1876 infirmis,
1584 1802 1716 1881 quando
1732 1802 1896 1879 unguntur

248 1902 479 1964 misericordia
502 1919 605 1980 parra
631 1905 692 1968 est.
720 1904 814 1966 Unde
837 1904 873 1965 in
891 1905 1045 1966 Psalmo:
1102 1902 1138 1964 in
1153 1901 1322 1964 extremis.

247 2003 491 2063 Misericordia
508 2005 648 2064 Dormiat
663 2007 767 2080 pana
787 2004 840 2065 est
859 2004 958 2072 terra
977 2000 1046 2082 (Ps.
1144 2000 1304 2062 Praestitit
1327 1999 1492 2072 decorem,
1516 1999 1648 2078 quando
1674 1998 1819 2061 erudivit
1841 2013 1898 2070 nos

247 2100 298 2172 33,
317 2097 361 2178 5),
390 2099 423 2160 et
446 2100 573 2162 Dauid:
594 2104 700 2174 Sarra,
722 2104 869 2164 Dareine
892 2104 1049 2164 ammam
1103 2098 1327 2178 perexempla
1342 2098 1438 2160 bonae
1453 2097 1796 2176 ritaeadaequitatem.
1809 2096 1896 2158 Unde

196 2275 202 2286 ·
247 2213 362 2260 meam
377 2202 458 2272 qaia
471 2203 611 2274 peccam·
630 2199 689 2260 tibi
707 2198 777 2280 (Ps.
794 2200 843 2274 40,
867 2197 913 2280 5).
931 2199 1048 2262 Oleum
1102 2196 1279 2275 Apostolus
1299 2197 1523 2260 :imitatores
1536 2200 1607 2258 mei
1621 2196 1738 2268 estote,
1760 2196 1847 2258 sicat
1868 2195 1897 2256 at
1968 2239 1969 2252 .

248 2296 354 2357 nutrit
363 2297 542 2370 flammam,
555 2297 604 2359 ita
618 2297 847 2360 misericordia
860 2297 923 2364 luit
936 2301 1047 2375 Apos—
1103 2311 1164 2372 epo
1180 2297 1309 2360 Christi
1324 2293 1463 2376 (Philip.
1485 2309 1535 2368 111,
1560 2292 1624 2375 17).
1639 2293 1818 2372 Apostolus
1833 2293 1899 2354 dio·

247 2394 315 2458 tolo
341 2396 580 2458 nutrimentum
600 2395 741 2474 justitiae
763 2396 799 2460 in
820 2396 908 2460 bona
928 2412 1049 2475 opera·
1103 2395 1155 2456 tus
1167 2395 1216 2457 esi
1229 2393 1351 2467 oleum,
1362 2394 1440 2474 quia
1448 2393 1655 2455 illuminatus
1666 2392 1896 2460 estaCbristo,

247 2493 349 2558 tione.
360 2495 502 2572 Lampas
513 2493 664 2557 sineoleo
672 2511 739 2558 nou
749 2497 858 2573 potest
866 2496 989 2570 lucere,
1001 2495 1047 2557 ita
1103 2493 1233 2571 quando
1248 2493 1340 2555 venit
1354 2507 1538 2571 supereum
1552 2491 1610 2552 lux
1622 2491 1663 2554 de
1678 2491 1773 2562 coelo,
1789 2491 1820 2552 ei
1832 2490 1898 2568 ipse

249 2590 419 2652 sibonum
435 2608 517 2670 opus
531 2593 604 2655 sine
618 2592 848 2656 misericordia
859 2610 926 2656 nou
941 2593 1048 2672 potest
1102 2591 1305 2654 illuminarit
1320 2591 1416 2665 alios,
1433 2590 1564 2654 dicente
1579 2589 1620 2651 ad
1634 2590 1745 2668 ipsum
1759 2591 1828 2652 Deo
1843 2603 1897 2664 per

248 2688 405 2768 cuiquam
430 2690 598 2768 prodesse.
630 2691 723 2754 Unde
744 2691 923 2754 Psalmista
951 2691 1045 2754 orat:
1102 2691 1298 2770 prophetam
1312 2706 1320 2746 ι
1336 2693 1445 2753 Posui
1460 2690 1493 2752 te
1508 2693 1546 2752 in
1559 2695 1668 2752 lacem
1682 2689 1849 2765 pertitam,
1862 2685 1898 2748 at

247 2789 491 2850 Misericordia
509 2789 570 2852 iaa
584 2791 810 2866 subsequetur
823 2805 879 2852 me
904 2788 974 2870 (Ps.
993 2791 1044 2862 22,
1102 2792 1151 2852 sis
1162 2795 1257 2852 salas
1270 2803 1361 2861 ntea,
1386 2803 1494 2864 asqac
1508 2791 1554 2850 ad
1571 2787 1773 2849 extremam
1798 2787 1898 2848 terrae

247 2883 293 2966 6).
311 2886 350 2948 nt
363 2886 538 2950 Salomon:
560 2889 661 2950 ommi
675 2888 829 2964 ternpore
841 2889 1049 2952 vestimenta
1101 2885 1161 2966 (is.
1176 2903 1268 2960 xnrx,
1284 2885 1330 2967 6).
1347 2888 1387 2950 Ei
1398 2885 1515 2948 reiecit
1526 2885 1627 2948 verbo
1642 2883 1896 2962 praedicationis,

249 2984 310 3046 tua
332 2986 405 3048 siat
422 2989 578 3059 candida,
600 2987 633 3050 ci
654 2991 767 3048 oleam
789 2987 964 3062 decapite
989 2987 1047 3048 tao
1102 2986 1139 3048 ut
1173 2986 1284 3048 dicere
1321 2985 1434 3064 posset
1472 3000 1548 3046 cum
1587 2984 1675 3045 isaia
1710 2983 1896 3060 propheta:

247 3096 317 3143 aaa
330 3083 468 3155 deficiat
482 3079 585 3161 (Ecol.
599 3098 646 3156 11,
659 3081 694 3168 8)
712 3083 808 3156 idest,
829 3099 962 3162 semper
976 3083 1046 3146 esto
1101 3085 1295 3146 «Dominus
1314 3083 1405 3146 dedit
1431 3082 1515 3144 mihi
1540 3082 1689 3160 linguam
1715 3081 1891 3152 eruditam,

247 3179 449 3244 misericors.
466 3181 672 3244 Vestimenta
699 3181 842 3244 candida
865 3182 943 3244 sunt
959 3181 1047 3244 bona
1102 3184 1138 3262 ut
1161 3183 1265 3246 sciam
1294 3184 1480 3246 sustentare
1507 3197 1583 3244 eum
1615 3181 1671 3260 qui
1704 3179 1819 3258 lapsus
1853 3177 1899 3239 est

249 3293 370 3354 opera;
398 3278 549 3340 candidis
570 3280 778 3342 vestimentis
801 3279 964 3354 induitur,
990 3279 1047 3357 qui
1101 3282 1214 3355 verbo,
1231 3300 1249 3344 a
1265 3283 1298 3343 et
1319 3282 1397 3359 quia
1416 3280 1535 3342 lenivit
1553 3295 1610 3342 eos
1630 3280 1687 3358 qui
1705 3278 1783 3341 duri
1806 3276 1897 3340 erant

247 3373 345 3436 bonis
361 3376 517 3452 operibus
534 3366 728 3440 adornatur.
747 3378 863 3440 Oleum
883 3393 1049 3456 superna·
1102 3381 1136 3443 et
1149 3381 1260 3458 asperi
1275 3397 1334 3458 per
1351 3377 1593 3450 infidelitatem,
1608 3378 1640 3440 et
1659 3377 1825 3439 convertit
1842 3389 1894 3434 eos

247 3473 296 3536 tat
311 3473 463 3536 omnibus
476 3475 661 3554 liquoribus
676 3496 684 3536 ε
700 3476 747 3538 ita
765 3477 799 3539 et
815 3475 1047 3538 misericordia
1102 3479 1143 3540 ad
1158 3479 1334 3542 veritatem
1355 3477 1540 3554 Evangelii,
1564 3479 1597 3538 et
1611 3475 1652 3538 ad
1677 3474 1756 3536 iidei
1775 3474 1896 3536 lenita-

248 3572 653 3650 supereminetuniversis
678 3573 869 3636 virtutibus.
898 3573 991 3638 Unde
1010 3574 1046 3635 in
1102 3579 1183 3642 tem.

248 3670 409 3747 psalmo:
445 3675 573 3735 Saaois
604 3675 774 3736 Dominus
798 3676 986 3745 universis,
1014 3673 1048 3734 et
1483 3699 1518 3787 X

246 3771 490 3832 miserationes
505 3773 581 3846 cias
601 3774 837 3848 superomnia
851 3787 958 3848 opera
972 3774 1048 3844 ejas

248 3863 320 3946 (rs.
338 3870 406 3941 144,
423 3867 469 3950 o).
1102 3893 1144 3954 11.
1168 3921 1209 3941 -
1236 3892 1282 3954 m
1303 3889 1603 3953 conversione
1620 3889 1742 3950 ssnrr
1763 3885 1898 3948 PAULI.

287 3968 434 4037 Quatuor
446 3968 524 4030 sunt
547 3967 709 4030 utilitates
731 3969 818 4030 olei:
835 3967 945 4030 oleum
963 3967 1046 4029 sub·

247 4063 541 4139 ministratlucem,
554 4067 691 4144 praestat
700 4066 958 4140 condimentum,
971 4083 1049 4128 unc·
1149 4075 1231 4134 Vivo
1254 4085 1328 4146 epa,
1352 4071 1435 4131 dieii
1453 4071 1641 4134 amicitas:
1656 4072 1736 4129 auoto-
1753 4065 1898 4128 rraortem

247 4162 384 4236 tionem,
407 4166 440 4226 et
461 4164 624 4226 decorem.
650 4165 793 4228 Praestat
818 4164 940 4242 lumen,
969 4166 1048 4244 quia
1099 4169 1310 4244 peccatoris,
1333 4171 1394 4230 sed
1421 4168 1461 4228 at
1493 4165 1719 4230 convertatur
1743 4162 1899 4238 peccator

248 4261 326 4322 inde
342 4263 569 4326 accenduntur
584 4262 773 4340 lampadem
788 4265 1047 4344 praestatcondi-
1102 4284 1125 4330 a
1139 4271 1198 4329 aia
1210 4273 1387 4340 suaniam,
1402 4266 1545 4330 etoiaat
1558 4261 1824 4352 (desolarunt,
1838 4256 1896 4338 11).

248 4361 414 4434 mentum,
452 4363 530 4440 quie
563 4361 641 4423 inde
678 4361 878 4424 condiuntur
916 4363 1044 4439 secula3
1143 4365 1402 4427 conversionem
1429 4363 1519 4425 beati
1538 4362 1636 4424 Pauli
1661 4360 1813 4438 Apostoli
1836 4358 1897 4418 bo·
1968 4371 1969 4374 ’

247 4459 383 4536 praestat
401 4461 603 4534 unctionem,
621 4460 699 4539 quia
714 4460 791 4522 inde
808 4461 979 4538 unguntur
992 4478 1050 4525 sa·
1102 4464 1220 4526 dierna
1247 4464 1300 4526 die
1324 4462 1481 4537 colimus;
1503 4463 1539 4523 ut
1565 4461 1724 4539 quantum
1750 4455 1899 4520 utilitatis

247 4557 398 4620 cerdotes
418 4560 451 4620 et
467 4575 575 4636 reges,
595 4560 628 4621 et
648 4558 748 4621 etiam
772 4559 907 4633 infirmi,
924 4561 1047 4624 etinde
1103 4562 1262 4625 Ecclesiae
1302 4562 1361 4624 Dei
1397 4560 1573 4623 conversio
1604 4561 1676 4636 eJ'us
1710 4554 1895 4625 contulerit,

247 4655 421 4718 coniicitur
448 4656 605 4728 chrisma,
633 4657 720 4720 unde
747 4661 917 4736 unguntur
938 4659 1049 4722 chris·
1098 4662 1172 4740 jugi
1201 4661 1419 4722 meditatione
1449 4673 1637 4737 pensemus,
1675 4655 1709 4718 et
1733 4657 1838 4716 Deum
1861 4651 1899 4712 ad

246 4753 342 4814 ilani.
359 4753 501 4814 Praestat
511 4753 674 4828 decorem,
690 4755 768 4833 quia
782 4755 860 4818 inde
874 4756 1048 4835 poliuntur
1103 4758 1341 4836 ignoscendum
1352 4757 1520 4836 peccatori
1531 4755 1663 4818 facilem
1674 4753 1716 4815 ab
1727 4751 1898 4831 iniquitate

248 4849 422 4922 columnae,
438 4851 471 4912 et
485 4852 606 4914 caetera
622 4867 695 4931 quae
707 4854 860 4916 uolumus
875 4871 948 4916 esse
962 4854 1046 4916 niti·
1102 4873 1263 4920 converso
1285 4871 1537 4933 cognoscamus.
1554 4853 1709 4930 Legimus
1731 4850 1819 4929 quod
1838 4848 1900 4911 tria

247 4947 354 5011 diora.
370 4948 441 5020 Vel,
467 4949 575 5010 oleum
591 4950 758 5028 significat
771 4953 915 5028 gratiam
935 4953 1047 5032 Spiri-
1102 4957 1180 5018 sunt
1194 4957 1343 5032 tempora
1361 4971 1368 5014 :
1385 4955 1513 5031 tempus
1529 4953 1606 5014 ante
1630 4952 1748 5028 legem,
1771 4950 1898 5026 tempus

246 5047 300 5109 tus
321 5048 446 5121 Sancti,
465 5064 539 5125 quae
556 5049 718 5126 praeclare
741 5051 863 5114 claruit
884 5052 920 5113 in
939 5055 1048 5131 Apos-
1102 5046 1899 5131 sublege,ettempusgratiaeantelegemnullus

246 5145 326 5219 tolo,
339 5144 429 5223 quia,
446 5147 482 5207 ut
492 5147 564 5223 jam
579 5145 735 5220 diximus,
752 5150 969 5226 pergratiam
986 5151 1047 5212 Dei
1102 5152 1282 5233 pugnabat,
1297 5151 1358 5212 sub
1369 5152 1443 5227 lege
1454 5151 1565 5212 nullus
1576 5147 1764 5210 resistebat.
1777 5149 1823 5208 De
1834 5144 1899 5206 illis

247 5242 322 5320 plus
342 5244 494 5305 omnibus
509 5243 685 5308 laborarii.
711 5248 790 5308 Haec
810 5247 918 5324 gratia
938 5249 1048 5310 mani·
1102 5269 1181 5330 ergo
1194 5249 1570 5314 nullusvincebat.Ante
1585 5248 1693 5324 legem
1707 5246 1795 5308 enim
1807 5241 1901 5323 quid-

248 5339 383 5404 iestarit
415 5343 528 5404 lumen
557 5360 616 5421 per
643 5345 915 5422 praedicationem
953 5349 1045 5426 ejus,
1102 5351 1180 5430 quid
1196 5351 1268 5412 erat
1289 5349 1444 5421 liberum,
1466 5347 1644 5425 putabatur
1664 5344 1795 5408 licitum
1816 5357 1897 5404 esse.

248 5442 281 5502 et
304 5440 464 5518 effugarit
484 5441 651 5518 tenebras,
671 5445 766 5516 idest,
789 5459 920 5507 errores
939 5446 1048 5508 idolo-
1102 5449 1221 5512 Nullus
1232 5447 1401 5526 pugnabat
1413 5444 1639 5517 cumdiabolo,
1651 5445 1753 5506 immo
1764 5443 1899 5520 quisque

248 5554 333 5600 rum.
344 5540 436 5602 Unde
451 5543 610 5605 Dominus
623 5543 659 5604 in
669 5542 873 5620 Evangelio:
891 5535 1053 5607 Vosesiis
1102 5546 1301 5626 sequebatur
1316 5561 1392 5609 eum
1404 5545 1530 5616 rolens,
1548 5544 1581 5606 et
1592 5543 1641 5606 sic
1655 5559 1722 5604 non
1735 5541 1807 5604 erat
1821 5539 1897 5602 rin-
1968 5561 1969 5572 ¹

243 5631 441 5702 'tuarrrraaii
463 5637 594 5720 (blatth.
610 5657 649 5716 r,
667 5637 731 5723 14).
749 5642 910 5708 Praestitit
926 5643 1045 5706 condi-
1102 5663 1191 5710 oens.
1216 5647 1290 5708 Non
1317 5645 1421 5721 igitur
1445 5645 1524 5706 tunc
1548 5645 1599 5705 est
1625 5642 1698 5705 baec
1725 5636 1904 5720 promissio.
