4080 6316
105 375 165 438 845

105 535 240 600 obedire
250 534 469 604 mandabant
481 549 573 596 arma
582 533 696 596 contra
710 533 786 596 illos
795 549 900 610 usque

105 636 147 696 ad
161 633 416 712 quadriennium
431 648 498 694 non
510 635 692 694 moverent.

147 731 210 793 Sed
225 731 254 792 si
265 731 365 792 etiam
379 730 585 808 respicerent
600 745 618 789 e
641 729 762 801 vicino,
779 744 900 790 nomen

105 829 237 891 Domini
250 827 368 890 saltem
387 843 461 889 sero
476 828 686 904 requirerent
698 827 731 888 et
750 826 791 887 ad
806 826 900 887 illum

105 927 261 989 intuitum
287 927 435 1004 ipsorum
469 926 636 1002 erigerent
668 923 898 997 tenebrosum,

104 1041 181 1087 cum
204 1040 319 1087 eorum
341 1024 374 1086 et
399 1022 709 1087 Mediolanensium.
729 1023 765 1084 in
780 1013 900 1100 quibus

105 1122 285 1194 confidunt,
303 1121 492 1200 superbiam
508 1137 582 1184 oum
597 1119 781 1196 ignominia
794 1119 902 1182 corri-

105 1220 227 1297 puerit,
250 1219 443 1297 dederitque
459 1218 639 1280 humilibus
655 1217 704 1280 eis
721 1218 902 1280 resistenti·

104 1317 383 1394 busgratlam,ita
394 1317 430 1383 ut
442 1333 517 1379 cum
528 1316 591 1394 ipsi
607 1316 902 1378 crederentomnia

104 1416 256 1492 redigere
269 1416 305 1477 in
316 1415 463 1477 cinerem
480 1416 513 1476 et
530 1414 689 1486 favillam,
703 1414 858 1475 viderunt
869 1413 904 1476 et

106 1514 295 1586 doluerunt,
306 1513 391 1591 quod
407 1529 522 1575 eorum
533 1513 737 1588 arrogantia,
747 1511 903 1588 indigna-

103 1611 152 1673 tio
169 1613 202 1672 et
214 1609 369 1688 superbia
384 1611 434 1671 est
450 1609 548 1686 longe
563 1609 716 1687 amplius,
736 1625 834 1687 quam
849 1609 903 1687 ip-

104 1725 217 1770 sorum
240 1723 306 1770 non
320 1707 587 1770 erubescentium
603 1707 771 1769 tortitudo.
796 1710 902 1769 Porro

103 1806 256 1884 quamvis
272 1807 400 1883 sperari
410 1806 556 1882 potuerit
568 1805 602 1867 et
611 1805 795 1867 verisimile
813 1805 901 1866 vide·

103 1905 207 1978 retur,
225 1905 261 1967 ut
275 1903 350 1981 ipsi,
368 1904 424 1981 qui
448 1904 483 1964 in
507 1919 622 1965 eorum
646 1904 802 1981 episcopo
823 1918 903 1978 gra-

103 2002 186 2064 tiam
199 2017 218 2062 a
233 1999 328 2062 nobis
341 2000 516 2062 senserant
530 1999 719 2077 specialem,
735 2016 833 2078 quarn
849 1998 902 2060 ob

102 2099 211 2162 tinere
242 2113 261 2159 a
289 2097 403 2159 ‘felicis
429 2097 673 2160 recordationis
709 2096 902 2162 Innocentio

102 2211 190 2274 papa
216 2195 463 2273 praedecessore
489 2196 602 2258 nostro
621 2194 758 2256 minime
783 2196 903 2257 value-

102 2294 193 2360 runt,
212 2294 366 2354 mandata
390 2294 503 2355 nostra
524 2309 590 2354 non
611 2292 899 2370 parvipenderent,

101 2407 211 2468 neque
226 2407 288 2452 nos
307 2392 340 2453 et
363 2393 546 2452 Romanam
570 2390 752 2452 Ecclesiam
775 2389 816 2452 ad
832 2391 903 2452 ira-

101 2488 259 2549 cundiam
279 2490 509 2568 provocarent,
528 2503 695 2566 nunquam
718 2489 830 2550 tamen
852 2489 903 2550 te·

101 2587 249 2664 puerunt
282 2602 357 2647 cum
391 2585 558 2662 praedictis
596 2584 901 2647 Mediolanensibus

103 2683 259 2761 persequi
297 2684 528 2756 Christianos,
559 2683 613 2744 vel
646 2683 759 2744 verius
793 2684 901 2760 ipsum

103 2782 283 2843 Christum.
311 2781 373 2854 Qui
392 2781 503 2853 etiam,
531 2778 610 2844 licet
630 2780 665 2840 in
690 2779 902 2859 expeditione

100 2879 212 2956 ipsius
228 2877 269 2940 ab
282 2878 413 2940 oriente
425 2867 528 2956 usque
541 2878 582 2939 ad
594 2879 797 2940 occidentem
812 2879 901 2940 totus

103 2977 176 3037 iere
203 2977 363 3052 urgeatur
386 2976 527 3054 populus
553 2975 771 3048 christianus
791 2976 901 3038 erecta

100 3073 216 3134 tamen
227 3073 357 3134 cervice
369 3075 486 3135 contra
502 3073 679 3134 Dominum
697 3072 899 3144 incedentes

100 3185 192 3231 nuno
207 3171 323 3232 contra
337 3169 513 3248 praedictos
524 3171 763 3232 Cremonenses
778 3171 811 3232 et
824 3173 903 3232 Par·

100 3283 234 3329 menses
259 3284 333 3329 cum
358 3267 483 3328 eisdem
513 3266 818 3329 Mediolanensibus
845 3284 903 3330 su-

100 3364 206 3443 perbo
222 3365 323 3426 oculo¹
344 3366 376 3426 et
398 3364 579 3426 insatiabili
595 3365 696 3426 corde
717 3365 901 3426 exercitum
937 3395 939 3402 ν

100 3478 294 3541 praeparare
304 3462 465 3532 nituntur,
481 3479 518 3524 se
531 3478 608 3524 reos
619 3463 759 3542 perjurii
771 3462 902 3540 publice

101 3561 301 3633 statuentes,
310 3577 385 3621 cum
394 3561 619 3638 ipsi‚quodam
634 3560 832 3638 proditionis
848 3577 905 3636 ge.
992 3605 994 3610 .

100 3672 196 3731 nere,
207 3660 444 3720 Cremonenses
457 3661 491 3721 et
503 3662 699 3720 Parmenses
710 3659 903 3736 pervenien-

99 3758 153 3820 tes
167 3757 312 3828 eosdem,
324 3758 373 3818 eis
389 3771 493 3834 usque
509 3756 549 3817 ad
561 3756 758 3817 decennium
773 3755 901 3816 firmam

98 3853 252 3928 treugam
280 3852 471 3915 hisdiebus
491 3852 691 3930 juraverunt
710 3851 900 3914 observare.

102 3951 199 4012 Unde
218 3951 295 4029 quia
318 3951 400 4011 nibil
420 3950 509 4012 aliud
534 3952 662 4012 restare
677 3949 817 4022 videtur,
835 3949 901 4011 nisi

101 4051 139 4111 ut
173 4049 210 4110 in
245 4049 452 4110 contusionis
490 4049 711 4126 praecipitium
744 4049 903 4112 corruant

101 4145 321 4222 ignominiam
349 4146 555 4218 adducentis,
573 4161 647 4208 curn
667 4145 790 4224 praeter
810 4145 900 4207 divi-

103 4261 183 4307 num
197 4244 363 4314 timorem,
376 4260 473 4322 quem
489 4259 626 4320 prorsus
645 4243 810 4322 abjecisse
823 4259 903 4306 nos-

102 4342 235 4413 cuntur,
251 4357 460 4420 nequaquam
480 4341 733 4404 contundantur·
749 4343 804 4405 vel
818 4357 901 4404 eru-

101 4439 243 4502 bescant
272 4439 434 4512 adversis,
467 4455 586 4502 manus
618 4441 750 4502 nostras
783 4439 901 4502 ineos

102 4535 261 4598 duximus
288 4535 536 4612 aggravandas,
566 4535 716 4600 volentes
742 4536 898 4610 rectores,

102 4632 330 4706 consiliarios
344 4649 405 4696 nec
419 4647 486 4695 non
508 4636 542 4696 et
561 4634 757 4698 societatum
777 4635 903 4710 magis-

101 4731 173 4792 tros
186 4731 332 4792 civitatis
346 4747 461 4792 eorum
481 4747 541 4810 per
554 4733 656 4793 totam
669 4731 900 4794 lombardiam

102 4827 246 4905 singulis
258 4829 373 4890 diebus
388 4829 563 4892 dominicis
577 4831 610 4892 et
633 4828 777 4902 festivis
788 4829 902 4906 pulsa-

101 4925 147 4986 tis
164 4927 336 5004 campanis
359 4929 392 4989 et
417 4927 566 4990 candelis
586 4929 749 4997 accensis,
766 4943 902 4992 excom-

102 5023 289 5086 municatos
304 5025 435 5103 puche
450 5025 610 5088 nuntiari.
626 5028 666 5088 Et
681 5043 722 5088 ne
738 5026 798 5088 alii
811 5027 900 5088 cives

102 5121 290 5184 Placentini
303 5124 554 5186 exeusationem
569 5123 704 5186 valeant
717 5139 850 5186 sumere
865 5123 900 5185 in

102 5221 263 5296 peccatis,
278 5237 392 5283 omnes
419 5221 606 5299 praedictos,
622 5222 678 5300 qui
703 5221 745 5282 ad
769 5222 901 5300 impug-

101 5317 249 5378 nandum
267 5320 507 5380 Cremonenses
527 5320 561 5381 et
585 5323 782 5381 Parmenses
806 5334 901 5381 arma

101 5415 143 5476 de
156 5417 277 5477 caetero
298 5417 511 5494 sumpserint,
534 5417 587 5479 vel
603 5417 644 5478 ad
660 5404 899 5480 devastandum

100 5514 226 5575 terram
242 5514 395 5576 venerint
409 5515 613 5588 eorumdem,
624 5514 899 5578 excommunica-

100 5610 203 5672 tionis
217 5610 352 5672 vinculo
364 5611 576 5672 innodamus

144 5709 312 5770 Sententia
333 5708 499 5771 consimili
514 5709 732 5787 percellentes
750 5711 898 5772 rectores

729 371 957 434 EPISTOLAE.
981 373 1059 432 121ss.
1084 375 1124 432 ll.

1691 374 1753 433 846

954 531 987 593 et
1001 531 1213 596 consiliarios
1228 533 1399 596 civitatum
1414 534 1560 608 illarum,
1578 551 1652 614 quae
1667 534 1749 597 Pla-

954 630 1097 692 centinis
1111 631 1280 694 societatis
1296 631 1420 695 loedere
1435 635 1513 696 sunt
1526 634 1705 706 adstrictae,
1722 634 1751 696 si

954 729 1069 790 contra
1085 730 1323 792 Cremonenses
1336 731 1388 792 vel
1408 735 1606 794 Parmenses
1620 732 1753 810 preasti-

955 827 1066 890 terunt
1076 827 1251 900 auxilium,
1268 829 1446 892 consilium
1460 831 1514 893 vel
1532 831 1680 894 favorem
1695 831 1753 893 iis·

955 923 1039 986 dem.
1056 928 1103 988 Ac
1119 926 1192 1001 pari
1207 943 1265 988 eos
1278 927 1411 990 vinculo
1427 929 1614 1006 alligamus,
1640 930 1696 1007 qui
1712 929 1752 990 de

955 1022 1159 1088 Placentinis
1180 1024 1325 1102 aliquem
1341 1027 1616 1104 praesumpserint
1635 1029 1672 1090 in
1687 1044 1751 1106 po-

954 1121 1108 1184 testatem
1123 1138 1295 1184 assumere
1307 1124 1362 1184 vel
1376 1126 1550 1188 rectorem.
1568 1128 1660 1188 Bona
1675 1143 1753 1203 quo-

956 1234 1019 1296 que
1032 1219 1156 1283 civium
1167 1221 1412 1298 praedictorum,
1422 1223 1620 1303 ubicumque
1630 1223 1753 1286 fuerint

955 1316 1103 1390 iuventa,
1121 1319 1334 1398 praecipimus
1345 1320 1499 1393 detineri,
1515 1323 1752 1385 interdicentes

957 1415 1123 1478 universis
1138 1418 1171 1480 et
1183 1417 1336 1494 singulis,
1363 1435 1405 1480 ne
1430 1435 1505 1480 cum
1524 1421 1574 1482 eis
1589 1436 1754 1482 commer-

956 1513 1043 1576 cium
1059 1513 1204 1578 haheaut
1215 1516 1270 1579 vel
1282 1518 1500 1580 contractum.
1515 1519 1658 1580 Ad'haec
1672 1519 1753 1580 uni·
1816 1583 1820 1590 ,

955 1612 1055 1684 versi,
1073 1614 1131 1689 qui
1155 1613 1205 1676 eis
1227 1614 1396 1677 societatis
1422 1615 1547 1678 foedere
1572 1616 1633 1677 sub
1655 1619 1761 1694 jura-·

956 1711 1058 1772 menti
1084 1711 1218 1775 vinculo
1245 1713 1322 1774 sunt
1345 1714 1508 1786 adstricti,
1533 1715 1691 1790 quantum
1712 1714 1753 1776 ad

956 1808 1019 1870 hoc
1033 1808 1101 1870 illis
1126 1825 1162 1871 se
1182 1811 1338 1872 noverint
1352 1814 1545 1889 iuramento
1562 1813 1754 1891 hujusmodi

955 1921 1022 1968 non
1048 1907 1174 1980 teneri,
1207 1924 1282 1970 cum
1304 1911 1539 1988 jusjurandum
1565 1911 1753 1988 iniquitatis

956 2001 1125 2067 vinculum
1154 2019 1228 2066 esse
1256 2021 1324 2066 non
1348 2006 1475 2079 debeat,
1505 2007 1562 2070 sed
1588 2007 1754 2085 aequitatis

956 2100 1064 2176 potius
1087 2101 1120 2163 et
1137 2103 1279 2179 justitiae
1304 2103 1561 2168 firmamentum.
1593 2105 1754 2178 Quocirca

956 2197 1167 2262 universitati
1192 2203 1311 2264 vestrae
1334 2215 1394 2278 per
1414 2203 1604 2280 Apostolica
1631 2203 1755 2279 scripta

955 2295 1752 2379 praecipiendomandamus,quatenuspraemissa‚
1805 2355 1808 2361 .

956 2393 1085 2455 sublato
1100 2396 1332 2472 appellationis
1354 2397 1538 2472 obstaculo,
1559 2399 1593 2460 et
1615 2398 1753 2475 vosipsi

956 2491 1095 2555 tirmiter
1120 2492 1324 2568 observetis,
1350 2495 1383 2557 et
1414 2497 1573 2573 quantum
1600 2497 1635 2560 in
1658 2497 1753 2558 vobis

955 2587 1066 2662 fuerit,
1080 2589 1212 2654 faciatis
1221 2591 1463 2656 iuviolabiliter
1478 2593 1661 2656 observari.

996 2688 1113 2752 Datum
1129 2691 1296 2763 Laterani,
1311 2694 1357 2752 111
1373 2693 1448 2754 idus
1465 2690 1555 2770 julii,
1569 2691 1751 2770 pontifica-

954 2784 1009 2846 tus
1019 2786 1124 2848 nostri
1135 2803 1223 2850 anno
1236 2789 1393 2851 secundo.

997 2915 1041 2972 ia
1055 2916 1213 2974 etttmdam
1226 2917 1366 2976 modum
1382 2914 1542 2991 scriptum
1563 2916 1615 2977 est
1628 2931 1755 2992 praepo·

956 3008 1020 3070 sito
1035 3010 1261 3084 Cremonensi,
1276 3013 1420 3072 mutatis
1434 3013 1620 3074 mutandis.
1634 3015 1753 3075 Datum

955 3108 1001 3166 XI
1016 3106 1084 3196 kal.
1099 3107 1243 3184 augusti,
1258 3123 1347 3170 anno
1363 3109 1520 3170 secundo.

1245 3286 1463 3375 cccxxxi

1015 3421 1067 3480 Aa
1081 3421 1263 3482 rintcersos
1278 3423 1451 3497 episcopor
1465 3423 1690 3484 Lombardtoe.

1262 3535 1295 3592 li
1309 3535 1361 3608 jul.
1379 3537 1457 3594 itia.

1096 3639 1226 3706 [Bahman
1236 3640 1301 3691 Acta
1311 3642 1385 3708 imp,
1398 3644 1429 3700 ll,
1440 3642 1495 3702 ati,
1511 3657 1536 3692 n.
1545 3643 1612 3706 936]

956 3748 1005 3805 liis
1021 3747 1167 3820 significat
1186 3763 1218 3804 se
1233 3751 1482 3806 excommunicare
1497 3757 1633 3819 rectores,
1655 3751 1750 3808 eonsi-

991 3836 1358 3895 liarios-Mediolauensium
1373 3839 1420 3910 qui
1433 3847 1530 3896 contra
1544 3841 1752 3898 Cremonenses

990 3931 1018 3982 et
1034 3927 1205 3983 Parmenses
1217 3927 1372 3983 exereitum
1384 3941 1545 4000 praeparare
1560 3930 1697 4000 nituntur.

995 4044 1163 4105 Honorius
1171 4044 1356 4122 episcopus,
1372 4061 1489 4107 servus
1497 4061 1669 4108 servorum
1678 4049 1749 4119 Dei,

955 4141 1201 4204 venerabilibus
1216 4141 1375 4204 iratribus
1398 4143 1563 4208 universis
1586 4145 1751 4223 episcopis

956 4239 1172 4312 bombardiae,
1199 4241 1339 4303 salutem
1363 4243 1395 4304 et
1418 4243 1634 4320 apostolicam
1649 4243 1752 4306 bene-

955 4337 1144 4408 dictionem.

996 4437 1132 4513 sperari
1153 4437 1284 4516 poterat
1307 4440 1341 4500 et
1359 4438 1541 4522 verisimile
1562 4439 1750 4511 videbatur,

956 4535 992 4596 ut
1005 4534 1284 4606 Mediolanenses,
1301 4551 1442 4612 quorum
1456 4536 1634 4598 elationem
1649 4540 1681 4598 et
1694 4553 1753 4598 su-

955 4629 1104 4708 perbiam
1128 4631 1322 4694 consuetam
1347 4633 1507 4694 Dominus
1534 4650 1609 4694 cum
1635 4649 1750 4696 eorum

956 4727 1150 4790 contusione
1181 4729 1352 4808 corripuit,
1384 4747 1504 4792 nornen
1533 4734 1607 4808 ejus
1640 4731 1749 4794 saltim

955 4841 1030 4887 saro
1047 4825 1257 4903 requirerent
1272 4827 1304 4889 et
1318 4827 1358 4888 ad
1372 4828 1467 4890 illurn
1483 4829 1640 4892 intuitum
1659 4829 1752 4908 ipso-

954 4938 1027 4984 rum
1039 4923 1205 4998 erigerent
1220 4924 1444 4995 tenebrosum,
1461 4930 1557 5006 eujus
1573 4929 1753 4991 manusest

955 5036 1055 5098 super
1078 5037 1209 5084 omnem
1232 5023 1410 5100 superbum
1430 5027 1463 5087 et
1475 5028 1698 5102 arrogantem,
1716 5029 1751 5090 ut

955 5119 1168 5182 eminentiam
1185 5123 1321 5184 enervet
1342 5121 1533 5186 sublimium
1551 5125 1584 5187 et
1601 5126 1751 5202 proster-

953 5219 1012 5279 nat
1032 5217 1242 5280 altitudinem
1268 5220 1498 5298 superborum.
1518 5223 1612 5283 Certe
1634 5222 1663 5282 si
1677 5237 1751 5284 res-

954 5315 1080 5391 piciant
1107 5331 1125 5377 a
1150 5317 1279 5390 vicino,
1309 5334 1379 5380 suae
1404 5318 1566 5380 duntaxat
1594 5319 1749 5396 potentias

953 5413 1051 5476 inniti
1066 5429 1133 5476 non
1143 5414 1264 5477 debent
1273 5418 1305 5478 et
1318 5415 1471 5476 fiduciam
1485 5431 1609 5492 ponere
1621 5417 1655 5477 in
1668 5418 1750 5479 mul·

953 5511 1093 5573 titudine
1113 5512 1360 5590 quadrigarum.
1386 5515 1472 5574 Nam
1496 5513 1677 5576 humilibus
1699 5516 1749 5577 eis

953 5609 1185 5673 resistentibus
1194 5611 1283 5672 dedit
1297 5611 1457 5671 Dominus
1470 5613 1625 5688 gratiam,
1645 5612 1689 5674 lta
1702 5617 1747 5684 ut,

953 5723 1028 5770 cum
1040 5707 1105 5784 ipsi
1117 5707 1292 5770 crederent
1304 5707 1415 5770 omnia
1433 5707 1585 5784 redigere
1607 5709 1639 5768 in
1657 5711 1750 5770 ciue-
