4014 6312
275 253 337 314 403
883 253 1059 316 HONORII
1082 255 1126 314 111
1148 254 1297 316 OPERA.
1856 260 1905 320 tol

313 412 544 476 interdicimus
552 427 632 476 vero
647 411 823 490 episcopis,
834 413 867 476 et
878 413 955 475 aliis
969 413 1072 478 eccle·
1125 413 1231 478 detur.
1247 415 1352 476 Porro
1368 412 1466 492 siqui
1482 412 1631 492 episcopi
1641 413 1700 478 aut
1714 429 1830 477 eorum
1846 417 1909 478 oill-

274 513 399 574 siarum
432 511 590 588 praelatis,
624 510 691 573 nisi
723 513 856 575 servato
889 513 1070 576 evectionis
1125 512 1228 578 ciales
1255 511 1291 576 in
1318 527 1479 591 personas
1504 513 1633 574 vestras
1660 513 1716 574 vel
1745 512 1908 588 ecclesias,

273 625 422 682 numero,
438 610 474 670 in
489 610 704 671 Lateranensi
722 609 864 672 concilio
879 611 1069 683 constituto,
1126 611 1324 673 sententiam
1347 611 1494 688 aliquam
1516 613 1632 673 contra
1649 610 1835 672 libertatem
1851 613 1907 674 eis-

271 707 306 768 in
333 708 452 769 vestris
477 707 687 770 monasteriis
703 707 877 786 hospitari.
898 709 946 770 Ad
968 724 1072 784 gran·
1126 708 1199 770 dem
1221 725 1241 770 a
1261 708 1562 786 praedecessoribus
1577 709 1709 781 vestris,
1729 709 1783 770 vel
1798 711 1908 772 anobis

271 805 344 880 gias
359 806 469 866 autem
484 807 623 880 vestrae,
640 807 727 868 etad
748 808 859 868 curtes
881 805 1071 885 hospitandi
1126 807 1289 869 indultam
1313 808 1608 884 promulgaverint,
1626 808 1777 869 eamdem
1793 809 1909 870 senten·

272 903 392 978 gratia,
410 919 475 964 non
490 903 556 964 nisi
567 903 601 964 in
613 920 733 981 magna
748 904 949 966 necessitate
964 904 1072 966 diver·
1125 906 1218 979 tiam,
1232 907 1389 984 tanquam
1402 907 1518 968 contra
1534 905 1629 967 Sedis
1650 905 1847 982 apostolica
1867 907 1909 966 in-

273 1003 364 1075 tant3
380 1003 414 1062 et
427 1003 503 1064 tunc
518 1003 663 1064 contenti
676 1003 744 1064 sint
759 1003 907 1079 ipsarum
922 1002 1071 1064 mansio-
1126 1003 1407 1080 dultaprolatam,
1424 1004 1602 1066 statuimus
1625 1004 1834 1065 irritandam.
1859 1006 1912 1065 De·

273 1115 352 1160 num
377 1099 512 1160 cibariis
525 1101 704 1172 consuetis,
722 1117 797 1163 cum
816 1101 1000 1172 honestate,
1015 1101 1071 1163 at·
1126 1102 1293 1164 cernimus
1320 1119 1411 1179 ergo,
1433 1104 1470 1164 ut
1493 1102 1579 1164 nulli
1601 1103 1736 1163 omnino
1757 1100 1910 1163 hominum

272 1213 336 1274 qne
353 1197 493 1260 caritate
507 1198 677 1260 exhibitis.
694 1198 786 1260 Nulli
801 1201 911 1262 autem
926 1197 1072 1261 seculari
1127 1201 1227 1262 liceat
1240 1201 1399 1262 ecclesias
1423 1201 1553 1262 vestras
1567 1200 1694 1262 temere
1716 1199 1911 1277 perturbare,

274 1311 424 1372 personae
436 1296 489 1359 vel
502 1297 748 1372 ecclesiasticae,
769 1298 805 1358 in
823 1297 936 1375 aliqua
957 1298 1073 1359 domo-
1126 1301 1184 1362 aut
1198 1315 1314 1360 earum
1326 1300 1556 1376 possessiones
1571 1298 1716 1371 auferre,
1730 1298 1784 1360 vel
1798 1297 1909 1360 ablatas

272 1409 347 1454 rum
373 1395 560 1456 vestrarum
584 1393 683 1458 liceat
708 1396 864 1458 carnibus
883 1395 985 1468 vesci,
1004 1395 1072 1456 nisi
1126 1397 1281 1470 retinere,
1299 1397 1461 1469 minuere,
1477 1413 1537 1458 seu
1552 1396 1755 1474 quibuslibet
1772 1397 1910 1458 veratio-

272 1491 440 1553 maniiesti
455 1493 663 1569 aegritudinis
679 1510 792 1568 causa,
807 1495 889 1556 etin
904 1493 985 1558 solis
1000 1510 1073 1555 mo-
1127 1495 1225 1556 nibus
1244 1495 1401 1572 latigare3
1427 1495 1485 1556 sed
1514 1495 1627 1558 omnia
1647 1495 1779 1570 integra
1793 1509 1912 1555 conser-

273 1590 429 1652 nasteriis
444 1591 718 1654 conventualibus
734 1593 866 1654 vestris.
1126 1596 1245 1656 ventur
1259 1608 1386 1667 eorum,
1399 1609 1458 1672 pro
1477 1609 1617 1671 quorum
1631 1591 1867 1669 gubernatione
1877 1607 1912 1653 ac
1968 1675 1969 1678 Ἴ

313 1686 531 1749 Probibemus
550 1689 688 1767 insuper
713 1706 755 1752 ne
779 1689 892 1768 aliqua
916 1705 1070 1766 persona,
1127 1691 1368 1754 sustentatione
1383 1691 1629 1754 concessasunt
1642 1689 1758 1750 usibus
1771 1690 1909 1752 omnino

272 1783 393 1846 fratres
417 1785 545 1847 ordinis
564 1788 668 1850 vestri
693 1788 814 1850 audeat
837 1787 878 1849 ad
907 1787 1072 1850 secularia
1127 1789 1178 1850 dis
1194 1790 1377 1868 profutura,
1394 1789 1488 1851 salva
1511 1789 1605 1850 Sedis
1627 1788 1824 1866 Apostolicae
1838 1804 1912 1849 auc·

269 1882 400 1960 justitia
417 1899 598 1962 provocare
617 1901 624 1945 :
641 1885 738 1947 sedsi
753 1886 827 1963 quis
840 1884 1000 1947 adversus
1013 1901 1073 1948 vos
1126 1889 1272 1950 toritate.
1288 1888 1398 1966 Siqua
1413 1887 1516 1964 igitur
1531 1887 1568 1948 in
1582 1886 1730 1948 futurum
1743 1885 1911 1948 ecclesias-
1968 1911 1969 1914 ¹

275 1979 400 2057 aliquid
429 1981 492 2043 sibi
511 1981 699 2056 crediderit,
720 1984 759 2045 de
776 1986 854 2062 jure
874 1984 1070 2061 competere,
1127 1986 1193 2048 tica
1208 1986 1414 2048 secularisve
1426 2000 1579 2064 persona,
1593 1985 1681 2046 banc
1694 1984 1816 2046 nostre
1829 1999 1908 2044 cons·
1968 1991 1969 2066 j

273 2077 334 2139 sub
349 2079 567 2143 ecclesiastici
579 2082 734 2143 examine
742 2082 863 2161 judicii
878 2081 1073 2159 experiendi
1126 2084 1291 2148 titutionis
1301 2083 1457 2161 paginam
1465 2083 1575 2144 sciens
1586 2085 1701 2144 contra
1713 2098 1789 2143 eam
1802 2084 1912 2142 temere
1968 2085 1969 2166 ᾗ

276 2173 398 2238 habeat
412 2175 613 2239 facultatem.
636 2179 776 2241 Licitum
798 2181 961 2257 praeterea
979 2178 1073 2240 vobis
1127 2182 1242 2244 venire
1268 2181 1459 2252 tentaverit,
1487 2180 1644 2252 secundo,
1672 2179 1811 2242 tertiove
1835 2195 1909 2240 oon-

274 2272 363 2334 sitin
378 2275 488 2336 causis
504 2276 764 2349 vestris,1'ratres
779 2279 908 2339 vestros
922 2277 1071 2348 idoneos,
1128 2281 1265 2352 monita,
1281 2279 1348 2341 nisi
1361 2281 1490 2341 reatum
1505 2295 1602 2340 suum
1617 2294 1764 2356 congrua
1778 2275 1906 2338 satisfac
1968 2269 1969 2342 ξ

275 2370 316 2430 ad
338 2372 582 2435 testificandum
605 2375 781 2447 adducere,
802 2376 964 2437 eteorum
979 2375 1075 2436 testi·
1129 2378 1218 2441 tione
1242 2377 1437 2449 correxerit,
1465 2376 1638 2452 potestatis
1653 2373 1849 2452 honorisque
1865 2372 1907 2434 sui

276 2470 387 2530 monio
402 2471 622 2534 sicutrectum
630 2473 740 2544 luerit,
754 2475 786 2535 et
797 2473 993 2552 propulsare
1001 2473 1075 2534 vio·
1129 2475 1242 2538 careat
1256 2474 1430 2552 dignitate,
1451 2489 1610 2552 reamque
1625 2489 1663 2534 se
1677 2472 1789 2534 divino
1799 2471 1910 2550 jndicio
1968 2489 1969 2526 l

275 2565 423 2640 lentiam,
440 2571 473 2630 et
478 2570 643 2648 justitiam
659 2571 840 2632 vindicare.
855 2571 1074 2634 Probibemus
1129 2573 1273 2636 existere
1286 2573 1329 2636 de
1344 2573 1533 2652 perpetrata
1548 2571 1724 2650 iniquitate
1739 2569 1905 2646 cognoscat,

276 2680 406 2742 quoque
430 2682 472 2728 ne
493 2666 629 2730 cuilibet
647 2669 882 2730 ecclesiasticae
904 2668 957 2730 vel
972 2683 1072 2730 secu·-
1129 2676 1162 2734 et
1186 2671 1452 2734 esacratissimo
1471 2685 1611 2747 corpore
1627 2671 1659 2732 et
1676 2667 1834 2744 sanguine
1850 2666 1911 2736 bei,
1968 2677 1969 2746 l

276 2761 339 2822 lari
352 2779 503 2840 personae
514 2766 564 2826 las
579 2767 623 2828 sit
634 2767 669 2827 in
683 2767 835 2829 eeclesiis
846 2769 977 2840 vestris,
993 2783 1076 2828 con·
1130 2771 1164 2831 et
1177 2769 1308 2831 Domini
1332 2767 1563 2846 Redemptoris
1585 2767 1691 2829 nostri
1709 2769 1790 2830 Jesu
1808 2763 1912 2826 Christi
1968 2777 1969 2828 ῑ

276 2861 328 2920 tra
359 2861 481 2924 statuta
517 2865 752 2927 Lateranensis
783 2864 934 2934 Consilii,
962 2864 1074 2928 tallias
1128 2866 1333 2938 alienafiat,
1363 2861 1908 2944 atqueinextremoeraminedis-
1968 2849 1969 2896 ³

276 2973 434 3022 exercere
449 2960 501 3022 vel
514 2963 679 3040 quaslibet
692 2963 776 3024 alias
791 2963 886 3024 vobis
901 2963 1030 3041 ineptas
1043 2964 1076 3025 et
1129 2965 1235 3027 trictae
1243 2963 1414 3040 subjaceat
1420 2962 1551 3024 ultioni.
1561 2961 1694 3023 Cunctis
1702 2958 1911 3022 autemeidem

276 3055 409 3134 iniquas
430 3061 622 3122 exactiones
643 3061 824 3138 imponere.
844 3061 1074 3123 interdicimus
1130 3061 1202 3123 loco
1226 3077 1286 3122 sua
1297 3063 1376 3139 jura
1402 3059 1625 3132 servantibus,
1645 3059 1690 3120 sit
1705 3074 1772 3136 pax
1794 3054 1906 3118 Domini

275 3154 376 3216 etiam
391 3155 484 3218 vobis
504 3175 546 3218 ne
566 3158 665 3231 ieras,
683 3175 773 3231 aves,
791 3175 902 3231 canes,
919 3158 989 3220 sive
1004 3175 1075 3220 ca·
1129 3159 1235 3221 nostri
1248 3161 1329 3221 Jesu
1341 3158 1475 3229 Christi,
1495 3159 1659 3236 qnatenus
1674 3157 1708 3218 et
1721 3155 1776 3218 hic
1788 3155 1910 3216 fructum

275 3253 347 3332 tera
362 3252 552 3330 hujusmodi
570 3257 776 3319 curiositatis
789 3257 948 3318 animalia
964 3272 1077 3335 aquo-
1129 3256 1224 3319 bonae
1239 3256 1380 3320 actionis
1391 3255 1588 3334 percipiant,
1598 3255 1632 3316 et
1642 3253 1730 3331 apud
1745 3251 1908 3314 districtum
1968 3275 1969 3346 q

276 3348 358 3413 libet
375 3352 552 3415 nutrienda
569 3354 640 3416 sive
660 3354 876 3418 custodienda
893 3354 928 3415 in
945 3355 1077 3417 detrae-
1126 3355 1274 3434 judicem
1302 3353 1440 3432 praemia
1473 3353 1606 3416 aeternae
1626 3351 1719 3429 pacis
1746 3347 1907 3414 inveniant.
1968 3353 1969 3444 l

275 3447 399 3511 tionem
411 3451 513 3514 vestri
528 3453 654 3514 ordinis
670 3453 841 3530 suscipere
850 3452 1073 3531 praesumatis.
1129 3456 1246 3514 Amen.
1319 3505 1324 3512 .

318 3550 422 3610 Porro
435 3549 471 3610 ut
491 3551 635 3628 quietius
650 3553 717 3612 Deo
732 3551 861 3612 servire
874 3551 1020 3628 possitis,
1044 3553 1077 3614 et
1171 3552 1239 3626 Ego
1254 3549 1376 3611 Lucius
1392 3549 1565 3612 catholicae
1575 3545 1906 3624 Ecclesiaeepisoopus.

276 3645 529 3709 discurrendis
554 3648 649 3710 vobis
678 3649 862 3712 necessitas
889 3648 1076 3720 auferatur,
1107 3649 1108 3652 ’
1170 3650 1239 3723 Ego
1258 3647 1426 3708 Honorius
1448 3645 1633 3709 Catholicae
1656 3643 1805 3706 ecelesiae
1831 3640 1907 3719 epis-
1968 3653 1969 3732 l

279 3746 435 3822 praesenti
452 3747 575 3824 scripto
595 3748 750 3810 duximus
769 3746 1018 3824 indulgendum,
1042 3746 1077 3808 ut
1132 3761 1246 3824 copus.

279 3842 309 3904 si
324 3844 489 3922 episcopis
499 3845 631 3918 vestriS,
641 3848 699 3908 aut
708 3846 874 3908 malitiose
884 3845 1075 3908 differenti·
1172 3846 1240 3919 Ego
1256 3842 1416 3904 Nicolaus
1432 3841 1638 3904 Tusculanus
1654 3840 1835 3918 episcopus.
1968 3859 1969 3936 q

277 3939 413 4013 bus,vel
427 3959 487 4020 pro
496 3945 588 4022 justo
604 3944 837 4021 impedimento
853 3959 920 4004 non
932 3942 1076 4005 valenti·
1172 3944 1240 4018 Ego
1253 3940 1410 4017 Pelagius
1422 3938 1620 4002 albanensis
1638 3939 1821 4015 episcopus.

277 4037 352 4110 bus,
378 4039 618 4113 ordinationes,
647 4042 679 4102 et
702 4044 823 4102 caetera
849 4040 1077 4102 ecclesiastica
1172 4041 1241 4115 Ego
1256 4037 1363 4100 auido
1380 4039 1559 4099 Praenestae
1575 4036 1761 4114 episcopus.
1968 4103 1969 4118 χ

278 4136 538 4214 mysteriavobis
548 4137 863 4216 conterre,aliquem
872 4139 1075 4216 episcopum,
1173 4139 1241 4213 Ego
1263 4136 1381 4199 Petrus
1396 4137 1429 4196 S.
1446 4135 1662 4196 Pudentianae
1680 4132 1770 4221 tituli
1783 4127 1907 4210 pastoris
1968 4159 1969 4174 .

279 4233 320 4294 de
333 4237 428 4310 cujus
439 4234 647 4297 ordinatione
656 4237 688 4298 et
699 4234 810 4296 oiilcio
818 4235 917 4312 plena
930 4235 974 4297 sit
984 4235 1078 4297 vobis
1133 4234 1308 4313 presbyter
1323 4233 1516 4294 cardinalis.
1968 4309 1969 4312 Ἴ

278 4332 408 4406 notitia,
426 4333 589 4410 hospitem
605 4350 663 4396 vos
684 4334 807 4395 babere
829 4334 1018 4411 contigerit,
1034 4334 1078 4394 li·
1174 4335 1241 4409 Ego
1257 4331 1420 4396 Robertus
1442 4331 1532 4392 tituli
1547 4333 1581 4391 S.
1599 4329 1760 4408 Stephani
1774 4328 1807 4389 in
1823 4322 1904 4386 Coelio
1968 4327 1969 4406 ᾗ

279 4429 395 4493 berum
422 4432 466 4494 sit
489 4431 583 4494 vobis
610 4432 651 4493 ab
670 4447 710 4494 eo
735 4433 768 4493 et
791 4432 1030 4504 ordinationes,
1047 4431 1079 4494 et
1134 4433 1247 4492 monte
1257 4429 1430 4507 presbyter
1444 4428 1636 4491 cardinalis.
1968 4415 1969 4456 ¹

277 4531 399 4602 catera
425 4532 636 4595 sacramenta
657 4530 845 4607 suscipere,
868 4530 946 4591 dum
967 4525 1078 4592 tame'n
1175 4531 1241 4604 Ego
1257 4527 1436 4604 Gregorius
1455 4525 1543 4589 tituli
1567 4529 1600 4588 S·
1625 4523 1905 4598 111616666-
1968 4579 1969 4588 ,

277 4629 467 4692 dioecesano
478 4629 633 4708 episcopo
645 4627 1078 4708 praejudiciumnondebeat
1133 4626 1229 4704 byter
1243 4623 1439 4688 cardinalis.

277 4743 450 4804 generare.
466 4729 633 4790 Praeterea
648 4727 863 4804 postulationi
876 4727 995 4789 vestrae
1011 4726 1081 4787 cle·
1174 4727 1241 4800 Ego
1265 4723 1410 4785 Thomas
1430 4720 1519 4784 tituli
1546 4723 1579 4784 S.
1602 4719 1737 4782 sabinas
1761 4714 1906 4797 presbyter
1968 4743 1969 4780 ;

278 4825 422 4888 mentius
442 4825 595 4887 inclinati
611 4826 766 4903 praesenti
788 4825 911 4904 pagina
924 4825 1079 4887 duximus
1135 4821 1330 4884 cardinalis.
1899 4899 1903 4912 ι

278 4921 505 4994 inhibendum,
543 4939 585 4984 ne
614 4923 687 5000 quis
722 4923 993 5001 archiepiscopus
1027 4922 1079 4984 vel
1175 4921 1243 4995 Ego
1259 4918 1356 4980 Guid.
1374 4919 1407 4978 S.
1426 4915 1559 4978 Nicolai
1574 4916 1609 4978 in-
1629 4930 1765 4977 carcere
1785 4907 1905 4974 Tulliam

278 5020 453 5096 episcopus
464 5025 522 5080 ant
533 5021 827 5092 eorumoiilciales,
841 5021 1081 5084 ecclesiasves·
1135 5016 1296 5078 diaconus
1312 5014 1504 5078 cardinalis.

279 5120 360 5190 tras,
379 5134 440 5180 seu
453 5117 625 5194 regulares
649 5134 810 5195 personas
824 5135 940 5180 earum
955 5119 1080 5196 absque
1176 5118 1244 5191 Ego
1265 5114 1467 5176 Octavianus
1491 5113 1548 5174 SS.
1570 5109 1678 5188 Sergii
1694 5111 1726 5172 et
1741 5105 1835 5170 Baebi
1846 5101 1904 5164 dia·
1968 5179 1969 5182 Ἴ

280 5217 468 5288 manifesta,
485 5218 518 5278 et
539 5215 731 5278 rationabili
746 5232 847 5278 causa
862 5217 1076 5288 interdicere,
1137 5227 1240 5275 conus
1256 5210 1448 5272 cardinalis.
1869 5294 1873 5304 Ι

279 5333 339 5377 seu
350 5315 553 5394 suspendere
567 5317 754 5392 praesumat,
772 5315 830 5376 sed
845 5315 874 5376 si
890 5315 968 5392 quid
984 5314 1018 5374 in
1033 5314 1081 5375 eis
1176 5313 1244 5387 Ego
1258 5309 1446 5386 Raynerius
1458 5309 1490 5368 S.
1501 5305 1616 5368 Mariae
1629 5305 1665 5366 in
1677 5295 1906 5366 cosmedinda·
1968 5321 1969 5390 j

280 5411 633 5492 lueritcorrigendum‚
645 5412 686 5474 ad
698 5412 1082 5488 audientiamgeneralis
1137 5424 1241 5470 conus
1256 5406 1448 5468 cardinalis.
1882 5486 1887 5497 Ι
1968 5471 1969 5474 ¹

280 5510 418 5586 capituli
439 5510 768 5574 Praemonstratensis
792 5509 968 5582 reseratur,
986 5510 1019 5572 et
1036 5509 1081 5570 ibi
1178 5509 1247 5583 Ego
1263 5507 1432 5568 Romanus
1455 5506 1488 5566 S.
1510 5501 1629 5578 Augeli
1649 5500 1802 5563 diaconus
1815 5485 1903 5554 cardi·
1968 5509 1969 5536 u

280 5609 378 5691 prout
388 5609 529 5692 justitiae
542 5607 963 5686 etlronestaticongruerit
974 5622 1084 5670 emen·
1138 5604 1237 5666 nalis.
