3960 6304
46 433 98 494 ’11
664 419 893 483 erasmum.
919 419 995 480 ure.
1021 419 1044 477 r.
1638 431 1677 488 3,

68 591 175 654 sissimo
186 586 216 646 in
227 583 354 646 Christo
369 583 437 644 11116
448 585 561 644 nostro
572 586 590 645 J
595 629 602 644 .
617 583 688 658 regi
703 582 827 658 Anglo-
881 595 947 640 non
962 579 1135 653 desistunt,
1150 581 1264 662 contra
1280 597 1337 642 eos
1352 583 1531 659 potentiam
1546 585 1677 650 brachii

67 705 124 751 rum
143 684 252 746 illustri
272 681 415 743 fideliter
429 680 583 743 assistitis
606 682 639 742 et
653 682 827 758 insepara-
881 677 1041 739 secularis
1073 677 1290 754 providentiae
1316 681 1454 754 vestrae,
1483 683 1512 744 si
1540 701 1678 746 necesse

67 785 155 848 11111161
176 780 364 851 6116616116,
394 778 528 856 propter
560 778 646 855 quod
678 779 825 840 divinam
881 774 990 846 luerit,
1007 775 1190 849 inducatis3
1208 777 1241 837 et
1255 777 1332 852 quia
1346 777 1489 841 barones
1512 779 1551 841 de
1566 782 1675 858 parti-

67 883 181 959 gratiam
203 877 232 940 et
250 877 396 938 savorem
422 877 516 938 Sedis
533 875 732 953 Apostolicae
759 893 825 938 non
880 873 941 932 bus
956 872 1075 934 vestris
1090 875 1338 950 conqueruntur
1363 892 1399 936 se
1423 893 1443 936 a
1466 877 1560 938 vobis
1582 881 1614 940 et
1635 879 1676 940 ab

65 979 200 1042 inmerito
222 976 446 1052 comparastis
472 991 511 1036 ac
532 990 653 1035 nomen
679 975 825 1035 vestrum
881 971 955 1032 aliis
967 971 1117 1049 personis
1128 969 1363 1034 ecclesiasticis
1375 974 1570 1050 quibusdam
1582 979 1676 1039 novis

64 1075 222 1154 reddidistis
236 1075 270 1136 in
285 1061 495 1150 conspectum
514 1073 685 1134 hominum
701 1073 827 1148 glorio-
880 1069 1140 1145 impetitionibus
1153 1069 1299 1131 indebite
1320 1071 1499 1144 molestari,
1519 1073 1678 1136 11616161-

65 1192 135 1249 1616;
156 1173 258 1250 sicque
281 1188 400 1232 auram
415 1171 493 1232 fidei
508 1172 626 1233 vestrae
641 1171 675 1231 in
691 1171 825 1232 fornace
879 1167 939 1228 tati
952 1168 1071 1228 vestrae
1082 1168 1276 1228 mandamus
1287 1168 1322 1229 ut
1332 1168 1373 1229 ab
1384 1170 1531 1246 ipsorum
1542 1172 1676 1234 interim

63 1272 206 1350 probatum
218 1269 341 1331 crebris
352 1269 620 1346 percussionibus
634 1269 669 1330 in
684 1269 825 1330 laminas
880 1265 1108 1327 molestatione
1122 1265 1268 1326 indebita
1281 1266 1458 1328 desistatis.
1476 1270 1594 1330 Datum
1608 1273 1675 1332 La-

63 1367 548 1444 16111166661111611661661,61611
563 1367 710 1429 devehis
726 1381 827 1443 super
879 1363 998 1434 terani,
1012 1377 1072 1423 611
1085 1363 1152 1422 kal.
1167 1363 1321 1436 octobris,
1336 1380 1424 1425 anno
1437 1366 1554 1442 primo.

62 1465 305 1528 constantiaiidei
321 1465 479 1526 memoria
502 1465 713 1542 sempiterna.
738 1467 825 1526 Sane

60 1564 185 1640 permisit
214 1563 371 1624 Dominus
406 1563 520 1624 contra
554 1563 677 1624 dictum
714 1577 825 1638 regern

60 1661 222 1722 scandalum
235 1660 390 1732 suboriri,
403 1661 439 1722 ut
453 1660 691 1723 excludantur*
713 1661 748 1722 bi
769 1677 825 1737 qur

57 1756 165 1834 probati
176 1759 248 1818 sunt
261 1759 412 1832 argento,
429 1755 462 1818 et
483 1757 596 1818 fideles
617 1757 658 1818 ab
680 1757 826 1818 infideli-

57 1852 105 1912 bus
126 1855 346 1925 secernantur,
369 1854 402 1913 et
420 1851 456 1912 111
476 1854 574 1930 justae
598 1852 825 1914 retributionis

56 1949 212 2026 praemium,
233 1948 287 2011 illi
300 1965 379 2012 vero
395 1965 526 2026 poenam
548 1950 666 2012 debitae
682 1950 827 2012 sentiant

57 2047 169 2107 ultionis
184 2045 242 2128 (a).
260 2049 440 2124 Speremus
453 2049 564 2109 autern
580 2048 620 2109 de
635 2049 827 2110 misericor-

57 2143 98 2204 dia
117 2145 304 2218 Couditoris,
322 2145 407 2221 quod
428 2146 457 2206 is
479 2145 535 2223 qui
559 2145 701 2222 imperat
718 2146 826 2208 ventis

56 2241 82 2301 61
92 2242 175 2315 6611,
187 2243 320 2304 tandem
339 2243 504 2320 exsurget,
520 2243 698 2305 multorum
712 2244 825 2322 preci-

55 2337 103 2398 bus
122 2341 292 2412 excitatae,
316 2340 349 2403 et
369 2342 494 2402 statuet
510 2341 690 2417 procellam
711 2341 745 2402 in
765 2357 827 2402 au-

54 2451 121 2508 ram,
134 2437 250 2500 iaciens
270 2439 309 2500 in
328 2439 518 2514 hujusmodi
535 2439 729 2514 tempestate
744 2453 825 2516 pro-

54 2537 174 2596 ventum.
197 2538 281 2596 Cum
305 2537 393 2598 enim
419 2536 597 2613 tempestas
621 2537 686 2598 ista
712 2537 826 2598 666116

54 2633 220 2695 Romanam
231 2634 416 2696 Ecclesiam
429 2633 659 2712 principaliter
670 2634 714 2695 sit
728 2649 828 2694 enor-

53 2730 87 2800 11,
108 2729 305 2792 invalescere
328 2747 395 2793 non
419 2731 540 2808 poterit
563 2730 687 2792 diutius
711 2733 826 2793 contra
880 2769 933 2828 Aa
944 2767 1043 2828 abba,

52 2825 150 2901 ipsam,
172 2829 332 2892 adversus
356 2844 454 2907 quam
481 2845 546 2890 non
567 2829 704 2906 possunt
723 2832 825 2906 portae

52 2922 133 2985 interi
146 2927 338 3002 praevalere.

83 3022 155 3092 Quia
174 3040 264 3098 1616,
287 3025 387 3103 juxta
409 3025 636 3088 testimonium
656 3024 824 3098 Veritatis,

50 3123 320 3192 perseverantibus
342 3123 377 3183 in
401 3123 499 3185 linem
526 3138 648 3184 corona
677 3122 824 3196 debetur,

51 3215 277 3282 universitatem
302 3221 449 3282 vestram
468 3221 650 3297 rogandam
672 3219 827 3281 duximus

920 1526 1126 1584 Irrczoradeoe
1136 1525 1355 1597 feneratorium
1367 1524 1533 1585 universis
1545 1525 1679 1588 baroni·

816 1661 823 1674 .
879 1620 940 1681 bus
964 1621 997 1682 et
1020 1620 1171 1681 fidelibus
1197 1621 1339 1682 illustris
1363 1623 1452 1698 regis
1474 1623 1602 1700 Angliae
1618 1639 1677 1701 per

880 1719 1063 1779 Pictaviam
1078 1720 1111 1779 61
1125 1718 1337 1780 Wasconiam
1353 1720 1551 1794 constitutis,
1570 1737 1677 1796 1166116

881 1815 1049 1892 expedire.
1063 1819 1193 1877 Deinde
1206 1838 1212 1876 :
1227 1816 1266 1877 Et
1279 1817 1412 1893 quidam
1425 1834 1466 1878 eu
1475 1819 1568 1880 vobis
1582 1837 1676 1881 suam

880 1912 921 1974 ad
943 1929 1003 1974 nos
1023 1913 1191 1990 qurerelam
1209 1914 1427 1987 destinarunt,
1445 1915 1530 1992 quod
1545 1918 1676 1993 praelati

784 2031 786 2038 ·
880 2011 920 2072 de
939 2011 1088 2088 partibus
1110 2011 1229 2073 vestris
1253 2011 1343 2088 ipsos
1363 2011 1559 2089 quibusdam
1581 2017 1676 2077 novis

880 2109 1140 2186 impetitionibus
1155 2108 1331 2170 molestare
1344 2110 1504 2183 nituntur,
1517 2113 1677 2176 noveritis

880 2221 940 2267 nos
955 2207 1037 2284 ipsis
1052 2206 1175 2268 nostris
1189 2207 1320 2268 dedisse
1332 2207 1451 2269 litteris
1464 2209 1498 2269 in
1512 2211 1677 2272 mandatis

881 2303 917 2365 ut
933 2303 974 2365 ab
991 2303 1140 2380 ipsorum
1161 2304 1294 2366 interim
1317 2306 1546 2368 molestatione
1565 2308 1675 2369 desis·

881 2402 963 2462 tant.

1215 2579 1342 2667 XXIV

1044 2781 1099 2827 cm
1121 2768 1156 2828 et
1175 2770 1316 2829 clericos
1336 2749 1473 2830 Sarrctae
1493 2769 1620 2831 11161116
1636 2773 1677 2832 de

1087 2868 1245 2926 Fla-natae
1255 2868 1296 2926 de
1308 2867 1466 2928 ceccano.

1177 2979 1299 3051 1966111.
1317 2980 1396 3036 1116.

882 3095 976 3156 [Perta
996 3093 1108 3144 Annales
1120 3093 1293 3144 Caccanenses.
1312 3095 1477 3146 1166666616
1493 3094 1677 3148 (1661161666

1164 3179 1182 3223 t.
1195 3173 1379 3240 11111661]

50 3313 76 3372 et
90 3319 287 3392 monendam,
305 3333 366 3397 per
379 3319 568 3395 11081011Οῖι
582 3317 705 3395 scripta
727 3334 825 3380 man.
881 3299 1039 3357 Ecclesiam
1059 3299 1086 3356 S.
1103 3299 1201 3358 llariee
1214 3297 1250 3356 de
1265 3299 1394 3358 Flumine
1411 3297 1446 3357 de
1464 3301 1593 3360 Ceceeno
1608 3315 1675 3359 oum

53 3408 151 3473 dantes
165 3418 340 3494 quatenus,
352 3416 388 3476 in
398 3416 572 3478 devotione
582 3416 826 3493 sedisaposto-

47 3503 107 3569 licae
120 3513 150 3572 et
162 3511 323 3577 fidelitate
338 3514 431 3590 regia
453 3513 678 3590 persistentes
701 3513 786 3592 quod
807 3529 826 3575 a

47 3603 124 3667 vobis
147 3609 362 3674 laudabiliter
386 3611 528 3688 coeptum
552 3613 603 3674 est
626 3611 826 3674 laudabilius

46 3701 201 3780 impleatis,
214 3710 248 3773 et
263 3709 350 3772 detis
366 3709 510 3770 studium
524 3709 556 3770 et
570 3725 705 3788 operam
718 3709 828 3772 eldea·

47 3813 113 3874 cem,
128 3804 277 3868 fidelibus
298 3808 391 3882 regis
412 3806 691 3868 inremissionem
708 3823 828 3886 pecca-

45 3899 152 3962 minum
178 3905 412 3983 injungentes,
442 3903 478 3966 ut
508 3904 573 3982 ipsi
603 3903 638 3966 in
673 3906 826 3984 angliam

45 4005 211 4076 properent,
226 4003 339 4064 eidem
358 4001 522 4064 auxilium
536 4002 678 4064 viriliter
692 4003 825 4081 impen-

46 4095 111 4167 suri,
131 4101 225 4175 prout
246 4101 436 4163 defensioni
457 4115 528 4161 6616
548 4101 698 4162 videritis
723 4117 827 4179 expe-

47 4188 126 4269 dire3
149 4199 264 4261 contra
300 4215 399 4276 quern
424 4199 458 4260 et
488 4213 565 4259 suos
594 4199 624 4258 si
650 4199 707 4277 qui
732 4215 825 4262 arma

45 4302 157 4355 novere
175 4297 453 4373 praesumpserint
471 4295 506 4356 in
528 4296 677 4374 partibus
699 4298 824 4358 cisma-

44 4384 130 4462 rinis,
157 4407 230 4454 oum
263 4393 384 4456 sancta
414 4393 598 4455 universali
626 4394 752 4470 synodo
783 4395 826 4457 611

44 4481 180 4550 statutum
195 4492 232 4553 ut
246 4491 283 4552 in
303 4493 370 4553 toto
386 4491 464 4553 orbe
488 4491 682 4561 christiano,
708 4492 825 4554 saltem

43 4591 90 4651 der
107 4587 375 4661 quadriennium,
396 4605 463 4666 pax
483 4589 684 4665 generaliter
706 4588 824 4652 obser-

42 4678 129 4740 vetur.
152 4684 186 4744 Si
208 4685 332 4747 moniti
353 4701 486 4762 parvos
502 4685 543 4746 ad
558 4702 673 4763 pacem
694 4687 826 4764 plenam

43 4773 88 4835 aut
110 4777 234 4844 drmam
261 4783 417 4858 treugam
441 4782 680 4844 inviolabiliter
706 4783 824 4846 obser·

42 4874 163 4938 vendam
192 4881 413 4957 acquiescere
442 4880 525 4942 forte
554 4881 823 4958 contempserint,

42 4981 88 5040 111
100 4979 479 5041 excommunicationem
493 4979 529 5040 in
543 4995 704 5055 personas
721 4979 753 5041 et
768 4981 825 5040 16-

43 5065 823 5154 1661161166161611666161166111166661611661611

42 5164 97 5226 etsi
111 5185 287 5235 censuram
304 5173 565 5236 ecclesiasticam
577 5174 824 5251 vilipenderint,

42 5267 652 5349 6661666161161161161616666116111
661 5273 824 5345 crucifixi,

41 5361 662 5445 llllpraelatumregemcrucesignatum
670 5372 826 5449 persequi

68 5545 103 5614 ’1.
115 5554 331 5612 examinentur.

69 5614 206 5700 (6111666
233 5626 320 5692 lale,
346 5624 501 5683 baronibus
521 5625 658 5687 adversus
684 5628 825 5684 loannem

40 5681 135 5764 1611116
157 5709 260 5768 regem
286 5698 381 5754 acrius
402 5695 618 5763 rebellantibus,
634 5703 663 5753 61
682 5697 737 5752 1616
758 5711 825 5753 6616

40 5759 201 5835 66161616,
225 5765 408 5836 Ludovicus,
431 5767 509 5840 regis
533 5765 654 5838 Philippi
680 5765 764 5836 111166,
797 5765 825 5822 16

210 5933 426 5980 1116661666
447 5923 483 5979 11.

1013 3386 1147 3444 6616111116
1159 3386 1243 3444 bonis
1256 3387 1391 3444 tuendam
1404 3389 1533 3461 suscipit.

921 3513 1099 3584 Honorius,
1125 3512 1205 3584 etc,
1230 3512 1360 3574 dilectis
1387 3513 1522 3576 11111661
1547 3514 1678 3575 clericis

883 3611 1012 3673 Sanctae
1029 3610 1145 3672 Mariae
1165 3610 1205 3670 de
1224 3609 1375 3672 Flumine
1393 3611 1433 3672 de
1453 3613 1601 3672 Geccano
1618 3628 1677 3672 sa-

881 3710 993 3771 lutem.

920 3806 1024 3869 Justis
1041 3805 1233 3883 petentium,
1251 3805 1327 3878 etc,
1343 3821 1450 3881 aeque
1467 3806 1676 3884 suscipimus.

882 3903 1078 3982 Specialiter
1091 3904 1202 3966 autem
1216 3903 1329 3967 Sancti
1345 3903 1504 3982 Stephani
1516 3903 1549 3966 et
1566 3904 1679 3966 Sancti

881 4002 1006 4074 Quirici
1020 4002 1179 4064 ecclesias
1192 4018 1266 4064 cum
1275 4001 1427 4064 omnihus
1437 4002 1634 4065 tenementis
1646 4004 1680 4066 et

880 4100 1089 4179 pertinentiis
1107 4100 1187 4173 suis,
1209 4100 1365 4162 forestam
1383 4101 1481 4177 Juxta
1501 4100 1677 4162 ecclesiam

882 4199 994 4261 Sancti
1008 4197 1166 4276 Stephani
1177 4200 1210 4259 et
1221 4199 1262 4259 de
1277 4198 1383 4275 capite
1393 4198 1502 4275 pontis
1513 4198 1553 4259 de
1566 4198 1673 4276 prato,

881 4297 913 4359 et
926 4298 967 4357 de
976 4297 1076 4358 tineis
1093 4295 1291 4367 molendina,
1304 4297 1430 4367 vineas,
1442 4295 1579 4368 reditus,
1593 4296 1678 4357 deci·

880 4410 962 4466 mas,
979 4392 1173 4466 oblationes,
1190 4392 1352 4465 homines,
1369 4391 1495 4466 hortos,
1517 4393 1678 4454 cannabi·

880 4505 952 4563 nas,
967 4492 999 4552 et
1010 4490 1239 4569 possessiones
1253 4489 1338 4551 alias
1353 4489 1394 4550 ad
1408 4483 1553 4551 vestram
1568 4490 1677 4552 eccle·

881 4589 965 4650 siam
982 4587 1196 4665 pertinentes,
1221 4588 1306 4648 sicut
1331 4603 1371 4648 ea
1395 4587 1506 4647 omnia
1528 4586 1617 4664 juste
1639 4601 1678 4648 ac

880 4685 1018 4764 pacifice
1040 4685 1227 4763 possidetis,
1247 4683 1342 4746 robis
1364 4685 1396 4745 et
1413 4699 1474 4762 per
1494 4699 1553 4746 vos
1570 4683 1677 4745 eidem

881 4783 1032 4846 eeclesiae
1059 4782 1256 4844 auctoritate
1281 4780 1470 4858 apostolica
1495 4781 1676 4843 confirma-

881 4898 964 4954 mus,
977 4881 1010 4942 et
1022 4879 1196 4958 praesentis
1207 4878 1322 4955 scripti
1337 4879 1521 4956 patrocinio
1534 4895 1678 4942 commu-

881 4980 1000 5040 nimus.
1027 4977 1211 5038 libertates
1239 4975 1423 5052 quoquest
1451 4976 1676 5040 immunitates

881 5092 1010 5138 necnon
1024 5075 1057 5137 et
1071 5073 1297 5150 exemptiones
1310 5072 1509 5136 secularium
1527 5076 1676 5137 exectio-
1710 5071 1713 5076 ’

882 5191 961 5236 6616
982 5189 1002 5234 6
1024 5171 1143 5233 dilecto
1163 5170 1231 5232 lilio
1248 5170 1352 5231 nobili
1373 5170 1445 5233 viro
1461 5171 1613 5233 iohanne
1634 5171 1675 5233 de

881 5275 1028 5333 Geccano
1044 5271 1111 5331 tarn
1126 5269 1180 5346 pie
1194 5284 1291 5346 quam
1307 5268 1443 5346 provide
1460 5268 1553 5330 vobis
1570 5268 1602 5331 et
1618 5284 1675 5330 eo-

881 5368 992 5430 clesiae
1003 5367 1123 5428 vestrae
1139 5381 1326 5439 concessas,
1339 5365 1425 5428 sicut
1437 5366 1471 5426 in
1484 5366 1674 5428 authentico

880 5553 1013 5626 Angliam
1027 5551 1171 5634 praemisit,
1184 5565 1283 5608 mense
1295 5547 1459 5622 septembri,
1471 5551 1571 5632 septem
1580 5549 1675 5606 millia

880 5619 1674 5766 11111111111,1111111111111111»11ο

1432 5909 1459 5966 2.
