3996 6326
102 391 161 454 229

100 555 186 614 Cum
198 553 249 613 sot
259 550 376 614 cutem
390 551 610 624 mmibutsset
624 565 743 615 omncs
753 553 812 628 put
825 556 892 615 bc-

100 650 220 711 bcbnnt
233 649 393 721 infirmos
411 651 523 712 cortis
536 636 769 726 tenerioribus,
785 652 892 712 duce-

101 748 180 809 bant
193 750 267 809 itlcs
281 749 325 808 cd
338 750 467 808 tesam.
484 748 529 810 At
541 750 594 810 tlte
608 751 752 825 megalis
768 764 893 810 manus

99 847 277 920 imponens
290 845 671 920 curcbcteostbuc.1v,
693 843 760 925 40).
781 847 891 908 Sana·

98 942 154 1005 bat
170 942 272 1005 etiam
286 943 427 1015 animas,
445 943 532 1006 sicut
550 942 673 1020 legitur
688 943 724 1005 in
740 947 893 1022 Evange-

99 1041 159 1102 lio:
170 1044 273 1103 iesus
286 1042 532 1104 cntemctdees
542 1043 647 1115 tidem
655 1046 792 1106 iterum
801 1043 891 1104 dieti

97 1139 404 1213 percepissemus,
425 1140 650 1202 dimittentur
671 1140 739 1214 ttbt
750 1141 891 1216 peccato

99 1237 158 1296 tna
180 1233 311 1314 (Mattb.
335 1251 382 1309 rx,
408 1235 458 1316 5).
488 1238 626 1300 sanavit
645 1239 756 1300 autem
780 1238 890 1300 omnia

98 1333 245 1394 membra
277 1335 428 1412 corporis
452 1335 575 1404 nostri,
597 1336 684 1398 sicut
706 1336 828 1413 legitur
854 1337 890 1398 in

98 1431 289 1508 scripturis,
307 1432 347 1493 de
362 1432 480 1510 quibus
493 1449 559 1494 nen
573 1434 623 1494 est
639 1433 814 1496 dicendum
831 1450 891 1512 per

97 1529 241 1604 singula,
267 1545 309 1592 ne
335 1537 444 1594 sermo
467 1531 619 1609 prolixus
640 1533 778 1608 generet
795 1531 892 1596 iasti-

95 1626 200 1688 dium.

133 1723 366 1788 Misericordia
378 1727 629 1790 commendatur
648 1728 782 1806 inipso,
800 1727 888 1806 quia,

96 1839 170 1884 cnm
192 1822 265 1885 baec
283 1825 509 1901 praemisisset,
536 1825 649 1889 intulit
671 1825 785 1889 dicens
799 1848 808 1888 ι
823 1831 892 1890 Re-

94 1921 285 1982 mittentur
307 1925 340 1984 ct
355 1924 500 1998 peccata
517 1925 636 1997 multa,
655 1928 820 1999 pacatam
837 1928 892 1986 dt-

94 2018 181 2080 tecrit
193 2019 351 2082 multem.
364 2023 426 2082 Cet
435 2021 553 2084 cutem
561 2023 888 2094 micus'dtmtttttnr‚

94 2119 211 2178 minus
222 2117 343 2194 dittgit.
355 2119 395 2179 Et
406 2118 491 2181 dixit
500 2120 541 2182 ad
555 2129 646 2182 eam:
662 2121 891 2182 remittuntur

95 2213 154 2274 tibi
165 2215 318 2288 peccata.
329 2216 375 2278 nt
385 2219 563 2291 coeperunt
572 2221 630 2292 pei
642 2222 745 2280 simul
753 2233 892 2282 occurr-

92 2311 216 2372 bebant
237 2315 352 2374 dicere
380 2315 477 2376 tetra
499 2329 562 2377 se:
589 2318 648 2390 qut
672 2316 724 2378 cst
750 2319 806 2378 tite
832 2319 891 2391 put

94 2409 203 2470 ettam
215 2411 357 2484 peccata
369 2412 536 2474 dimitttti
551 2413 744 2489 intelligunt
765 2415 889 2476 remis-

94 2505 222 2567 sionem
248 2507 375 2584 peccati
393 2524 476 2586 opus
498 2525 571 2572 esse
599 2511 703 2572 solius
728 2511 809 2587 Dei;
832 2511 890 2573 sed

94 2603 173 2679 quia
187 2618 255 2666 non
267 2604 446 2668 credebant
458 2610 571 2669 lesem
584 2624 657 2670 esse
670 2610 785 2682 Deum,
797 2627 891 2672 mur-

94 2702 256 2764 murando
279 2703 434 2766 dicebant
450 2726 457 2765 :
472 2707 536 2772 Qut
556 2707 608 2768 cst
627 2709 683 2768 lite
703 2710 763 2781 put
784 2709 890 2770 ettam

91 2801 233 2873 peccata
257 2801 423 2864 dtmtittti
451 2803 556 2876 Certe,
584 2804 641 2882 qui
667 2804 801 2866 mulieri
827 2805 890 2868 tuit

93 2897 175 2958 odor
200 2897 278 2959 ritae
300 2898 335 2959 in
360 2899 474 2972 vitam,
501 2900 607 2965 iactus
635 2902 686 2964 est
706 2902 781 2964 istis
808 2902 891 2965 odor

93 2994 259 3056 mortisia
274 2997 424 3071 mortem,
448 3000 481 3060 et
500 2999 588 3061 unde
611 2999 670 3061 illa
692 3001 888 3063 misericor-

91 3091 179 3153 diter
198 3094 391 3168 sanabatur,
413 3095 470 3158 isti
485 3097 721 3160 miserabiliter
741 3100 888 3176 aegrota-

92 3189 181 3253 bant.
199 3192 351 3255 Potestas
371 3195 620 3258 commendatur
633 3196 671 3257 in
688 3197 787 3274 ipso;
812 3199 889 3276 quia

92 3303 166 3350 cum
186 3291 363 3368 coepissent
377 3293 435 3370 qui
453 3293 552 3356 simul
571 3293 820 3368 accumbebant,
837 3296 890 3357 di·

90 3402 167 3448 cere
189 3388 277 3450 iutra
296 3405 333 3451 se
352 3411 359 3451 :
376 3393 440 3458 out
458 3391 511 3454 est
527 3395 582 3454 btc
599 3397 659 3467 pos
678 3393 786 3456 ettam
804 3410 888 3469 pec-

43 3485 45 3488 ’
89 3486 169 3548 eata
183 3487 344 3550 nsmrttrtr
359 3489 446 3552 dixit
456 3489 498 3550 ad
510 3490 684 3552 mulierem
694 3513 701 3552 :
711 3495 814 3554 Fides
828 3493 889 3554 tam

90 3582 123 3644 te
136 3589 272 3646 salvom
288 3587 382 3661 tecit,
403 3591 489 3650 code
512 3591 550 3650 tn
567 3604 655 3662 pecc
670 3587 764 3668 (Luc.
789 3605 885 3663 reru,

89 3679 151 3752 42).
180 3680 280 3744 Prius
302 3682 434 3746 dixerat
461 3685 548 3762 quod
570 3685 708 3748 dimissa
734 3687 830 3751 erant
855 3688 888 3749 ei

89 3779 228 3854 peccata
253 3781 367 3854 multa,
400 3784 557 3861 quoniam
583 3785 701 3848 dilexit
733 3785 884 3848 multum.

89 3877 118 3937 N
120 3892 189 3938 unc
203 3879 314 3940 autem
334 3880 415 3942 dicit
435 3901 443 3940 ε
468 3883 555 3956 tides
570 3882 630 3944 tuo
643 3883 677 3943 te
689 3887 822 3944 salvem
835 3886 888 3958 fc-

88 3976 144 4049 ctt,
163 3976 243 4053 quia
261 3977 419 4040 nimirum
434 3979 497 4041 hcc
511 3979 635 4042 fecerat
646 3979 705 4042 illa
719 3981 801 4042 tides
814 3998 887 4060 quae

89 4073 375 4148 perdilectionem
389 4076 556 4154 operatur,
577 4093 638 4155 per
649 4094 747 4156 quam
758 4080 885 4156 justiti-

89 4171 186 4232 cetur
199 4173 364 4248 peccator,
385 4174 526 4236 credens
541 4174 576 4235 in
590 4176 807 4239 mediatorem
826 4179 885 4239 Dei

88 4269 121 4329 et
134 4269 309 4332 bominem
320 4272 339 4333 J
341 4287 435 4334 esum
449 4273 628 4335 Christum.
650 4277 749 4348 Vade,
764 4275 883 4353 lnquit,

87 4367 124 4426 tn
141 4381 241 4442 poce,
262 4369 342 4446 quia
355 4369 496 4433 liberata
518 4386 554 4433 es
575 4370 617 4432 ab
634 4371 787 4434 interiori
804 4389 886 4435 con-

88 4463 275 4544 dictuque
298 4483 394 4530 mens
410 4469 626 4546 torquebatur
644 4471 779 4532 conscia
802 4487 883 4548 pec-

88 4564 249 4637 catorum
267 4566 426 4642 quianon
440 4567 617 4644 estimpiis
632 4567 788 4644 gaudere,
803 4567 886 4632 dicit

87 4661 259 4734 Dominus,
280 4679 341 4727 nec
362 4664 414 4760 est
426 4681 493 4742 par
507 4665 638 4728 ossibus
656 4681 676 4726 a
697 4665 781 4728 lacie
801 4682 883 4742 pec-

88 4759 248 4832 caterum,
263 4761 319 4822 sed
330 4777 390 4839 per
404 4763 478 4840 que
488 4763 604 4840 peccat
614 4763 725 4836 bomo,
739 4776 799 4842 per
813 4764 884 4827 baec

88 4856 120 4916 et
138 4857 332 4936 torquetnr3
349 4860 383 4922 et
402 4859 476 4922 ideo
497 4877 540 4922 ne
563 4861 726 4924 relabaris
743 4862 884 4926 ulterius

88 4950 122 5012 in
142 4957 326 5031 peccatine.
350 4961 400 5019 Tu
421 4973 501 5036 ergo
524 4959 694 5036 peccatrix
711 4961 834 5034 anima,
854 4963 884 5023 si

87 5052 290 5116 sanctificari
305 5055 486 5130 desideras,
501 5057 653 5135 exemplo
668 5058 769 5138 hujus
785 5075 885 5121 sane-

87 5147 225 5214 iissimae
255 5155 451 5230 peccatricis
484 5155 526 5218 ad
552 5156 720 5218 Christum
750 5157 881 5230 accede,

88 5248 246 5328 stansque
258 5252 350 5314 retro
370 5267 466 5314 secus
487 5253 587 5331 pedes
599 5255 882 5334 ipsius'lacrymis

88 5345 230 5421 rigaecs
240 5347 282 5413 'et
294 5348 390 5427 terge
406 5352 548 5435 capillis,
571 5351 727 5414 osculans
746 5353 836 5430 ipsos
851 5355 884 5416 et

87 5458 224 5519 ungens,
253 5449 289 5509 ut
313 5449 475 5510 merearis
500 5450 641 5512 andire:
663 5450 828 5526 pidesttcc
851 5453 883 5514 te

86 5547 221 5606 salvem
233 5546 325 5619 secti,
344 5549 430 5610 cade
444 5550 590 5624 topace.

536 391 606 451 XX.
622 391 722 452 -IN
745 391 875 452 FESTO
899 391 1047 452 SANCTI
1069 390 1310 453 LAURENTII.

1027 776 1072 837 us
1094 763 1223 836 eesro
1246 771 1394 838 ssucrr
1417 777 1657 839 nsueermrr.

985 945 1159 1018 Prcbcstt,
1183 949 1341 1016 Deletae,
1364 961 1425 1008 cor
1443 962 1570 1021 nerum,
1596 950 1630 1012 et
1653 952 1741 1012 cist-

946 1041 1030 1102 tusti
1043 1042 1151 1102 tacete.
1167 1045 1251 1118 Igne
1263 1055 1319 1103 rte
1333 1044 1600 1115 correctoriam
1612 1045 1744 1106 nonest

945 1141 1087 1202 tacente
1100 1141 1138 1200 tn
1151 1155 1206 1202 me
1220 1140 1388 1214 inmeritos
1404 1138 1473 1220 (Pe.
1491 1141 1539 1213 16,
1555 1140 1602 1220 3).

986 1238 1023 1297 ln
1048 1235 1227 1300 festivitate
1253 1238 1352 1314 hujns
1383 1237 1521 1313 gloriosi
1548 1238 1580 1300 et
1606 1241 1743 1316 pretiosi

945 1334 1101 1412 martyris
1124 1334 1213 1396 beati
1236 1335 1409 1396 Laurentii
1431 1336 1566 1412 dignum
1588 1337 1639 1398 est
1661 1337 1742 1398 illud

945 1433 1173 1510 propheticum
1196 1432 1291 1494 nobis
1315 1449 1491 1496 occurrere
1512 1433 1648 1511 quodie
1670 1437 1742 1511 ejus

946 1529 1099 1592 laudibus
1109 1531 1142 1592 et
1155 1529 1346 1603 festivitate,
1364 1531 1425 1592 sub
1439 1531 1587 1608 ejusdem
1602 1547 1743 1609 persono

946 1629 1271 1691 consuevitilcclesia
1281 1629 1417 1690 cantare
1428 1629 1740 1702 dicenszProbosii,

945 1729 1101 1799 Deletae,
1121 1741 1347 1789 cormeum...
1364 1726 1483 1788 Tribus
1498 1727 1605 1788 modis
1624 1727 1745 1804 probat

945 1825 1033 1886 Deus
1046 1824 1147 1886 corda
1163 1824 1343 1902 justorum,
1364 1823 1542 1887 videlicet:
1559 1824 1740 1900 beneficiis,

945 1921 1088 1998 flagellis
1098 1923 1132 1984 et
1141 1921 1295 1984 laudibus
1310 1922 1466 2000 propriis.
1480 1923 1656 1984 Beneficiis
1671 1941 1744 2000 pro-

945 2019 1011 2092 bat,
1039 2020 1171 2098 quando
1200 2020 1388 2098 permulta
1413 2019 1499 2082 dona
1526 2023 1559 2082 et
1581 2019 1743 2082 beneficia

945 2118 1064 2195 quibus
1094 2119 1204 2196 iustos
1231 2117 1432 2194 magnificat,
1464 2118 1670 2180 demonstrat
1694 2119 1743 2180 eis

945 2215 1103 2292 quantum
1119 2231 1177 2278 eos
1192 2217 1291 2288 amat,
1309 2216 1396 2276 sicut
1408 2214 1487 2278 lecit
1499 2216 1664 2292 quondam
1681 2233 1745 2294 po-

945 2312 1022 2388 pulo
1037 2312 1152 2385 Israel,
1170 2329 1267 2390 quem
1290 2312 1329 2373 de
1351 2315 1495 2390 AEgypto
1511 2313 1680 2388 liberavit;
1709 2314 1742 2374 in

945 2409 1076 2472 deserto
1094 2411 1199 2472 rauba
1222 2410 1384 2471 beneficia
1405 2410 1564 2484 contulit3
1594 2411 1628 2470 in
1651 2412 1742 2472 terra

944 2507 1212 2584 repromissionis
1241 2506 1379 2568 delicias
1406 2507 1627 2583 ministravit3
1656 2508 1742 2570 unde

944 2605 1103 2668 Dominus
1126 2603 1273 2682 loquitur
1287 2619 1346 2682 per
1361 2605 1572 2668 Psalmistam
1589 2626 1596 2666 ε
1617 2609 1661 2667 In
1676 2607 1744 2667 tri-

945 2705 1113 2766 bulatione
1132 2703 1301 2764 invoco-stt
1323 2718 1389 2775 me,
1414 2703 1448 2764 ct
1469 2706 1613 2766 ttbercot
1637 2704 1681 2776 te,
1708 2705 1742 2766 ct

944 2804 1110 2864 emaudtot
1124 2803 1157 2864 te
1166 2804 1203 2863 tr
1216 2801 1411 2864 abscondito
1424 2801 1649 2876 tempestatis,
1664 2819 1744 2876 prc-

945 2901 1022 2962 bact
1045 2900 1078 2961 te
1101 2902 1145 2960 cd
1170 2915 1281 2973 opens
1298 2897 1581 2962 contradicitortts
1596 2897 1665 2979 (Ps.
1689 2903 1740 2972 80,

943 2993 993 3076 8).
1019 2995 1292 3060 lutribulatione
1315 2997 1484 3059 invocavit
1506 2999 1682 3059 Dominum
1704 2999 1739 3060 in

943 3095 1098 3172 egypto,
1116 3095 1149 3156 ct
1168 3081 1329 3156 liberatus
1344 3097 1395 3156 est
1416 3095 1520 3156 Israel
1538 3095 1574 3156 in
1596 3095 1738 3158 deserte.

944 3191 1107 3256 Probatus
1148 3194 1199 3256 est
1233 3192 1275 3254 ed
1314 3208 1419 3270 aquas
1449 3193 1738 3268 contradictionis,

944 3291 1075 3368 quando
1095 3290 1283 3354 sitientibus
1306 3293 1339 3354 ct
1361 3291 1524 3353 adversus
1545 3307 1621 3353 eum
1643 3309 1739 3354 mur-

943 3388 1151 3452 murantibus
1171 3389 1261 3452 dedit
1283 3404 1404 3468 aqrram
1426 3389 1469 3451 de
1487 3391 1594 3468 petra.
1618 3390 1741 3455 Probat

943 3488 1085 3564 flagellis
1103 3487 1248 3566 quinque
1267 3487 1447 3550 decausis.
1469 3488 1632 3564 Flagellat
1652 3490 1740 3551 Deus

943 3600 1075 3649 servum
1093 3603 1189 3648 suum
1208 3601 1306 3664 quem
1325 3585 1445 3662 diligit,
1467 3588 1504 3648 ut
1517 3602 1592 3648 eum
1612 3585 1653 3648 ab
1668 3587 1738 3648 ini-

943 3685 1067 3762 quitate
1082 3683 1237 3760 corrigat,
1261 3684 1298 3745 ut
1316 3683 1358 3744 de
1378 3682 1500 3744 collata
1526 3684 1648 3746 virtute
1672 3701 1738 3746 non

942 3781 1122 3859 superbiat,
1139 3784 1175 3842 ut
1189 3781 1294 3842 virtus
1316 3779 1461 3840 bominis
1478 3779 1672 3844 verberibus
1685 3782 1740 3844 in·
1820 3794 1821 3797 ’

942 3878 1090 3942 notescat
1099 3879 1133 3939 et
1142 3877 1282 3940 crescat.
1296 3877 1454 3952 Flagellis
1464 3877 1592 3954 probat,
1606 3880 1736 3956 quando

942 3976 1100 4040 conviciis
1115 3976 1148 4038 et
1158 3974 1443 4052 persecutionibus
1458 3975 1649 4054 iniquorum
1662 3994 1738 4055 pur-

940 4074 998 4152 gat
1006 4077 1115 4153 justos
1127 4089 1148 4136 a
1162 4073 1317 4151 peccatis,
1335 4073 1422 4135 sicut
1432 4075 1605 4150 argentum
1618 4093 1737 4153 purga·

940 4174 996 4236 tur
1019 4172 1056 4234 in
1083 4172 1228 4234 fornace.
1262 4171 1357 4234 Unde
1388 4170 1505 4234 beatus
1533 4175 1733 4250 Gregorius:

940 4283 965 4332 a·
980 4271 1203 4343 Quorumdam
1226 4269 1398 4332 hominum
1422 4271 1549 4332 mentes
1577 4271 1651 4348 plus
1673 4271 1737 4334 ila·

939 4366 1027 4444 gella
1042 4383 1140 4446 quam
1160 4365 1316 4428 convicia
1328 4365 1490 4439 cruciant,
1517 4369 1735 4444 quorumdam

940 4481 1018 4528 vero
1029 4465 1102 4542 plus
1113 4464 1265 4527 convicia
1273 4479 1377 4541 ’quam
1385 4464 1518 4540 flagella
1527 4465 1735 4542 castigant»

939 4563 1085 4641 Flagello
1101 4563 1212 4624 autem
1225 4561 1311 4639 quod
1324 4561 1446 4639 infligit
1459 4565 1546 4624 Deus
1561 4579 1628 4626 non
1643 4565 1735 4628 deest

939 4661 1179 4726 misericordia.
1200 4660 1293 4723 Unde
1314 4659 1349 4722 in
1371 4660 1626 4722 Ecclesiastico:
1650 4666 1736 4738 Spe-

938 4765 1032 4824 ciosa
1050 4761 1291 4822 misericordie
1309 4760 1374 4820 Dei
1387 4761 1425 4818 tn
1446 4758 1599 4832 tempere
1622 4761 1735 4823 tribu-

938 4861 1086 4930 lationis,
1101 4856 1192 4920 sicut
1203 4859 1310 4917 eudes
1318 4855 1409 4930 ptuit
1423 4859 1459 4916 tn
1470 4856 1625 4931 tempore
1635 4861 1738 4922 sicci-

939 4958 1023 5020 tatis
1047 4955 1150 5036 (licei.
1183 4969 1263 5026 xxv,
1292 4951 1359 5032 36).
1388 4955 1531 5030 Tempus
1560 4955 1732 5033 siccitatis,

939 5056 1034 5128 idest,
1052 5057 1181 5130 tempus
1199 5050 1424 5114 tribulationis
1443 5050 1507 5115 luit
1526 5051 1623 5116 beato
1647 5058 1736 5118 Lau-

938 5155 1059 5226 rentio,
1075 5150 1208 5230 quande
1227 5150 1261 5212 in
1275 5151 1455 5227 conspectu
1478 5147 1578 5213 Decii
1592 5151 1656 5217 fuit
1674 5169 1736 5218 ex-

938 5251 1083 5330 poliatus
1100 5253 1136 5313 et
1157 5248 1357 5326 flagellatus,
1381 5249 1655 5325 supereraticula
1675 5268 1736 5329 po-

938 5350 1022 5412 situs
1044 5349 1077 5413 et
1091 5349 1168 5425 igne
1189 5345 1390 5410 combustus.
1409 5345 1472 5408 Sed
1496 5348 1583 5408 Dens
1599 5347 1689 5411 dedit
1703 5352 1735 5412 ei

938 5447 1058 5509 nubem
1086 5447 1219 5525 pluvie,
1242 5444 1338 5516 idest,
1361 5443 1572 5520 refrigerium
1593 5433 1742 5510 internae

938 5546 1066 5623 gratiae,
1081 5546 1118 5607 in
1135 5545 1263 5608 tantum
1288 5542 1373 5620 quod
1390 5541 1479 5618 ignis
1492 5545 1566 5604 erat
1579 5543 1611 5606 ei
1630 5546 1733 5608 refri-

938 5645 1078 5722 geratio,
1096 5644 1263 5707 sicaetera
1284 5641 1449 5704 tormenta
1463 5642 1558 5718 quasi
1582 5645 1733 5720 quaedam

939 5742 1049 5804 dulcia
1072 5741 1204 5817 gaudia.
1235 5739 1329 5801 Unde
1347 5739 1594 5802 ‘convenienter
1616 5741 1733 5804 beatus
