<?xml version="1.0" encoding="UTF-8"?>
<!DOCTYPE html PUBLIC "-//W3C//DTD XHTML 1.0 Transitional//EN"
    "http://www.w3.org/TR/xhtml1/DTD/xhtml1-transitional.dtd">
<html xmlns="http://www.w3.org/1999/xhtml" xml:lang="en" lang="en">
 <head>
  <title>
</title>
<meta http-equiv="Content-Type" content="text/html;charset=utf-8" />
  <meta name='ocr-system' content='tesseract 3.04.00' />
  <meta name='ocr-capabilities' content='ocr_page ocr_carea ocr_par ocr_line ocrx_word'/>
</head>
<body>
  <div class='ocr_page' id='page_1' title='image "./mediiaevibiblio01unkngoog_0475.png"; bbox 0 0 4082 6342; ppageno 0'>
   <div class='ocr_carea' id='block_1_1' title="bbox 317 292 376 351">
    <p class='ocr_par' dir='ltr' id='par_1_1' title="bbox 317 292 376 351">
     <span class='ocr_line' id='line_1_1' title="bbox 317 292 376 351; baseline 0 0"><span class='ocrx_word' id='word_1_1' title='bbox 317 292 376 351; x_wconf 67' lang='lat' dir='ltr'>lte</span> 
     </span>
    </p>
   </div>
   <div class='ocr_carea' id='block_1_2' title="bbox 251 446 1112 4916">
    <p class='ocr_par' dir='ltr' id='par_1_2' title="bbox 297 446 1112 4138">
     <span class='ocr_line' id='line_1_2' title="bbox 316 446 1112 526; baseline -0.004 -13"><span class='ocrx_word' id='word_1_2' title='bbox 316 449 438 514; x_wconf 89' lang='lat' dir='ltr'>terales</span> <span class='ocrx_word' id='word_1_3' title='bbox 464 446 621 520; x_wconf 86' lang='lat' dir='ltr'>existunt,</span> <span class='ocrx_word' id='word_1_4' title='bbox 653 462 713 507; x_wconf 89' lang='lat' dir='ltr'>suo</span> <span class='ocrx_word' id='word_1_5' title='bbox 747 446 924 523; x_wconf 86' lang='lat' dir='ltr'>specialius</span> <span class='ocrx_word' id='word_1_6' title='bbox 953 447 1112 526; x_wconf 86' lang='lat' dir='ltr'>obsequio</span> 
     </span>
     <span class='ocr_line' id='line_1_3' title="bbox 316 545 1110 628; baseline -0.001 -18"><span class='ocrx_word' id='word_1_7' title='bbox 316 547 496 628; x_wconf 86' lang='lat' dir='ltr'>deputavit,</span> <span class='ocrx_word' id='word_1_8' title='bbox 518 545 637 624; x_wconf 74' lang='lat' dir='ltr'>utribus</span> <span class='ocrx_word' id='word_1_9' title='bbox 654 561 715 606; x_wconf 91' lang='lat' dir='ltr'>sua</span> <span class='ocrx_word' id='word_1_10' title='bbox 732 545 854 622; x_wconf 89' lang='lat' dir='ltr'>saepius</span> <span class='ocrx_word' id='word_1_11' title='bbox 872 547 999 608; x_wconf 87' lang='lat' dir='ltr'>secreta</span> <span class='ocrx_word' id='word_1_12' title='bbox 1017 561 1110 609; x_wconf 88' lang='lat' dir='ltr'>com-</span> 
     </span>
     <span class='ocr_line' id='line_1_4' title="bbox 316 644 1110 722; baseline -0.004 -14"><span class='ocrx_word' id='word_1_13' title='bbox 316 648 490 708; x_wconf 87' lang='lat' dir='ltr'>municans</span> <span class='ocrx_word' id='word_1_14' title='bbox 508 661 583 706; x_wconf 93' lang='lat' dir='ltr'>cum</span> <span class='ocrx_word' id='word_1_15' title='bbox 598 645 680 722; x_wconf 92' lang='lat' dir='ltr'>ipsis</span> <span class='ocrx_word' id='word_1_16' title='bbox 700 644 878 715; x_wconf 88' lang='lat' dir='ltr'>interdum,</span> <span class='ocrx_word' id='word_1_17' title='bbox 899 645 933 706; x_wconf 90' lang='lat' dir='ltr'>et</span> <span class='ocrx_word' id='word_1_18' title='bbox 946 644 1110 707; x_wconf 88' lang='lat' dir='ltr'>interdum</span> 
     </span>
     <span class='ocr_line' id='line_1_5' title="bbox 315 741 1111 824; baseline -0.004 -17"><span class='ocrx_word' id='word_1_19' title='bbox 315 761 374 824; x_wconf 90' lang='lat' dir='ltr'>per</span> <span class='ocrx_word' id='word_1_20' title='bbox 397 745 486 820; x_wconf 91' lang='lat' dir='ltr'>ipsos</span> <span class='ocrx_word' id='word_1_21' title='bbox 511 743 546 804; x_wconf 88' lang='lat' dir='ltr'>in</span> <span class='ocrx_word' id='word_1_22' title='bbox 571 741 799 822; x_wconf 83' lang='lat' dir='ltr'>spiritualibus</span> <span class='ocrx_word' id='word_1_23' title='bbox 821 743 854 803; x_wconf 91' lang='lat' dir='ltr'>et</span> <span class='ocrx_word' id='word_1_24' title='bbox 874 742 1111 820; x_wconf 82' lang='lat' dir='ltr'>temporalibus</span> 
     </span>
     <span class='ocr_line' id='line_1_6' title="bbox 314 840 1111 922; baseline -0.003 -18"><span class='ocrx_word' id='word_1_25' title='bbox 314 841 613 922; x_wconf 81' lang='lat' dir='ltr'>exsequeturuices</span> <span class='ocrx_word' id='word_1_26' title='bbox 623 855 712 914; x_wconf 72' lang='lat' dir='ltr'>suas,</span> <span class='ocrx_word' id='word_1_27' title='bbox 726 855 825 918; x_wconf 86' lang='lat' dir='ltr'>quum</span> <span class='ocrx_word' id='word_1_28' title='bbox 836 841 939 917; x_wconf 84' lang='lat' dir='ltr'>igitur</span> <span class='ocrx_word' id='word_1_29' title='bbox 949 840 1111 902; x_wconf 81' lang='lat' dir='ltr'>Albanen·</span> 
     </span>
     <span class='ocr_line' id='line_1_7' title="bbox 314 939 1111 1016; baseline 0 -15"><span class='ocrx_word' id='word_1_30' title='bbox 314 941 360 1001; x_wconf 91' lang='lat' dir='ltr'>sis</span> <span class='ocrx_word' id='word_1_31' title='bbox 373 939 518 1002; x_wconf 86' lang='lat' dir='ltr'>civitatis</span> <span class='ocrx_word' id='word_1_32' title='bbox 532 939 669 1001; x_wconf 88' lang='lat' dir='ltr'>antistes</span> <span class='ocrx_word' id='word_1_33' title='bbox 679 955 835 1016; x_wconf 87' lang='lat' dir='ltr'>magnum</span> <span class='ocrx_word' id='word_1_34' title='bbox 846 939 954 1000; x_wconf 91' lang='lat' dir='ltr'>locum</span> <span class='ocrx_word' id='word_1_35' title='bbox 965 939 1111 1002; x_wconf 85' lang='lat' dir='ltr'>obtineat</span> 
     </span>
     <span class='ocr_line' id='line_1_8' title="bbox 313 1036 1108 1113; baseline -0.001 -14"><span class='ocrx_word' id='word_1_36' title='bbox 313 1039 399 1100; x_wconf 93' lang='lat' dir='ltr'>inter</span> <span class='ocrx_word' id='word_1_37' title='bbox 416 1055 473 1099; x_wconf 90' lang='lat' dir='ltr'>eos</span> <span class='ocrx_word' id='word_1_38' title='bbox 493 1037 526 1099; x_wconf 89' lang='lat' dir='ltr'>et</span> <span class='ocrx_word' id='word_1_39' title='bbox 545 1052 588 1098; x_wconf 83' lang='lat' dir='ltr'>ex</span> <span class='ocrx_word' id='word_1_40' title='bbox 604 1037 813 1099; x_wconf 88' lang='lat' dir='ltr'>institutione</span> <span class='ocrx_word' id='word_1_41' title='bbox 830 1036 1108 1113; x_wconf 88' lang='lat' dir='ltr'>praedecessorum</span> 
     </span>
     <span class='ocr_line' id='line_1_9' title="bbox 311 1129 1110 1212; baseline -0.001 -14"><span class='ocrx_word' id='word_1_42' title='bbox 311 1138 514 1205; x_wconf 89' lang='lat' dir='ltr'>nostrorum,</span> <span class='ocrx_word' id='word_1_43' title='bbox 532 1136 565 1197; x_wconf 89' lang='lat' dir='ltr'>et</span> <span class='ocrx_word' id='word_1_44' title='bbox 579 1129 818 1196; x_wconf 79' lang='lat' dir='ltr'>consuetudine</span> <span class='ocrx_word' id='word_1_45' title='bbox 834 1130 1025 1212; x_wconf 86' lang='lat' dir='ltr'>approbata,</span> <span class='ocrx_word' id='word_1_46' title='bbox 1043 1139 1110 1197; x_wconf 84' lang='lat' dir='ltr'>Ro·</span> 
     </span>
     <span class='ocr_line' id='line_1_10' title="bbox 311 1231 1110 1309; baseline 0 -13"><span class='ocrx_word' id='word_1_47' title='bbox 311 1249 410 1296; x_wconf 91' lang='lat' dir='ltr'>mano</span> <span class='ocrx_word' id='word_1_48' title='bbox 422 1232 575 1295; x_wconf 86' lang='lat' dir='ltr'>Pontifici</span> <span class='ocrx_word' id='word_1_49' title='bbox 591 1231 767 1293; x_wconf 86' lang='lat' dir='ltr'>familiaris</span> <span class='ocrx_word' id='word_1_50' title='bbox 782 1247 913 1309; x_wconf 82' lang='lat' dir='ltr'>semper</span> <span class='ocrx_word' id='word_1_51' title='bbox 924 1234 956 1294; x_wconf 89' lang='lat' dir='ltr'>et</span> <span class='ocrx_word' id='word_1_52' title='bbox 971 1233 1071 1296; x_wconf 88' lang='lat' dir='ltr'>collat</span> <span class='ocrx_word' id='word_1_53' title='bbox 1091 1266 1110 1279; x_wconf 92' lang='lat'>·</span> 
     </span>
     <span class='ocr_line' id='line_1_11' title="bbox 311 1329 1109 1408; baseline 0 -16"><span class='ocrx_word' id='word_1_54' title='bbox 311 1332 394 1392; x_wconf 91' lang='lat' dir='ltr'>ralis</span> <span class='ocrx_word' id='word_1_55' title='bbox 410 1329 590 1402; x_wconf 71' lang='lat' dir='ltr'>existatis</span> <span class='ocrx_word' id='word_1_56' title='bbox 607 1331 662 1408; x_wconf 85' lang='lat' dir='ltr'>qui</span> <span class='ocrx_word' id='word_1_57' title='bbox 678 1345 720 1390; x_wconf 86' lang='lat' dir='ltr'>ex</span> <span class='ocrx_word' id='word_1_58' title='bbox 734 1329 908 1392; x_wconf 83' lang='lat' dir='ltr'>vocatione</span> <span class='ocrx_word' id='word_1_59' title='bbox 930 1330 1042 1392; x_wconf 83' lang='lat' dir='ltr'>divina</span> <span class='ocrx_word' id='word_1_60' title='bbox 1060 1332 1109 1392; x_wconf 90' lang='lat' dir='ltr'>ci·</span> 
     </span>
     <span class='ocr_line' id='line_1_12' title="bbox 310 1428 1109 1506; baseline 0.001 -16"><span class='ocrx_word' id='word_1_61' title='bbox 310 1430 424 1491; x_wconf 85' lang='lat' dir='ltr'>vitatis</span> <span class='ocrx_word' id='word_1_62' title='bbox 433 1428 538 1505; x_wconf 89' lang='lat' dir='ltr'>ipsius</span> <span class='ocrx_word' id='word_1_63' title='bbox 550 1428 973 1490; x_wconf 88' lang='lat' dir='ltr'>cathedramconscendisti</span> <span class='ocrx_word' id='word_1_64' title='bbox 984 1430 1109 1506; x_wconf 89' lang='lat' dir='ltr'>specia-</span> 
     </span>
     <span class='ocr_line' id='line_1_13' title="bbox 310 1527 1107 1603; baseline 0.003 -15"><span class='ocrx_word' id='word_1_65' title='bbox 310 1527 376 1588; x_wconf 87' lang='lat' dir='ltr'>lius</span> <span class='ocrx_word' id='word_1_66' title='bbox 405 1527 570 1588; x_wconf 89' lang='lat' dir='ltr'>honorare</span> <span class='ocrx_word' id='word_1_67' title='bbox 599 1527 813 1603; x_wconf 83' lang='lat' dir='ltr'>proponimus</span> <span class='ocrx_word' id='word_1_68' title='bbox 846 1527 879 1588; x_wconf 89' lang='lat' dir='ltr'>et</span> <span class='ocrx_word' id='word_1_69' title='bbox 911 1527 946 1588; x_wconf 94' lang='lat' dir='ltr'>in</span> <span class='ocrx_word' id='word_1_70' title='bbox 980 1527 1046 1589; x_wconf 91' lang='lat' dir='ltr'>tuis</span> <span class='ocrx_word' id='word_1_71' title='bbox 1075 1529 1107 1590; x_wconf 90' lang='lat' dir='ltr'>te</span> 
     </span>
     <span class='ocr_line' id='line_1_14' title="bbox 310 1623 1106 1703; baseline 0 -17"><span class='ocrx_word' id='word_1_72' title='bbox 310 1624 523 1703; x_wconf 82' lang='lat' dir='ltr'>petitionibus</span> <span class='ocrx_word' id='word_1_73' title='bbox 539 1623 710 1685; x_wconf 84' lang='lat' dir='ltr'>exaudire.</span> <span class='ocrx_word' id='word_1_74' title='bbox 723 1626 914 1702; x_wconf 88' lang='lat' dir='ltr'>Eapropter,</span> <span class='ocrx_word' id='word_1_75' title='bbox 926 1625 1106 1687; x_wconf 87' lang='lat' dir='ltr'>venerabi-</span> 
     </span>
     <span class='ocr_line' id='line_1_15' title="bbox 309 1721 1103 1799; baseline 0 -15"><span class='ocrx_word' id='word_1_76' title='bbox 309 1723 352 1784; x_wconf 92' lang='lat' dir='ltr'>lis</span> <span class='ocrx_word' id='word_1_77' title='bbox 365 1722 468 1784; x_wconf 90' lang='lat' dir='ltr'>frater</span> <span class='ocrx_word' id='word_1_78' title='bbox 477 1721 660 1794; x_wconf 87' lang='lat' dir='ltr'>inChristo,</span> <span class='ocrx_word' id='word_1_79' title='bbox 669 1723 735 1783; x_wconf 84' lang='lat' dir='ltr'>tuis</span> <span class='ocrx_word' id='word_1_80' title='bbox 746 1721 901 1799; x_wconf 90' lang='lat' dir='ltr'>precibus</span> <span class='ocrx_word' id='word_1_81' title='bbox 909 1725 1103 1796; x_wconf 88' lang='lat' dir='ltr'>annuentes,</span> 
     </span>
     <span class='ocr_line' id='line_1_16' title="bbox 309 1818 1105 1896; baseline 0 -14"><span class='ocrx_word' id='word_1_82' title='bbox 309 1821 350 1882; x_wconf 92' lang='lat' dir='ltr'>ad</span> <span class='ocrx_word' id='word_1_83' title='bbox 366 1819 536 1896; x_wconf 88' lang='lat' dir='ltr'>exemplar</span> <span class='ocrx_word' id='word_1_84' title='bbox 548 1818 655 1880; x_wconf 90' lang='lat' dir='ltr'>felicis</span> <span class='ocrx_word' id='word_1_85' title='bbox 671 1820 911 1882; x_wconf 90' lang='lat' dir='ltr'>recordationis</span> <span class='ocrx_word' id='word_1_86' title='bbox 922 1823 1105 1883; x_wconf 89' lang='lat' dir='ltr'>iunocentii</span> 
     </span>
     <span class='ocr_line' id='line_1_17' title="bbox 308 1917 1104 1997; baseline -0.001 -17"><span class='ocrx_word' id='word_1_87' title='bbox 308 1921 408 1997; x_wconf 89' lang='lat' dir='ltr'>Papae</span> <span class='ocrx_word' id='word_1_88' title='bbox 423 1917 680 1996; x_wconf 77' lang='lat' dir='ltr'>praedecessoris</span> <span class='ocrx_word' id='word_1_89' title='bbox 697 1917 801 1978; x_wconf 90' lang='lat' dir='ltr'>nostri</span> <span class='ocrx_word' id='word_1_90' title='bbox 819 1918 985 1980; x_wconf 88' lang='lat' dir='ltr'>civitatem</span> <span class='ocrx_word' id='word_1_91' title='bbox 1001 1918 1104 1982; x_wconf 81' lang='lat' dir='ltr'>Alba-</span> 
     </span>
     <span class='ocr_line' id='line_1_18' title="bbox 307 2014 1104 2094; baseline 0.001 -17"><span class='ocrx_word' id='word_1_92' title='bbox 307 2033 456 2085; x_wconf 91' lang='lat' dir='ltr'>nensem,</span> <span class='ocrx_word' id='word_1_93' title='bbox 487 2032 561 2076; x_wconf 89' lang='lat' dir='ltr'>cum</span> <span class='ocrx_word' id='word_1_94' title='bbox 588 2014 691 2091; x_wconf 89' lang='lat' dir='ltr'>burgo</span> <span class='ocrx_word' id='word_1_95' title='bbox 719 2015 881 2084; x_wconf 88' lang='lat' dir='ltr'>Thermis,</span> <span class='ocrx_word' id='word_1_96' title='bbox 909 2017 1020 2078; x_wconf 89' lang='lat' dir='ltr'>monte</span> <span class='ocrx_word' id='word_1_97' title='bbox 1048 2017 1104 2094; x_wconf 87' lang='lat' dir='ltr'>qui</span> 
     </span>
     <span class='ocr_line' id='line_1_19' title="bbox 307 2113 1102 2193; baseline 0 -17"><span class='ocrx_word' id='word_1_98' title='bbox 307 2115 430 2176; x_wconf 91' lang='lat' dir='ltr'>dicitur</span> <span class='ocrx_word' id='word_1_99' title='bbox 441 2113 497 2175; x_wconf 87' lang='lat' dir='ltr'>Sol</span> <span class='ocrx_word' id='word_1_100' title='bbox 508 2115 540 2176; x_wconf 92' lang='lat' dir='ltr'>et</span> <span class='ocrx_word' id='word_1_101' title='bbox 551 2114 655 2185; x_wconf 90' lang='lat' dir='ltr'>Luna,</span> <span class='ocrx_word' id='word_1_102' title='bbox 675 2113 815 2183; x_wconf 89' lang='lat' dir='ltr'>Palatio,</span> <span class='ocrx_word' id='word_1_103' title='bbox 832 2115 864 2175; x_wconf 93' lang='lat' dir='ltr'>et</span> <span class='ocrx_word' id='word_1_104' title='bbox 879 2115 1102 2193; x_wconf 91' lang='lat' dir='ltr'>omnibusap-</span> 
     </span>
     <span class='ocr_line' id='line_1_20' title="bbox 306 2211 1103 2291; baseline 0 -17"><span class='ocrx_word' id='word_1_105' title='bbox 306 2211 469 2291; x_wconf 90' lang='lat' dir='ltr'>pendiciis</span> <span class='ocrx_word' id='word_1_106' title='bbox 482 2213 562 2283; x_wconf 90' lang='lat' dir='ltr'>suis,</span> <span class='ocrx_word' id='word_1_107' title='bbox 580 2211 621 2272; x_wconf 94' lang='lat' dir='ltr'>ad</span> <span class='ocrx_word' id='word_1_108' title='bbox 632 2215 699 2288; x_wconf 73' lang='lat' dir='ltr'>juS,</span> <span class='ocrx_word' id='word_1_109' title='bbox 714 2212 746 2272; x_wconf 91' lang='lat' dir='ltr'>et</span> <span class='ocrx_word' id='word_1_110' title='bbox 762 2211 995 2288; x_wconf 87' lang='lat' dir='ltr'>proprietatem</span> <span class='ocrx_word' id='word_1_111' title='bbox 1009 2214 1103 2274; x_wconf 87' lang='lat' dir='ltr'>Sedis</span> 
     </span>
     <span class='ocr_line' id='line_1_21' title="bbox 304 2308 1102 2387; baseline 0 -15"><span class='ocrx_word' id='word_1_112' title='bbox 304 2310 502 2387; x_wconf 75' lang='lat' dir='ltr'>apostolicae</span> <span class='ocrx_word' id='word_1_113' title='bbox 519 2308 771 2385; x_wconf 86' lang='lat' dir='ltr'>pertinentibus,</span> <span class='ocrx_word' id='word_1_114' title='bbox 792 2310 892 2371; x_wconf 93' lang='lat' dir='ltr'>immo</span> <span class='ocrx_word' id='word_1_115' title='bbox 908 2310 1007 2372; x_wconf 90' lang='lat' dir='ltr'>etiam</span> <span class='ocrx_word' id='word_1_116' title='bbox 1028 2328 1102 2373; x_wconf 90' lang='lat' dir='ltr'>cum</span> 
     </span>
     <span class='ocr_line' id='line_1_22' title="bbox 305 2407 1104 2485; baseline 0.001 -16"><span class='ocrx_word' id='word_1_117' title='bbox 305 2409 394 2470; x_wconf 90' lang='lat' dir='ltr'>omni</span> <span class='ocrx_word' id='word_1_118' title='bbox 402 2411 479 2485; x_wconf 89' lang='lat' dir='ltr'>jure</span> <span class='ocrx_word' id='word_1_119' title='bbox 494 2408 618 2479; x_wconf 90' lang='lat' dir='ltr'>nostro,</span> <span class='ocrx_word' id='word_1_120' title='bbox 635 2409 702 2468; x_wconf 88' lang='lat' dir='ltr'>tam</span> <span class='ocrx_word' id='word_1_121' title='bbox 718 2407 753 2468; x_wconf 91' lang='lat' dir='ltr'>in</span> <span class='ocrx_word' id='word_1_122' title='bbox 769 2407 929 2470; x_wconf 87' lang='lat' dir='ltr'>comitatu</span> <span class='ocrx_word' id='word_1_123' title='bbox 947 2410 1104 2472; x_wconf 78' lang='lat' dir='ltr'>Castellu-</span> 
     </span>
     <span class='ocr_line' id='line_1_23' title="bbox 304 2505 1101 2582; baseline 0.004 -16"><span class='ocrx_word' id='word_1_124' title='bbox 304 2506 371 2578; x_wconf 89' lang='lat' dir='ltr'>nia,</span> <span class='ocrx_word' id='word_1_125' title='bbox 392 2507 424 2568; x_wconf 90' lang='lat' dir='ltr'>et</span> <span class='ocrx_word' id='word_1_126' title='bbox 438 2506 580 2577; x_wconf 89' lang='lat' dir='ltr'>moneta,</span> <span class='ocrx_word' id='word_1_127' title='bbox 597 2521 695 2582; x_wconf 85' lang='lat' dir='ltr'>quam</span> <span class='ocrx_word' id='word_1_128' title='bbox 712 2505 927 2568; x_wconf 75' lang='lat' dir='ltr'>fidelitatibus</span> <span class='ocrx_word' id='word_1_129' title='bbox 942 2508 975 2568; x_wconf 87' lang='lat' dir='ltr'>et</span> <span class='ocrx_word' id='word_1_130' title='bbox 990 2508 1101 2569; x_wconf 93' lang='lat' dir='ltr'>domi-</span> 
     </span>
     <span class='ocr_line' id='line_1_24' title="bbox 304 2601 1098 2681; baseline 0.004 -16"><span class='ocrx_word' id='word_1_131' title='bbox 304 2604 360 2665; x_wconf 94' lang='lat' dir='ltr'>nio</span> <span class='ocrx_word' id='word_1_132' title='bbox 391 2603 510 2665; x_wconf 89' lang='lat' dir='ltr'>futuris</span> <span class='ocrx_word' id='word_1_133' title='bbox 542 2601 681 2671; x_wconf 88' lang='lat' dir='ltr'>bannis,</span> <span class='ocrx_word' id='word_1_134' title='bbox 716 2603 876 2679; x_wconf 85' lang='lat' dir='ltr'>placidis,</span> <span class='ocrx_word' id='word_1_135' title='bbox 911 2604 1098 2681; x_wconf 83' lang='lat' dir='ltr'>plateaticO,</span> 
     </span>
     <span class='ocr_line' id='line_1_25' title="bbox 303 2699 1099 2778; baseline 0.006 -18"><span class='ocrx_word' id='word_1_136' title='bbox 303 2717 436 2778; x_wconf 89' lang='lat' dir='ltr'>guerra,</span> <span class='ocrx_word' id='word_1_137' title='bbox 451 2715 543 2777; x_wconf 90' lang='lat' dir='ltr'>pace,</span> <span class='ocrx_word' id='word_1_138' title='bbox 560 2699 665 2771; x_wconf 89' lang='lat' dir='ltr'>hoste,</span> <span class='ocrx_word' id='word_1_139' title='bbox 688 2700 876 2772; x_wconf 79' lang='lat' dir='ltr'>cavalcada,</span> <span class='ocrx_word' id='word_1_140' title='bbox 899 2699 1099 2777; x_wconf 84' lang='lat' dir='ltr'>glandatico,</span> 
     </span>
     <span class='ocr_line' id='line_1_26' title="bbox 303 2798 1101 2874; baseline 0.001 -14"><span class='ocrx_word' id='word_1_141' title='bbox 303 2798 485 2869; x_wconf 90' lang='lat' dir='ltr'>herbatico,</span> <span class='ocrx_word' id='word_1_142' title='bbox 502 2798 681 2874; x_wconf 88' lang='lat' dir='ltr'>ruspatieo,</span> <span class='ocrx_word' id='word_1_143' title='bbox 705 2798 822 2872; x_wconf 87' lang='lat' dir='ltr'>pratis,</span> <span class='ocrx_word' id='word_1_144' title='bbox 842 2798 962 2870; x_wconf 81' lang='lat' dir='ltr'>uineis,</span> <span class='ocrx_word' id='word_1_145' title='bbox 985 2815 1101 2861; x_wconf 89' lang='lat' dir='ltr'>nemo·</span> 
     </span>
     <span class='ocr_line' id='line_1_27' title="bbox 303 2893 1101 2968; baseline 0.003 -11"><span class='ocrx_word' id='word_1_146' title='bbox 303 2896 406 2968; x_wconf 76' lang='lat' dir='ltr'>ribuS,</span> <span class='ocrx_word' id='word_1_147' title='bbox 421 2893 520 2956; x_wconf 89' lang='lat' dir='ltr'>terris</span> <span class='ocrx_word' id='word_1_148' title='bbox 532 2894 629 2955; x_wconf 90' lang='lat' dir='ltr'>cultis</span> <span class='ocrx_word' id='word_1_149' title='bbox 641 2895 825 2966; x_wconf 89' lang='lat' dir='ltr'>etincultis,</span> <span class='ocrx_word' id='word_1_150' title='bbox 840 2895 1101 2960; x_wconf 88' lang='lat' dir='ltr'>etaliismanua-</span> 
     </span>
     <span class='ocr_line' id='line_1_28' title="bbox 302 2991 1096 3073; baseline 0.003 -19"><span class='ocrx_word' id='word_1_151' title='bbox 302 2993 389 3054; x_wconf 89' lang='lat' dir='ltr'>libus</span> <span class='ocrx_word' id='word_1_152' title='bbox 412 2992 546 3064; x_wconf 87' lang='lat' dir='ltr'>nostris,</span> <span class='ocrx_word' id='word_1_153' title='bbox 570 2991 640 3053; x_wconf 82' lang='lat' dir='ltr'>siue</span> <span class='ocrx_word' id='word_1_154' title='bbox 659 2992 694 3052; x_wconf 92' lang='lat' dir='ltr'>in</span> <span class='ocrx_word' id='word_1_155' title='bbox 713 2991 822 3064; x_wconf 75' lang='lat' dir='ltr'>terris</span> <span class='ocrx_word' id='word_1_156' title='bbox 846 2993 966 3055; x_wconf 90' lang='lat' dir='ltr'>sivein</span> <span class='ocrx_word' id='word_1_157' title='bbox 988 2996 1096 3073; x_wconf 86' lang='lat' dir='ltr'>aquis,</span> 
     </span>
     <span class='ocr_line' id='line_1_29' title="bbox 303 3088 1098 3170; baseline 0.001 -16"><span class='ocrx_word' id='word_1_158' title='bbox 303 3093 336 3154; x_wconf 89' lang='lat' dir='ltr'>et</span> <span class='ocrx_word' id='word_1_159' title='bbox 348 3095 425 3170; x_wconf 85' lang='lat' dir='ltr'>jure</span> <span class='ocrx_word' id='word_1_160' title='bbox 440 3089 526 3167; x_wconf 81' lang='lat' dir='ltr'>quod</span> <span class='ocrx_word' id='word_1_161' title='bbox 546 3088 706 3150; x_wconf 89' lang='lat' dir='ltr'>habemus</span> <span class='ocrx_word' id='word_1_162' title='bbox 725 3090 761 3151; x_wconf 90' lang='lat' dir='ltr'>iu</span> <span class='ocrx_word' id='word_1_163' title='bbox 776 3091 927 3154; x_wconf 87' lang='lat' dir='ltr'>ecclesiis</span> <span class='ocrx_word' id='word_1_164' title='bbox 950 3093 1098 3170; x_wconf 89' lang='lat' dir='ltr'>ejusdem</span> 
     </span>
     <span class='ocr_line' id='line_1_30' title="bbox 301 3187 1094 3266; baseline -0.001 -14"><span class='ocrx_word' id='word_1_165' title='bbox 301 3189 445 3252; x_wconf 82' lang='lat' dir='ltr'>civitatis</span> <span class='ocrx_word' id='word_1_166' title='bbox 460 3203 520 3265; x_wconf 94' lang='lat' dir='ltr'>pro</span> <span class='ocrx_word' id='word_1_167' title='bbox 537 3188 659 3249; x_wconf 89' lang='lat' dir='ltr'>caratis</span> <span class='ocrx_word' id='word_1_168' title='bbox 677 3187 759 3260; x_wconf 84' lang='lat' dir='ltr'>viui,</span> <span class='ocrx_word' id='word_1_169' title='bbox 777 3189 809 3250; x_wconf 90' lang='lat' dir='ltr'>et</span> <span class='ocrx_word' id='word_1_170' title='bbox 826 3190 853 3250; x_wconf 93' lang='lat' dir='ltr'>si</span> <span class='ocrx_word' id='word_1_171' title='bbox 872 3207 945 3266; x_wconf 74' lang='lat' dir='ltr'>quse</span> <span class='ocrx_word' id='word_1_172' title='bbox 965 3191 1033 3251; x_wconf 90' lang='lat' dir='ltr'>alia</span> <span class='ocrx_word' id='word_1_173' title='bbox 1055 3193 1094 3252; x_wconf 93' lang='lat' dir='ltr'>ad</span> 
     </span>
     <span class='ocr_line' id='line_1_31' title="bbox 300 3285 1098 3364; baseline 0.003 -15"><span class='ocrx_word' id='word_1_174' title='bbox 300 3287 427 3364; x_wconf 82' lang='lat' dir='ltr'>regalia</span> <span class='ocrx_word' id='word_1_175' title='bbox 439 3287 562 3355; x_wconf 88' lang='lat' dir='ltr'>nostra,</span> <span class='ocrx_word' id='word_1_176' title='bbox 580 3285 747 3361; x_wconf 88' lang='lat' dir='ltr'>pertinere</span> <span class='ocrx_word' id='word_1_177' title='bbox 765 3288 956 3358; x_wconf 88' lang='lat' dir='ltr'>noscantur,</span> <span class='ocrx_word' id='word_1_178' title='bbox 974 3287 1044 3360; x_wconf 90' lang='lat' dir='ltr'>tibi,</span> <span class='ocrx_word' id='word_1_179' title='bbox 1064 3292 1098 3351; x_wconf 89' lang='lat' dir='ltr'>et</span> 
     </span>
     <span class='ocr_line' id='line_1_32' title="bbox 301 3380 1095 3448; baseline 0.003 -2"><span class='ocrx_word' id='word_1_180' title='bbox 301 3380 548 3446; x_wconf 90' lang='lat' dir='ltr'>successoribus</span> <span class='ocrx_word' id='word_1_181' title='bbox 574 3381 640 3442; x_wconf 92' lang='lat' dir='ltr'>tuis</span> <span class='ocrx_word' id='word_1_182' title='bbox 668 3381 708 3443; x_wconf 92' lang='lat' dir='ltr'>de</span> <span class='ocrx_word' id='word_1_183' title='bbox 739 3381 879 3443; x_wconf 85' lang='lat' dir='ltr'>fratrum</span> <span class='ocrx_word' id='word_1_184' title='bbox 907 3387 1095 3448; x_wconf 89' lang='lat' dir='ltr'>nostrorum</span> 
     </span>
     <span class='ocr_line' id='line_1_33' title="bbox 301 3479 1097 3562; baseline 0.001 -17"><span class='ocrx_word' id='word_1_185' title='bbox 301 3481 440 3545; x_wconf 92' lang='lat' dir='ltr'>consilio</span> <span class='ocrx_word' id='word_1_186' title='bbox 462 3479 683 3551; x_wconf 85' lang='lat' dir='ltr'>concedimus,</span> <span class='ocrx_word' id='word_1_187' title='bbox 703 3479 936 3542; x_wconf 89' lang='lat' dir='ltr'>confirmamus</span> <span class='ocrx_word' id='word_1_188' title='bbox 956 3484 988 3545; x_wconf 91' lang='lat' dir='ltr'>et</span> <span class='ocrx_word' id='word_1_189' title='bbox 1009 3499 1097 3562; x_wconf 84' lang='lat' dir='ltr'>prae-</span> 
     </span>
     <span class='ocr_line' id='line_1_34' title="bbox 299 3576 1094 3655; baseline 0 -12"><span class='ocrx_word' id='word_1_190' title='bbox 299 3581 403 3643; x_wconf 90' lang='lat' dir='ltr'>sentis</span> <span class='ocrx_word' id='word_1_191' title='bbox 423 3578 538 3655; x_wconf 89' lang='lat' dir='ltr'>scripti</span> <span class='ocrx_word' id='word_1_192' title='bbox 555 3576 731 3654; x_wconf 82' lang='lat' dir='ltr'>privilegio</span> <span class='ocrx_word' id='word_1_193' title='bbox 751 3581 1004 3642; x_wconf 89' lang='lat' dir='ltr'>communimus.</span> <span class='ocrx_word' id='word_1_194' title='bbox 1026 3583 1094 3643; x_wconf 90' lang='lat' dir='ltr'>De-</span> 
     </span>
     <span class='ocr_line' id='line_1_35' title="bbox 300 3676 1095 3753; baseline -0.001 -11"><span class='ocrx_word' id='word_1_195' title='bbox 300 3679 467 3742; x_wconf 89' lang='lat' dir='ltr'>ceruimus</span> <span class='ocrx_word' id='word_1_196' title='bbox 492 3692 582 3753; x_wconf 89' lang='lat' dir='ltr'>ergo,</span> <span class='ocrx_word' id='word_1_197' title='bbox 609 3678 645 3738; x_wconf 93' lang='lat' dir='ltr'>ut</span> <span class='ocrx_word' id='word_1_198' title='bbox 664 3676 749 3738; x_wconf 89' lang='lat' dir='ltr'>nulli</span> <span class='ocrx_word' id='word_1_199' title='bbox 774 3679 908 3741; x_wconf 90' lang='lat' dir='ltr'>omnino</span> <span class='ocrx_word' id='word_1_200' title='bbox 923 3679 1095 3741; x_wconf 92' lang='lat' dir='ltr'>bominum</span> 
     </span>
     <span class='ocr_line' id='line_1_36' title="bbox 297 3774 1093 3854; baseline 0.003 -16"><span class='ocrx_word' id='word_1_201' title='bbox 297 3777 396 3839; x_wconf 90' lang='lat' dir='ltr'>liceat</span> <span class='ocrx_word' id='word_1_202' title='bbox 411 3775 581 3854; x_wconf 88' lang='lat' dir='ltr'>praefatam</span> <span class='ocrx_word' id='word_1_203' title='bbox 603 3774 825 3838; x_wconf 89' lang='lat' dir='ltr'>Albanensem</span> <span class='ocrx_word' id='word_1_204' title='bbox 845 3777 1019 3840; x_wconf 90' lang='lat' dir='ltr'>ecclesiam</span> <span class='ocrx_word' id='word_1_205' title='bbox 1039 3781 1093 3840; x_wconf 90' lang='lat' dir='ltr'>te-</span> 
     </span>
     <span class='ocr_line' id='line_1_37' title="bbox 297 3865 1092 3951; baseline 0.001 -14"><span class='ocrx_word' id='word_1_206' title='bbox 297 3891 387 3937; x_wconf 91' lang='lat' dir='ltr'>mere</span> <span class='ocrx_word' id='word_1_207' title='bbox 404 3865 609 3951; x_wconf 75' lang='lat' dir='ltr'>perturbare,</span> <span class='ocrx_word' id='word_1_208' title='bbox 622 3874 683 3935; x_wconf 88' lang='lat' dir='ltr'>etc.</span> <span class='ocrx_word' id='word_1_209' title='bbox 700 3874 736 3935; x_wconf 85' lang='lat' dir='ltr'>Si</span> <span class='ocrx_word' id='word_1_210' title='bbox 753 3891 818 3951; x_wconf 82' lang='lat' dir='ltr'>qua</span> <span class='ocrx_word' id='word_1_211' title='bbox 833 3876 936 3951; x_wconf 87' lang='lat' dir='ltr'>igitur</span> <span class='ocrx_word' id='word_1_212' title='bbox 949 3876 982 3936; x_wconf 91' lang='lat' dir='ltr'>in</span> <span class='ocrx_word' id='word_1_213' title='bbox 998 3876 1092 3938; x_wconf 80' lang='lat' dir='ltr'>futu-</span> 
     </span>
     <span class='ocr_line' id='line_1_38' title="bbox 297 3971 1095 4050; baseline 0.001 -16"><span class='ocrx_word' id='word_1_214' title='bbox 297 3989 381 4044; x_wconf 92' lang='lat' dir='ltr'>rum,</span> <span class='ocrx_word' id='word_1_215' title='bbox 400 3973 465 4033; x_wconf 77' lang='lat' dir='ltr'>ero:</span> <span class='ocrx_word' id='word_1_216' title='bbox 478 3986 585 4044; x_wconf 75' lang='lat' dir='ltr'>aspere</span> <span class='ocrx_word' id='word_1_217' title='bbox 598 3971 734 4046; x_wconf 88' lang='lat' dir='ltr'>praemia</span> <span class='ocrx_word' id='word_1_218' title='bbox 750 3973 883 4034; x_wconf 90' lang='lat' dir='ltr'>aeternae</span> <span class='ocrx_word' id='word_1_219' title='bbox 898 3973 989 4050; x_wconf 89' lang='lat' dir='ltr'>pacis</span> <span class='ocrx_word' id='word_1_220' title='bbox 1004 3973 1095 4035; x_wconf 91' lang='lat' dir='ltr'>inve-</span> 
     </span>
     <span class='ocr_line' id='line_1_39' title="bbox 297 4071 784 4138; baseline -0.006 -8"><span class='ocrx_word' id='word_1_221' title='bbox 297 4071 403 4130; x_wconf 88' lang='lat' dir='ltr'>niant.</span> <span class='ocrx_word' id='word_1_222' title='bbox 419 4073 533 4138; x_wconf 83' lang='lat' dir='ltr'>Amen,</span> <span class='ocrx_word' id='word_1_223' title='bbox 549 4083 658 4138; x_wconf 91' lang='lat' dir='ltr'>amen,</span> <span class='ocrx_word' id='word_1_224' title='bbox 676 4083 784 4128; x_wconf 90' lang='lat' dir='ltr'>amen.</span> 
     </span>
    </p>

    <p class='ocr_par' dir='ltr' id='par_1_3' title="bbox 297 4164 1091 4342">
     <span class='ocr_line' id='line_1_40' title="bbox 337 4164 1091 4244; baseline 0.003 -16"><span class='ocrx_word' id='word_1_225' title='bbox 337 4170 404 4241; x_wconf 89' lang='lat' dir='ltr'>Ego</span> <span class='ocrx_word' id='word_1_226' title='bbox 424 4165 601 4234; x_wconf 89' lang='lat' dir='ltr'>Honorius,</span> <span class='ocrx_word' id='word_1_227' title='bbox 620 4164 798 4225; x_wconf 81' lang='lat' dir='ltr'>Catholicae</span> <span class='ocrx_word' id='word_1_228' title='bbox 818 4167 976 4229; x_wconf 80' lang='lat' dir='ltr'>Ecclesiae</span> <span class='ocrx_word' id='word_1_229' title='bbox 998 4169 1091 4244; x_wconf 88' lang='lat' dir='ltr'>epis-</span> 
     </span>
     <span class='ocr_line' id='line_1_41' title="bbox 297 4259 1064 4342; baseline -0.01 -14"><span class='ocrx_word' id='word_1_230' title='bbox 297 4280 398 4342; x_wconf 88' lang='lat' dir='ltr'>copus</span> <span class='ocrx_word' id='word_1_231' title='bbox 409 4261 601 4339; x_wconf 90' lang='lat' dir='ltr'>subscripsi.</span> <span class='ocrx_word' id='word_1_232' title='bbox 1062 4259 1064 4262; x_wconf 78' lang='grc'><strong>’</strong></span> 
     </span>
    </p>

    <p class='ocr_par' dir='ltr' id='par_1_4' title="bbox 251 4359 1089 4640">
     <span class='ocr_line' id='line_1_42' title="bbox 335 4359 1088 4440; baseline 0.001 -14"><span class='ocrx_word' id='word_1_233' title='bbox 335 4365 403 4440; x_wconf 86' lang='lat' dir='ltr'>Ego</span> <span class='ocrx_word' id='word_1_234' title='bbox 418 4359 535 4431; x_wconf 87' lang='lat' dir='ltr'>Cuido,</span> <span class='ocrx_word' id='word_1_235' title='bbox 557 4359 783 4421; x_wconf 88' lang='lat' dir='ltr'>Praenestinus</span> <span class='ocrx_word' id='word_1_236' title='bbox 798 4360 973 4438; x_wconf 88' lang='lat' dir='ltr'>episcopus</span> <span class='ocrx_word' id='word_1_237' title='bbox 999 4364 1088 4427; x_wconf 91' lang='lat' dir='ltr'>subs.</span> 
     </span>
     <span class='ocr_line' id='line_1_43' title="bbox 251 4453 1089 4538; baseline 0 -14"><span class='ocrx_word' id='word_1_238' title='bbox 251 4453 256 4466; x_wconf 84' lang='lat'>&#39;</span> <span class='ocrx_word' id='word_1_239' title='bbox 334 4465 401 4538; x_wconf 82' lang='lat' dir='ltr'>Ego</span> <span class='ocrx_word' id='word_1_240' title='bbox 427 4457 597 4536; x_wconf 80' lang='lat' dir='ltr'>Cynthius,</span> <span class='ocrx_word' id='word_1_241' title='bbox 626 4457 821 4518; x_wconf 89' lang='lat' dir='ltr'>Portuensis</span> <span class='ocrx_word' id='word_1_242' title='bbox 848 4459 880 4520; x_wconf 89' lang='lat' dir='ltr'>et</span> <span class='ocrx_word' id='word_1_243' title='bbox 905 4461 937 4520; x_wconf 89' lang='lat' dir='ltr'>S.</span> <span class='ocrx_word' id='word_1_244' title='bbox 961 4463 1089 4524; x_wconf 88' lang='lat' dir='ltr'>Ruflnae</span> 
     </span>
     <span class='ocr_line' id='line_1_44' title="bbox 293 4557 725 4640; baseline -0.019 -16"><span class='ocrx_word' id='word_1_245' title='bbox 293 4561 394 4640; x_wconf 88' lang='lat' dir='ltr'>episc.</span> <span class='ocrx_word' id='word_1_246' title='bbox 412 4557 590 4634; x_wconf 88' lang='lat' dir='ltr'>subscrips.</span> <span class='ocrx_word' id='word_1_247' title='bbox 721 4559 725 4568; x_wconf 89' lang='lat'>&#39;</span> 
     </span>
    </p>

    <p class='ocr_par' dir='ltr' id='par_1_5' title="bbox 333 4653 1087 4736">
     <span class='ocr_line' id='line_1_45' title="bbox 333 4653 1087 4736; baseline -0.007 -15"><span class='ocrx_word' id='word_1_248' title='bbox 333 4662 401 4736; x_wconf 83' lang='lat' dir='ltr'>Ego</span> <span class='ocrx_word' id='word_1_249' title='bbox 427 4658 555 4728; x_wconf 89' lang='lat' dir='ltr'>Petrus,</span> <span class='ocrx_word' id='word_1_250' title='bbox 582 4653 774 4716; x_wconf 82' lang='lat' dir='ltr'>sabinensis</span> <span class='ocrx_word' id='word_1_251' title='bbox 797 4654 971 4734; x_wconf 82' lang='lat' dir='ltr'>episcopus</span> <span class='ocrx_word' id='word_1_252' title='bbox 998 4656 1087 4717; x_wconf 90' lang='lat' dir='ltr'>subs.</span> 
     </span>
    </p>

    <p class='ocr_par' dir='ltr' id='par_1_6' title="bbox 293 4752 1086 4916">
     <span class='ocr_line' id='line_1_46' title="bbox 332 4752 1086 4833; baseline -0.003 -15"><span class='ocrx_word' id='word_1_253' title='bbox 332 4761 400 4833; x_wconf 88' lang='lat' dir='ltr'>Ego</span> <span class='ocrx_word' id='word_1_254' title='bbox 410 4757 487 4826; x_wconf 90' lang='lat' dir='ltr'>Leo,</span> <span class='ocrx_word' id='word_1_255' title='bbox 498 4752 969 4816; x_wconf 75' lang='lat' dir='ltr'>tiuscrueisinflierusalem</span> <span class='ocrx_word' id='word_1_256' title='bbox 977 4755 1086 4831; x_wconf 92' lang='lat' dir='ltr'>presb.</span> 
     </span>
     <span class='ocr_line' id='line_1_47' title="bbox 293 4853 489 4916; baseline -0.031 0"><span class='ocrx_word' id='word_1_257' title='bbox 293 4855 383 4916; x_wconf 84' lang='lat' dir='ltr'>card.</span> <span class='ocrx_word' id='word_1_258' title='bbox 401 4853 489 4914; x_wconf 89' lang='lat' dir='ltr'>subs.</span> 
     </span>
    </p>
   </div>
   <div class='ocr_carea' id='block_1_3' title="bbox 292 4947 1087 5118">
    <p class='ocr_par' dir='ltr' id='par_1_7' title="bbox 292 4947 1087 5118">
     <span class='ocr_line' id='line_1_48' title="bbox 332 4947 1087 5024; baseline 0.001 -13"><span class='ocrx_word' id='word_1_259' title='bbox 332 4953 400 5024; x_wconf 83' lang='lat' dir='ltr'>Ego</span> <span class='ocrx_word' id='word_1_260' title='bbox 422 4947 596 5018; x_wconf 84' lang='lat' dir='ltr'>Robertus,</span> <span class='ocrx_word' id='word_1_261' title='bbox 622 4947 672 5010; x_wconf 90' lang='lat' dir='ltr'>tit.</span> <span class='ocrx_word' id='word_1_262' title='bbox 696 4949 728 5007; x_wconf 86' lang='lat' dir='ltr'>S.</span> <span class='ocrx_word' id='word_1_263' title='bbox 753 4948 911 5024; x_wconf 86' lang='lat' dir='ltr'>Stephani</span> <span class='ocrx_word' id='word_1_264' title='bbox 933 4949 969 5011; x_wconf 90' lang='lat' dir='ltr'>in</span> <span class='ocrx_word' id='word_1_265' title='bbox 984 4951 1087 5012; x_wconf 78' lang='lat' dir='ltr'>Coelio</span> 
     </span>
     <span class='ocr_line' id='line_1_49' title="bbox 292 5039 826 5118; baseline -0.006 -14"><span class='ocrx_word' id='word_1_266' title='bbox 292 5043 403 5104; x_wconf 90' lang='lat' dir='ltr'>monte</span> <span class='ocrx_word' id='word_1_267' title='bbox 417 5039 526 5118; x_wconf 87' lang='lat' dir='ltr'>presb.</span> <span class='ocrx_word' id='word_1_268' title='bbox 543 5039 633 5100; x_wconf 89' lang='lat' dir='ltr'>card.</span> <span class='ocrx_word' id='word_1_269' title='bbox 647 5039 826 5116; x_wconf 89' lang='lat' dir='ltr'>subscrips.</span> 
     </span>
    </p>
   </div>
   <div class='ocr_carea' id='block_1_4' title="bbox 290 5136 1084 5608">
    <p class='ocr_par' dir='ltr' id='par_1_8' title="bbox 292 5136 1084 5310">
     <span class='ocr_line' id='line_1_50' title="bbox 332 5136 1084 5217; baseline -0.003 -15"><span class='ocrx_word' id='word_1_270' title='bbox 332 5141 400 5216; x_wconf 84' lang='lat' dir='ltr'>Ego</span> <span class='ocrx_word' id='word_1_271' title='bbox 423 5137 614 5212; x_wconf 80' lang='lat' dir='ltr'>Gregorius,</span> <span class='ocrx_word' id='word_1_272' title='bbox 639 5136 692 5197; x_wconf 80' lang='lat' dir='ltr'>tit.</span> <span class='ocrx_word' id='word_1_273' title='bbox 715 5140 747 5198; x_wconf 80' lang='lat' dir='ltr'>s.</span> <span class='ocrx_word' id='word_1_274' title='bbox 768 5140 955 5202; x_wconf 71' lang='lat' dir='ltr'>anastasiae</span> <span class='ocrx_word' id='word_1_275' title='bbox 975 5141 1084 5217; x_wconf 89' lang='lat' dir='ltr'>presb.</span> 
     </span>
     <span class='ocr_line' id='line_1_51' title="bbox 292 5233 576 5310; baseline -0.028 -9"><span class='ocrx_word' id='word_1_276' title='bbox 292 5238 382 5301; x_wconf 82' lang='lat' dir='ltr'>card.</span> <span class='ocrx_word' id='word_1_277' title='bbox 398 5233 576 5310; x_wconf 86' lang='lat' dir='ltr'>subscrips.</span> 
     </span>
    </p>

    <p class='ocr_par' dir='ltr' id='par_1_9' title="bbox 290 5331 1080 5514">
     <span class='ocr_line' id='line_1_52' title="bbox 331 5331 1080 5413; baseline -0.004 -14"><span class='ocrx_word' id='word_1_278' title='bbox 331 5337 399 5413; x_wconf 82' lang='lat' dir='ltr'>ligo</span> <span class='ocrx_word' id='word_1_279' title='bbox 428 5332 632 5411; x_wconf 81' lang='lat' dir='ltr'>Stephanae,</span> <span class='ocrx_word' id='word_1_280' title='bbox 659 5331 813 5394; x_wconf 75' lang='lat' dir='ltr'>Basilicas</span> <span class='ocrx_word' id='word_1_281' title='bbox 848 5335 910 5396; x_wconf 83' lang='lat' dir='ltr'>Xll</span> <span class='ocrx_word' id='word_1_282' title='bbox 935 5335 1080 5412; x_wconf 75' lang='lat' dir='ltr'>Apostol.</span> 
     </span>
     <span class='ocr_line' id='line_1_53' title="bbox 290 5427 683 5514; baseline -0.018 -19"><span class='ocrx_word' id='word_1_283' title='bbox 290 5433 398 5514; x_wconf 87' lang='lat' dir='ltr'>presb.</span> <span class='ocrx_word' id='word_1_284' title='bbox 414 5431 503 5494; x_wconf 89' lang='lat' dir='ltr'>card.</span> <span class='ocrx_word' id='word_1_285' title='bbox 521 5427 683 5506; x_wconf 90' lang='lat' dir='ltr'>subscrip.</span> 
     </span>
    </p>

    <p class='ocr_par' dir='ltr' id='par_1_10' title="bbox 331 5525 1080 5608">
     <span class='ocr_line' id='line_1_54' title="bbox 331 5525 1080 5608; baseline -0.004 -14"><span class='ocrx_word' id='word_1_286' title='bbox 331 5534 398 5608; x_wconf 74' lang='lat' dir='ltr'>Ego</span> <span class='ocrx_word' id='word_1_287' title='bbox 420 5529 572 5601; x_wconf 84' lang='lat' dir='ltr'>Thomas,</span> <span class='ocrx_word' id='word_1_288' title='bbox 588 5527 639 5590; x_wconf 88' lang='lat' dir='ltr'>tit.</span> <span class='ocrx_word' id='word_1_289' title='bbox 664 5529 696 5588; x_wconf 79' lang='lat' dir='ltr'>S·</span> <span class='ocrx_word' id='word_1_290' title='bbox 715 5525 846 5590; x_wconf 86' lang='lat' dir='ltr'>Sabinae</span> <span class='ocrx_word' id='word_1_291' title='bbox 861 5529 970 5604; x_wconf 88' lang='lat' dir='ltr'>presb.</span> <span class='ocrx_word' id='word_1_292' title='bbox 992 5531 1080 5592; x_wconf 87' lang='lat' dir='ltr'>card.</span> 
     </span>
    </p>
   </div>
   <div class='ocr_carea' id='block_1_5' title="bbox 290 5627 469 5706">
    <p class='ocr_par' dir='ltr' id='par_1_11' title="bbox 290 5627 469 5706">
     <span class='ocr_line' id='line_1_55' title="bbox 290 5627 469 5706; baseline -0.022 -14"><span class='ocrx_word' id='word_1_293' title='bbox 290 5627 469 5706; x_wconf 85' lang='lat' dir='ltr'>subscrips.</span> 
     </span>
    </p>
   </div>
   <div class='ocr_carea' id='block_1_6' title="bbox 934 289 1928 362">
    <p class='ocr_par' dir='ltr' id='par_1_12' title="bbox 934 289 1928 362">
     <span class='ocr_line' id='line_1_56' title="bbox 934 289 1928 362; baseline 0.013 -14"><span class='ocrx_word' id='word_1_294' title='bbox 934 289 1110 350; x_wconf 80' lang='lat' dir='ltr'>HONORll</span> <span class='ocrx_word' id='word_1_295' title='bbox 1134 290 1350 352; x_wconf 73' lang='lat' dir='ltr'>11101’13Rs.</span> <span class='ocrx_word' id='word_1_296' title='bbox 1884 304 1928 362; x_wconf 77' lang='lat' dir='ltr'>tib</span> 
     </span>
    </p>
   </div>
   <div class='ocr_carea' id='block_1_7' title="bbox 1166 449 1929 1020">
    <p class='ocr_par' dir='ltr' id='par_1_13' title="bbox 1168 449 1928 628">
     <span class='ocr_line' id='line_1_57' title="bbox 1207 449 1928 526; baseline 0.014 -15"><span class='ocrx_word' id='word_1_297' title='bbox 1207 451 1274 526; x_wconf 82' lang='lat' dir='ltr'>Ege</span> <span class='ocrx_word' id='word_1_298' title='bbox 1290 449 1394 514; x_wconf 80' lang='lat' dir='ltr'>(luido</span> <span class='ocrx_word' id='word_1_299' title='bbox 1412 453 1446 513; x_wconf 84' lang='lat' dir='ltr'>S.</span> <span class='ocrx_word' id='word_1_300' title='bbox 1460 451 1591 513; x_wconf 89' lang='lat' dir='ltr'>Nicolai</span> <span class='ocrx_word' id='word_1_301' title='bbox 1610 452 1644 514; x_wconf 89' lang='lat' dir='ltr'>in</span> <span class='ocrx_word' id='word_1_302' title='bbox 1660 461 1791 516; x_wconf 84' lang='lat' dir='ltr'>earcere</span> <span class='ocrx_word' id='word_1_303' title='bbox 1805 457 1928 523; x_wconf 83' lang='lat' dir='ltr'>&#39;lulliaco</span> 
     </span>
     <span class='ocr_line' id='line_1_58' title="bbox 1168 548 1621 628; baseline 0.004 -18"><span class='ocrx_word' id='word_1_304' title='bbox 1168 548 1426 612; x_wconf 87' lang='lat' dir='ltr'>diaconuscard.</span> <span class='ocrx_word' id='word_1_305' title='bbox 1444 549 1621 628; x_wconf 87' lang='lat' dir='ltr'>subscrips.</span> 
     </span>
    </p>

    <p class='ocr_par' dir='ltr' id='par_1_14' title="bbox 1166 645 1929 824">
     <span class='ocr_line' id='line_1_59' title="bbox 1207 645 1929 727; baseline 0.012 -19"><span class='ocrx_word' id='word_1_306' title='bbox 1207 647 1274 724; x_wconf 87' lang='lat' dir='ltr'>Ego</span> <span class='ocrx_word' id='word_1_307' title='bbox 1308 645 1518 710; x_wconf 89' lang='lat' dir='ltr'>Octaviamus</span> <span class='ocrx_word' id='word_1_308' title='bbox 1544 651 1599 710; x_wconf 88' lang='lat' dir='ltr'>SS.</span> <span class='ocrx_word' id='word_1_309' title='bbox 1632 650 1758 727; x_wconf 85' lang='lat' dir='ltr'>Sergii,</span> <span class='ocrx_word' id='word_1_310' title='bbox 1783 654 1814 715; x_wconf 91' lang='lat' dir='ltr'>et</span> <span class='ocrx_word' id='word_1_311' title='bbox 1834 655 1929 716; x_wconf 86' lang='lat' dir='ltr'>Bacchi</span> 
     </span>
     <span class='ocr_line' id='line_1_60' title="bbox 1166 744 1627 824; baseline 0.009 -20"><span class='ocrx_word' id='word_1_312' title='bbox 1166 744 1326 806; x_wconf 91' lang='lat' dir='ltr'>diaconus</span> <span class='ocrx_word' id='word_1_313' title='bbox 1342 745 1432 806; x_wconf 88' lang='lat' dir='ltr'>card.</span> <span class='ocrx_word' id='word_1_314' title='bbox 1449 746 1627 824; x_wconf 91' lang='lat' dir='ltr'>subscrips.</span> 
     </span>
    </p>

    <p class='ocr_par' dir='ltr' id='par_1_15' title="bbox 1166 845 1929 1020">
     <span class='ocr_line' id='line_1_61' title="bbox 1206 845 1929 920; baseline 0.01 -16"><span class='ocrx_word' id='word_1_315' title='bbox 1206 845 1274 920; x_wconf 85' lang='lat' dir='ltr'>Ego</span> <span class='ocrx_word' id='word_1_316' title='bbox 1311 845 1503 920; x_wconf 85' lang='lat' dir='ltr'>Gregorius,</span> <span class='ocrx_word' id='word_1_317' title='bbox 1539 848 1571 907; x_wconf 89' lang='lat' dir='ltr'>S.</span> <span class='ocrx_word' id='word_1_318' title='bbox 1601 845 1766 908; x_wconf 88' lang='lat' dir='ltr'>Theodori</span> <span class='ocrx_word' id='word_1_319' title='bbox 1800 847 1929 912; x_wconf 85' lang='lat' dir='ltr'>diaconus</span> 
     </span>
     <span class='ocr_line' id='line_1_62' title="bbox 1166 941 1486 1020; baseline 0 -18"><span class='ocrx_word' id='word_1_320' title='bbox 1166 942 1292 1004; x_wconf 87' lang='lat' dir='ltr'>cardiu.</span> <span class='ocrx_word' id='word_1_321' title='bbox 1307 941 1486 1020; x_wconf 89' lang='lat' dir='ltr'>subscrips.</span> 
     </span>
    </p>
   </div>
   <div class='ocr_carea' id='block_1_8' title="bbox 1143 1006 2005 1118">
    <p class='ocr_par' dir='ltr' id='par_1_16' title="bbox 1143 1006 2005 1118">
     <span class='ocr_line' id='line_1_63' title="bbox 1143 1006 2005 1118; baseline 0.007 -18"><span class='ocrx_word' id='word_1_322' title='bbox 1143 1053 1145 1059; x_wconf 86' lang='lat'>·</span> <span class='ocrx_word' id='word_1_323' title='bbox 1206 1041 1273 1116; x_wconf 84' lang='lat' dir='ltr'>Ego</span> <span class='ocrx_word' id='word_1_324' title='bbox 1313 1041 1510 1118; x_wconf 87' lang='lat' dir='ltr'>Stephanus,</span> <span class='ocrx_word' id='word_1_325' title='bbox 1549 1041 1582 1103; x_wconf 87' lang='lat' dir='ltr'>S.</span> <span class='ocrx_word' id='word_1_326' title='bbox 1620 1042 1760 1104; x_wconf 89' lang='lat' dir='ltr'>Adriani</span> <span class='ocrx_word' id='word_1_327' title='bbox 1800 1043 1930 1106; x_wconf 86' lang='lat' dir='ltr'>diaeonus</span> <span class='ocrx_word' id='word_1_328' title='bbox 2004 1006 2005 1017; x_wconf 9' lang='grc' dir='ltr'>ἵ</span> 
     </span>
    </p>
   </div>
   <div class='ocr_carea' id='block_1_9' title="bbox 1161 1137 2004 1808">
    <p class='ocr_par' dir='ltr' id='par_1_17' title="bbox 1161 1137 2004 1808">
     <span class='ocr_line' id='line_1_64' title="bbox 1164 1137 1487 1217; baseline 0.009 -20"><span class='ocrx_word' id='word_1_329' title='bbox 1164 1138 1290 1198; x_wconf 90' lang='lat' dir='ltr'>cardin.</span> <span class='ocrx_word' id='word_1_330' title='bbox 1306 1137 1487 1217; x_wconf 79' lang='lat' dir='ltr'>subscrips</span> 
     </span>
     <span class='ocr_line' id='line_1_65' title="bbox 1204 1237 1931 1312; baseline 0.007 -15"><span class='ocrx_word' id='word_1_331' title='bbox 1204 1238 1272 1312; x_wconf 84' lang='lat' dir='ltr'>Ego</span> <span class='ocrx_word' id='word_1_332' title='bbox 1291 1237 1547 1310; x_wconf 84' lang='lat' dir='ltr'>Alebrandinus,</span> <span class='ocrx_word' id='word_1_333' title='bbox 1563 1240 1598 1300; x_wconf 86' lang='lat' dir='ltr'>S.</span> <span class='ocrx_word' id='word_1_334' title='bbox 1615 1239 1786 1302; x_wconf 83' lang='lat' dir='ltr'>Eustachii</span> <span class='ocrx_word' id='word_1_335' title='bbox 1800 1239 1931 1302; x_wconf 90' lang='lat' dir='ltr'>diaconus</span> 
     </span>
     <span class='ocr_line' id='line_1_66' title="bbox 1164 1334 2004 1412; baseline 0.005 -18"><span class='ocrx_word' id='word_1_336' title='bbox 1164 1335 1254 1395; x_wconf 89' lang='lat' dir='ltr'>card.</span> <span class='ocrx_word' id='word_1_337' title='bbox 1272 1334 1452 1412; x_wconf 91' lang='lat' dir='ltr'>subscrips.</span> <span class='ocrx_word' id='word_1_338' title='bbox 2003 1399 2004 1408; x_wconf 62' lang='grc'>,</span> 
     </span>
     <span class='ocr_line' id='line_1_67' title="bbox 1204 1429 2004 1513; baseline 0.004 -20"><span class='ocrx_word' id='word_1_339' title='bbox 1204 1433 1322 1494; x_wconf 89' lang='lat' dir='ltr'>Datum</span> <span class='ocrx_word' id='word_1_340' title='bbox 1359 1433 1529 1496; x_wconf 75' lang='lat' dir='ltr'>Ferentini</span> <span class='ocrx_word' id='word_1_341' title='bbox 1553 1447 1613 1512; x_wconf 89' lang='lat' dir='ltr'>per</span> <span class='ocrx_word' id='word_1_342' title='bbox 1641 1448 1777 1498; x_wconf 88' lang='lat' dir='ltr'>manum</span> <span class='ocrx_word' id='word_1_343' title='bbox 1801 1436 1931 1513; x_wconf 81' lang='lat' dir='ltr'>heynerii</span> <span class='ocrx_word' id='word_1_344' title='bbox 2003 1429 2004 1486; x_wconf 70' lang='grc' dir='ltr'>ζ</span> 
     </span>
     <span class='ocr_line' id='line_1_68' title="bbox 1163 1531 1932 1596; baseline 0.005 -6"><span class='ocrx_word' id='word_1_345' title='bbox 1163 1531 1321 1592; x_wconf 68' lang='lat' dir='ltr'>Romane</span> <span class='ocrx_word' id='word_1_346' title='bbox 1337 1532 1494 1594; x_wconf 75' lang='lat' dir='ltr'>Ecclesiae</span> <span class='ocrx_word' id='word_1_347' title='bbox 1506 1533 1778 1596; x_wconf 87' lang='lat' dir='ltr'>vicecancellarii</span> <span class='ocrx_word' id='word_1_348' title='bbox 1786 1537 1828 1594; x_wconf 85' lang='lat' dir='ltr'>IX</span> <span class='ocrx_word' id='word_1_349' title='bbox 1838 1535 1932 1594; x_wconf 82' lang='lat' dir='ltr'>italen-</span> 
     </span>
     <span class='ocr_line' id='line_1_69' title="bbox 1163 1627 1929 1704; baseline 0.005 -17"><span class='ocrx_word' id='word_1_350' title='bbox 1163 1627 1929 1704; x_wconf 69' lang='lat' dir='ltr'>dassugustbindv,incarnbomanuolah,</span> 
     </span>
     <span class='ocr_line' id='line_1_70' title="bbox 1161 1726 1929 1808; baseline 0.001 -22"><span class='ocrx_word' id='word_1_351' title='bbox 1161 1726 1371 1802; x_wconf 88' lang='lat' dir='ltr'>pontificatus</span> <span class='ocrx_word' id='word_1_352' title='bbox 1392 1742 1471 1790; x_wconf 82' lang='lat' dir='ltr'>vero</span> <span class='ocrx_word' id='word_1_353' title='bbox 1489 1729 1629 1790; x_wconf 86' lang='lat' dir='ltr'>Honorii</span> <span class='ocrx_word' id='word_1_354' title='bbox 1653 1733 1723 1808; x_wconf 89' lang='lat' dir='ltr'>Pap</span> <span class='ocrx_word' id='word_1_355' title='bbox 1749 1731 1794 1792; x_wconf 90' lang='grc' dir='ltr'>ΙΙΙ</span> <span class='ocrx_word' id='word_1_356' title='bbox 1814 1743 1929 1790; x_wconf 88' lang='lat' dir='ltr'>annon.</span> 
     </span>
    </p>
   </div>
   <div class='ocr_carea' id='block_1_10' title="bbox 1524 1899 1589 1993">
    <p class='ocr_par' dir='ltr' id='par_1_18' title="bbox 1524 1899 1589 1993">
     <span class='ocr_line' id='line_1_71' title="bbox 1524 1899 1589 1993; baseline -0.108 -1"><span class='ocrx_word' id='word_1_357' title='bbox 1524 1899 1589 1993; x_wconf 89' lang='lat' dir='ltr'>Ill</span> 
     </span>
    </p>
   </div>
   <div class='ocr_carea' id='block_1_11' title="bbox 1273 2043 1838 2118">
    <p class='ocr_par' dir='ltr' id='par_1_19' title="bbox 1273 2043 1838 2118">
     <span class='ocr_line' id='line_1_72' title="bbox 1273 2043 1838 2118; baseline 0.002 -16"><span class='ocrx_word' id='word_1_358' title='bbox 1273 2043 1324 2102; x_wconf 80' lang='lat' dir='ltr'>Ad</span> <span class='ocrx_word' id='word_1_359' title='bbox 1339 2055 1456 2118; x_wconf 77' lang='lat' dir='ltr'>repom</span> <span class='ocrx_word' id='word_1_360' title='bbox 1476 2043 1838 2118; x_wconf 75' lang='lat' dir='ltr'>Jrferoeorpmdauum.</span> 
     </span>
    </p>
   </div>
   <div class='ocr_carea' id='block_1_12' title="bbox 1457 2155 1653 2230">
    <p class='ocr_par' dir='ltr' id='par_1_20' title="bbox 1457 2155 1653 2230">
     <span class='ocr_line' id='line_1_73' title="bbox 1457 2155 1653 2230; baseline 0.005 -16"><span class='ocrx_word' id='word_1_361' title='bbox 1457 2155 1491 2214; x_wconf 79' lang='lat' dir='ltr'>ar</span> <span class='ocrx_word' id='word_1_362' title='bbox 1504 2156 1556 2230; x_wconf 79' lang='lat' dir='ltr'>ju.</span> <span class='ocrx_word' id='word_1_363' title='bbox 1575 2157 1653 2215; x_wconf 76' lang='lat' dir='ltr'>tarr.</span> 
     </span>
    </p>
   </div>
   <div class='ocr_carea' id='block_1_13' title="bbox 1160 2261 1930 2410">
    <p class='ocr_par' dir='ltr' id='par_1_21' title="bbox 1160 2261 1930 2410">
     <span class='ocr_line' id='line_1_74' title="bbox 1160 2261 1930 2329; baseline -0.006 -17"><span class='ocrx_word' id='word_1_364' title='bbox 1160 2261 1288 2326; x_wconf 69' lang='lat' dir='ltr'>[Theium.</span> <span class='ocrx_word' id='word_1_365' title='bbox 1300 2261 1367 2311; x_wconf 85' lang='lat' dir='ltr'>bion.</span> <span class='ocrx_word' id='word_1_366' title='bbox 1378 2263 1521 2326; x_wconf 80' lang='lat' dir='ltr'>Hungariae,</span> <span class='ocrx_word' id='word_1_367' title='bbox 1533 2265 1552 2321; x_wconf 86' lang='lat' dir='ltr'>l,</span> <span class='ocrx_word' id='word_1_368' title='bbox 1565 2263 1589 2321; x_wconf 83' lang='lat'>8.</span> <span class='ocrx_word' id='word_1_369' title='bbox 1602 2279 1628 2314; x_wconf 93' lang='lat' dir='ltr'>n.</span> <span class='ocrx_word' id='word_1_370' title='bbox 1645 2263 1688 2324; x_wconf 69' lang='lat' dir='ltr'>la,</span> <span class='ocrx_word' id='word_1_371' title='bbox 1710 2263 1833 2329; x_wconf 80' lang='lat' dir='ltr'>huynald,</span> <span class='ocrx_word' id='word_1_372' title='bbox 1845 2261 1930 2310; x_wconf 80' lang='lat' dir='ltr'>adam.</span> 
     </span>
     <span class='ocr_line' id='line_1_75' title="bbox 1257 2341 1856 2410; baseline 0.003 -19"><span class='ocrx_word' id='word_1_373' title='bbox 1257 2341 1317 2392; x_wconf 74' lang='lat' dir='ltr'>latr</span> <span class='ocrx_word' id='word_1_374' title='bbox 1329 2363 1334 2401; x_wconf 86' lang='lat'><strong>;</strong></span> <span class='ocrx_word' id='word_1_375' title='bbox 1353 2343 1405 2392; x_wconf 85' lang='lat' dir='ltr'>blas</span> <span class='ocrx_word' id='word_1_376' title='bbox 1415 2343 1510 2404; x_wconf 82' lang='lat' dir='ltr'>Latris,</span> <span class='ocrx_word' id='word_1_377' title='bbox 1525 2343 1590 2396; x_wconf 85' lang='lat' dir='ltr'>Hist.</span> <span class='ocrx_word' id='word_1_378' title='bbox 1602 2345 1754 2410; x_wconf 84' lang='lat' dir='ltr'>derypre,</span> <span class='ocrx_word' id='word_1_379' title='bbox 1766 2343 1796 2403; x_wconf 85' lang='lat'>11,</span> <span class='ocrx_word' id='word_1_380' title='bbox 1808 2341 1856 2408; x_wconf 71' lang='lat' dir='ltr'>bb]</span> 
     </span>
    </p>
   </div>
   <div class='ocr_carea' id='block_1_14' title="bbox 1158 2448 1930 2702">
    <p class='ocr_par' dir='ltr' id='par_1_22' title="bbox 1158 2448 1930 2702">
     <span class='ocr_line' id='line_1_76' title="bbox 1158 2448 1930 2526; baseline -0.004 -21"><span class='ocrx_word' id='word_1_381' title='bbox 1158 2448 1274 2507; x_wconf 78' lang='lat' dir='ltr'>Mandat</span> <span class='ocrx_word' id='word_1_382' title='bbox 1293 2451 1435 2508; x_wconf 86' lang='lat' dir='ltr'>Honorius</span> <span class='ocrx_word' id='word_1_383' title='bbox 1448 2450 1509 2524; x_wconf 90' lang='lat' dir='ltr'>regi</span> <span class='ocrx_word' id='word_1_384' title='bbox 1526 2451 1785 2526; x_wconf 83' lang='lat' dir='ltr'>Hierosolymitano</span> <span class='ocrx_word' id='word_1_385' title='bbox 1800 2448 1930 2508; x_wconf 84' lang='lat' dir='ltr'>mittendos</span> 
     </span>
     <span class='ocr_line' id='line_1_77' title="bbox 1192 2539 1930 2616; baseline -0.008 -20"><span class='ocrx_word' id='word_1_386' title='bbox 1192 2553 1257 2596; x_wconf 88' lang='lat' dir='ltr'>esse</span> <span class='ocrx_word' id='word_1_387' title='bbox 1269 2540 1384 2596; x_wconf 89' lang='lat' dir='ltr'>nuutios</span> <span class='ocrx_word' id='word_1_388' title='bbox 1397 2539 1510 2596; x_wconf 82' lang='lat' dir='ltr'>obuiam</span> <span class='ocrx_word' id='word_1_389' title='bbox 1525 2539 1688 2598; x_wconf 80' lang='lat' dir='ltr'>christianis</span> <span class='ocrx_word' id='word_1_390' title='bbox 1704 2539 1871 2616; x_wconf 85' lang='lat' dir='ltr'>principibus</span> <span class='ocrx_word' id='word_1_391' title='bbox 1881 2551 1930 2593; x_wconf 88' lang='lat' dir='ltr'>cru-</span> 
     </span>
     <span class='ocr_line' id='line_1_78' title="bbox 1192 2627 1842 2702; baseline 0.002 -19"><span class='ocrx_word' id='word_1_392' title='bbox 1192 2627 1357 2700; x_wconf 86' lang='lat' dir='ltr'>cesignatis,</span> <span class='ocrx_word' id='word_1_393' title='bbox 1375 2627 1450 2701; x_wconf 88' lang='lat' dir='ltr'>apud</span> <span class='ocrx_word' id='word_1_394' title='bbox 1464 2627 1585 2702; x_wconf 86' lang='lat' dir='ltr'>Cyprum</span> <span class='ocrx_word' id='word_1_395' title='bbox 1598 2628 1842 2688; x_wconf 85' lang='lat' dir='ltr'>convenientibus.</span> 
     </span>
    </p>
   </div>
   <div class='ocr_carea' id='block_1_15' title="bbox 1144 2741 2006 4784">
    <p class='ocr_par' dir='ltr' id='par_1_23' title="bbox 1154 2741 2004 3100">
     <span class='ocr_line' id='line_1_79' title="bbox 1196 2741 1927 2823; baseline -0.007 -17"><span class='ocrx_word' id='word_1_396' title='bbox 1196 2746 1363 2806; x_wconf 89' lang='lat' dir='ltr'>Honorius</span> <span class='ocrx_word' id='word_1_397' title='bbox 1376 2745 1561 2823; x_wconf 89' lang='lat' dir='ltr'>episcopus,</span> <span class='ocrx_word' id='word_1_398' title='bbox 1572 2763 1686 2809; x_wconf 88' lang='lat' dir='ltr'>servus</span> <span class='ocrx_word' id='word_1_399' title='bbox 1700 2741 1927 2812; x_wconf 85' lang='lat' dir='ltr'>servorumDei,</span> 
     </span>
     <span class='ocr_line' id='line_1_80' title="bbox 1156 2839 2004 2914; baseline -0.006 -13"><span class='ocrx_word' id='word_1_400' title='bbox 1156 2842 1328 2903; x_wconf 91' lang='lat' dir='ltr'>carissimo</span> <span class='ocrx_word' id='word_1_401' title='bbox 1358 2843 1393 2905; x_wconf 89' lang='lat' dir='ltr'>in</span> <span class='ocrx_word' id='word_1_402' title='bbox 1422 2843 1551 2906; x_wconf 85' lang='lat' dir='ltr'>Christo</span> <span class='ocrx_word' id='word_1_403' title='bbox 1578 2845 1698 2907; x_wconf 81' lang='lat' dir='ltr'>filio...</span> <span class='ocrx_word' id='word_1_404' title='bbox 1732 2844 1848 2906; x_wconf 91' lang='lat' dir='ltr'>illustri</span> <span class='ocrx_word' id='word_1_405' title='bbox 1872 2839 1930 2914; x_wconf 84' lang='lat' dir='ltr'>regi</span> <span class='ocrx_word' id='word_1_406' title='bbox 2003 2895 2004 2898; x_wconf 72' lang='grc'>,</span> 
     </span>
     <span class='ocr_line' id='line_1_81' title="bbox 1154 2938 1929 3020; baseline -0.008 -19"><span class='ocrx_word' id='word_1_407' title='bbox 1154 2939 1432 3018; x_wconf 85' lang='lat' dir='ltr'>Jerosolymitano</span> <span class='ocrx_word' id='word_1_408' title='bbox 1447 2941 1587 3003; x_wconf 88' lang='lat' dir='ltr'>salutem</span> <span class='ocrx_word' id='word_1_409' title='bbox 1603 2944 1635 3005; x_wconf 92' lang='lat' dir='ltr'>et</span> <span class='ocrx_word' id='word_1_410' title='bbox 1652 2943 1862 3020; x_wconf 90' lang='lat' dir='ltr'>apostolicam</span> <span class='ocrx_word' id='word_1_411' title='bbox 1879 2938 1929 2997; x_wconf 89' lang='lat' dir='ltr'>be-</span> 
     </span>
     <span class='ocr_line' id='line_1_82' title="bbox 1154 3037 1386 3100; baseline 0.004 -3"><span class='ocrx_word' id='word_1_412' title='bbox 1154 3037 1386 3100; x_wconf 82' lang='lat' dir='ltr'>nedictionerir.</span> 
     </span>
    </p>

    <p class='ocr_par' dir='ltr' id='par_1_24' title="bbox 1144 3134 2006 4784">
     <span class='ocr_line' id='line_1_83' title="bbox 1194 3134 1928 3208; baseline -0.003 -12"><span class='ocrx_word' id='word_1_413' title='bbox 1194 3137 1299 3208; x_wconf 92' lang='lat' dir='ltr'>Quum</span> <span class='ocrx_word' id='word_1_414' title='bbox 1315 3135 1507 3198; x_wconf 89' lang='lat' dir='ltr'>carissimus</span> <span class='ocrx_word' id='word_1_415' title='bbox 1530 3137 1565 3198; x_wconf 92' lang='lat' dir='ltr'>in</span> <span class='ocrx_word' id='word_1_416' title='bbox 1587 3137 1719 3202; x_wconf 89' lang='lat' dir='ltr'>Christo</span> <span class='ocrx_word' id='word_1_417' title='bbox 1737 3138 1857 3200; x_wconf 85' lang='lat' dir='ltr'>tilius...</span> <span class='ocrx_word' id='word_1_418' title='bbox 1871 3134 1928 3194; x_wconf 88' lang='lat' dir='ltr'>Uu-</span> 
     </span>
     <span class='ocr_line' id='line_1_84' title="bbox 1152 3227 1928 3309; baseline -0.009 -15"><span class='ocrx_word' id='word_1_419' title='bbox 1152 3234 1255 3309; x_wconf 88' lang='lat' dir='ltr'>gariae</span> <span class='ocrx_word' id='word_1_420' title='bbox 1284 3249 1345 3294; x_wconf 87' lang='lat' dir='ltr'>rex</span> <span class='ocrx_word' id='word_1_421' title='bbox 1368 3234 1545 3296; x_wconf 88' lang='lat' dir='ltr'>illustris...</span> <span class='ocrx_word' id='word_1_422' title='bbox 1570 3236 1638 3297; x_wconf 82' lang='lat' dir='ltr'>dux</span> <span class='ocrx_word' id='word_1_423' title='bbox 1660 3237 1802 3300; x_wconf 86' lang='lat' dir='ltr'>Austriae</span> <span class='ocrx_word' id='word_1_424' title='bbox 1824 3249 1859 3295; x_wconf 90' lang='lat' dir='ltr'>ac</span> <span class='ocrx_word' id='word_1_425' title='bbox 1881 3227 1928 3290; x_wconf 91' lang='lat' dir='ltr'>alii</span> 
     </span>
     <span class='ocr_line' id='line_1_85' title="bbox 1153 3326 1925 3411; baseline -0.006 -21"><span class='ocrx_word' id='word_1_426' title='bbox 1153 3331 1246 3392; x_wconf 88' lang='lat' dir='ltr'>multi</span> <span class='ocrx_word' id='word_1_427' title='bbox 1257 3335 1427 3410; x_wconf 89' lang='lat' dir='ltr'>magnates</span> <span class='ocrx_word' id='word_1_428' title='bbox 1438 3332 1470 3395; x_wconf 90' lang='lat' dir='ltr'>et</span> <span class='ocrx_word' id='word_1_429' title='bbox 1481 3335 1710 3411; x_wconf 89' lang='lat' dir='ltr'>magnanimes</span> <span class='ocrx_word' id='word_1_430' title='bbox 1722 3336 1754 3397; x_wconf 90' lang='lat' dir='ltr'>et</span> <span class='ocrx_word' id='word_1_431' title='bbox 1767 3326 1925 3409; x_wconf 87' lang='lat' dir='ltr'>magnifici,</span> 
     </span>
     <span class='ocr_line' id='line_1_86' title="bbox 1152 3425 1927 3508; baseline -0.008 -19"><span class='ocrx_word' id='word_1_432' title='bbox 1152 3428 1193 3490; x_wconf 90' lang='lat' dir='ltr'>ad</span> <span class='ocrx_word' id='word_1_433' title='bbox 1231 3428 1415 3492; x_wconf 89' lang='lat' dir='ltr'>subsidium</span> <span class='ocrx_word' id='word_1_434' title='bbox 1446 3433 1558 3493; x_wconf 85' lang='lat' dir='ltr'>Terrae</span> <span class='ocrx_word' id='word_1_435' title='bbox 1595 3435 1737 3507; x_wconf 82' lang='lat' dir='ltr'>Sanctae‚</span> <span class='ocrx_word' id='word_1_436' title='bbox 1764 3425 1927 3508; x_wconf 85' lang='lat' dir='ltr'>inspirante</span> 
     </span>
     <span class='ocr_line' id='line_1_87' title="bbox 1152 3525 1927 3606; baseline -0.006 -18"><span class='ocrx_word' id='word_1_437' title='bbox 1152 3527 1301 3601; x_wconf 89' lang='lat' dir='ltr'>Domino,</span> <span class='ocrx_word' id='word_1_438' title='bbox 1332 3528 1530 3606; x_wconf 89' lang='lat' dir='ltr'>aspirantes,</span> <span class='ocrx_word' id='word_1_439' title='bbox 1559 3530 1594 3590; x_wconf 92' lang='lat' dir='ltr'>in</span> <span class='ocrx_word' id='word_1_440' title='bbox 1620 3532 1802 3594; x_wconf 83' lang='lat' dir='ltr'>Nativitate</span> <span class='ocrx_word' id='word_1_441' title='bbox 1835 3525 1927 3588; x_wconf 79' lang='lat' dir='ltr'>Beate</span> 
     </span>
     <span class='ocr_line' id='line_1_88' title="bbox 1150 3625 1926 3708; baseline -0.008 -22"><span class='ocrx_word' id='word_1_442' title='bbox 1150 3626 1277 3698; x_wconf 91' lang='lat' dir='ltr'>Mariae,</span> <span class='ocrx_word' id='word_1_443' title='bbox 1301 3628 1368 3703; x_wconf 87' lang='lat' dir='ltr'>Deo</span> <span class='ocrx_word' id='word_1_444' title='bbox 1387 3627 1541 3704; x_wconf 91' lang='lat' dir='ltr'>propitio,</span> <span class='ocrx_word' id='word_1_445' title='bbox 1559 3629 1645 3706; x_wconf 89' lang='lat' dir='ltr'>apud</span> <span class='ocrx_word' id='word_1_446' title='bbox 1661 3630 1803 3708; x_wconf 78' lang='lat' dir='ltr'>Cyprum</span> <span class='ocrx_word' id='word_1_447' title='bbox 1827 3625 1926 3699; x_wconf 90' lang='lat' dir='ltr'>dispo-</span> 
     </span>
     <span class='ocr_line' id='line_1_89' title="bbox 1150 3724 1927 3798; baseline -0.009 -14"><span class='ocrx_word' id='word_1_448' title='bbox 1150 3725 1278 3785; x_wconf 88' lang='lat' dir='ltr'>suerint</span> <span class='ocrx_word' id='word_1_449' title='bbox 1292 3725 1480 3798; x_wconf 87' lang='lat' dir='ltr'>conveuire,</span> <span class='ocrx_word' id='word_1_450' title='bbox 1497 3727 1533 3786; x_wconf 92' lang='lat' dir='ltr'>ut</span> <span class='ocrx_word' id='word_1_451' title='bbox 1548 3727 1728 3789; x_wconf 90' lang='lat' dir='ltr'>secundum</span> <span class='ocrx_word' id='word_1_452' title='bbox 1741 3730 1805 3790; x_wconf 89' lang='lat' dir='ltr'>tuae</span> <span class='ocrx_word' id='word_1_453' title='bbox 1818 3724 1927 3784; x_wconf 88' lang='lat' dir='ltr'>discre-</span> 
     </span>
     <span class='ocr_line' id='line_1_90' title="bbox 1149 3816 1925 3900; baseline -0.013 -17"><span class='ocrx_word' id='word_1_454' title='bbox 1149 3821 1249 3883; x_wconf 89' lang='lat' dir='ltr'>tionis</span> <span class='ocrx_word' id='word_1_455' title='bbox 1265 3822 1439 3883; x_wconf 92' lang='lat' dir='ltr'>consilium</span> <span class='ocrx_word' id='word_1_456' title='bbox 1455 3823 1489 3883; x_wconf 94' lang='lat' dir='ltr'>in</span> <span class='ocrx_word' id='word_1_457' title='bbox 1503 3825 1635 3900; x_wconf 86' lang='lat' dir='ltr'>negotio</span> <span class='ocrx_word' id='word_1_458' title='bbox 1653 3825 1775 3887; x_wconf 90' lang='lat' dir='ltr'>Christi</span> <span class='ocrx_word' id='word_1_459' title='bbox 1793 3816 1925 3886; x_wconf 89' lang='lat' dir='ltr'>ordinate</span> 
     </span>
     <span class='ocr_line' id='line_1_91' title="bbox 1148 3909 1926 3996; baseline -0.009 -17"><span class='ocrx_word' id='word_1_460' title='bbox 1148 3919 1338 3996; x_wconf 88' lang='lat' dir='ltr'>procedant,</span> <span class='ocrx_word' id='word_1_461' title='bbox 1365 3921 1451 3982; x_wconf 89' lang='lat' dir='ltr'>sicut</span> <span class='ocrx_word' id='word_1_462' title='bbox 1472 3920 1558 3981; x_wconf 93' lang='lat' dir='ltr'>idem</span> <span class='ocrx_word' id='word_1_463' title='bbox 1579 3937 1640 3982; x_wconf 87' lang='lat' dir='ltr'>rex</span> <span class='ocrx_word' id='word_1_464' title='bbox 1662 3922 1729 3984; x_wconf 88' lang='lat' dir='ltr'>tuae</span> <span class='ocrx_word' id='word_1_465' title='bbox 1755 3909 1926 3984; x_wconf 87' lang='lat' dir='ltr'>celsitudini</span> 
     </span>
     <span class='ocr_line' id='line_1_92' title="bbox 1148 4013 1926 4092; baseline -0.01 -15"><span class='ocrx_word' id='word_1_466' title='bbox 1148 4033 1207 4092; x_wconf 90' lang='lat' dir='ltr'>per</span> <span class='ocrx_word' id='word_1_467' title='bbox 1229 4033 1306 4078; x_wconf 90' lang='lat' dir='ltr'>suas</span> <span class='ocrx_word' id='word_1_468' title='bbox 1325 4017 1454 4080; x_wconf 90' lang='lat' dir='ltr'>litteras</span> <span class='ocrx_word' id='word_1_469' title='bbox 1477 4019 1598 4080; x_wconf 91' lang='lat' dir='ltr'>dicitur</span> <span class='ocrx_word' id='word_1_470' title='bbox 1621 4021 1776 4083; x_wconf 90' lang='lat' dir='ltr'>intimare</span> <span class='ocrx_word' id='word_1_471' title='bbox 1795 4042 1802 4080; x_wconf 93' lang='lat'><strong>:</strong></span> <span class='ocrx_word' id='word_1_472' title='bbox 1818 4013 1926 4090; x_wconf 88' lang='lat' dir='ltr'>regiam</span> 
     </span>
     <span class='ocr_line' id='line_1_93' title="bbox 1147 4109 2006 4192; baseline 0.003 -18"><span class='ocrx_word' id='word_1_473' title='bbox 1147 4115 1358 4176; x_wconf 89' lang='lat' dir='ltr'>serenitatem</span> <span class='ocrx_word' id='word_1_474' title='bbox 1383 4130 1539 4192; x_wconf 89' lang='lat' dir='ltr'>rogamus</span> <span class='ocrx_word' id='word_1_475' title='bbox 1559 4116 1592 4179; x_wconf 88' lang='lat' dir='ltr'>et</span> <span class='ocrx_word' id='word_1_476' title='bbox 1612 4133 1784 4180; x_wconf 90' lang='lat' dir='ltr'>monemus</span> <span class='ocrx_word' id='word_1_477' title='bbox 1807 4109 1924 4176; x_wconf 79' lang='lat' dir='ltr'>euentu</span> <span class='ocrx_word' id='word_1_478' title='bbox 2005 4125 2006 4162; x_wconf 62' lang='lat'><em>³</em></span> 
     </span>
     <span class='ocr_line' id='line_1_94' title="bbox 1147 4206 1925 4288; baseline -0.001 -16"><span class='ocrx_word' id='word_1_479' title='bbox 1147 4212 1308 4288; x_wconf 84' lang='lat' dir='ltr'>quatenus</span> <span class='ocrx_word' id='word_1_480' title='bbox 1331 4213 1417 4274; x_wconf 91' lang='lat' dir='ltr'>sicut</span> <span class='ocrx_word' id='word_1_481' title='bbox 1438 4229 1572 4275; x_wconf 90' lang='lat' dir='ltr'>causam</span> <span class='ocrx_word' id='word_1_482' title='bbox 1592 4215 1714 4279; x_wconf 86' lang='lat' dir='ltr'>Christi</span> <span class='ocrx_word' id='word_1_483' title='bbox 1740 4212 1865 4283; x_wconf 88' lang='lat' dir='ltr'>zelaris,</span> <span class='ocrx_word' id='word_1_484' title='bbox 1886 4206 1925 4266; x_wconf 81' lang='lat' dir='ltr'>cis</span> 
     </span>
     <span class='ocr_line' id='line_1_95' title="bbox 1146 4309 1924 4388; baseline -0.006 -19"><span class='ocrx_word' id='word_1_485' title='bbox 1146 4309 1226 4371; x_wconf 90' lang='lat' dir='ltr'>illuc</span> <span class='ocrx_word' id='word_1_486' title='bbox 1238 4325 1298 4388; x_wconf 91' lang='lat' dir='ltr'>per</span> <span class='ocrx_word' id='word_1_487' title='bbox 1311 4310 1344 4371; x_wconf 90' lang='lat' dir='ltr'>te</span> <span class='ocrx_word' id='word_1_488' title='bbox 1358 4310 1411 4372; x_wconf 81' lang='lat' dir='ltr'>vel</span> <span class='ocrx_word' id='word_1_489' title='bbox 1429 4311 1593 4374; x_wconf 90' lang='lat' dir='ltr'>solemnes</span> <span class='ocrx_word' id='word_1_490' title='bbox 1611 4315 1746 4378; x_wconf 91' lang='lat' dir='ltr'>nuntios</span> <span class='ocrx_word' id='word_1_491' title='bbox 1768 4317 1924 4376; x_wconf 87' lang='lat' dir='ltr'>occurrere</span> 
     </span>
     <span class='ocr_line' id='line_1_96' title="bbox 1145 4407 2006 4500; baseline -0.012 -31"><span class='ocrx_word' id='word_1_492' title='bbox 1145 4425 1212 4470; x_wconf 91' lang='lat' dir='ltr'>non</span> <span class='ocrx_word' id='word_1_493' title='bbox 1227 4408 1370 4481; x_wconf 89' lang='lat' dir='ltr'>omittas,</span> <span class='ocrx_word' id='word_1_494' title='bbox 1388 4409 1598 4487; x_wconf 90' lang='lat' dir='ltr'>impensurus</span> <span class='ocrx_word' id='word_1_495' title='bbox 1621 4413 1745 4474; x_wconf 91' lang='lat' dir='ltr'>eisdem</span> <span class='ocrx_word' id='word_1_496' title='bbox 1765 4411 1858 4492; x_wconf 91' lang='lat' dir='ltr'>prout</span> <span class='ocrx_word' id='word_1_497' title='bbox 1876 4407 1924 4465; x_wconf 88' lang='lat' dir='ltr'>tua</span> <span class='ocrx_word' id='word_1_498' title='bbox 2005 4469 2006 4500; x_wconf 69' lang='lat'>,</span> 
     </span>
     <span class='ocr_line' id='line_1_97' title="bbox 1146 4497 2006 4586; baseline -0.005 -18"><span class='ocrx_word' id='word_1_499' title='bbox 1146 4507 1294 4569; x_wconf 90' lang='lat' dir='ltr'>noscitur</span> <span class='ocrx_word' id='word_1_500' title='bbox 1317 4509 1507 4586; x_wconf 90' lang='lat' dir='ltr'>specialiter</span> <span class='ocrx_word' id='word_1_501' title='bbox 1530 4510 1691 4572; x_wconf 88' lang='lat' dir='ltr'>interesse</span> <span class='ocrx_word' id='word_1_502' title='bbox 1713 4497 1924 4573; x_wconf 83' lang='lat' dir='ltr'>consiliumet</span> <span class='ocrx_word' id='word_1_503' title='bbox 2005 4521 2006 4582; x_wconf 53' lang='lat'>3</span> 
     </span>
     <span class='ocr_line' id='line_1_98' title="bbox 1144 4595 1923 4684; baseline -0.006 -20"><span class='ocrx_word' id='word_1_504' title='bbox 1144 4606 1308 4667; x_wconf 79' lang='lat' dir='ltr'>auxilium</span> <span class='ocrx_word' id='word_1_505' title='bbox 1333 4609 1563 4684; x_wconf 91' lang='lat' dir='ltr'>opportunum.</span> <span class='ocrx_word' id='word_1_506' title='bbox 1579 4611 1697 4670; x_wconf 90' lang='lat' dir='ltr'>Datum</span> <span class='ocrx_word' id='word_1_507' title='bbox 1711 4601 1873 4672; x_wconf 80' lang='lat' dir='ltr'>Ferentini</span> <span class='ocrx_word' id='word_1_508' title='bbox 1887 4595 1923 4659; x_wconf 79' lang='lat' dir='ltr'>ll</span> 
     </span>
     <span class='ocr_line' id='line_1_99' title="bbox 1145 4697 1921 4784; baseline -0.01 -21"><span class='ocrx_word' id='word_1_509' title='bbox 1145 4702 1212 4764; x_wconf 85' lang='lat' dir='ltr'>hal.</span> <span class='ocrx_word' id='word_1_510' title='bbox 1226 4703 1303 4782; x_wconf 91' lang='lat' dir='ltr'>julii</span> <span class='ocrx_word' id='word_1_511' title='bbox 1318 4705 1530 4784; x_wconf 80' lang='lat' dir='ltr'>pontificatus</span> <span class='ocrx_word' id='word_1_512' title='bbox 1546 4707 1651 4768; x_wconf 89' lang='lat' dir='ltr'>nostri</span> <span class='ocrx_word' id='word_1_513' title='bbox 1670 4720 1758 4770; x_wconf 89' lang='lat' dir='ltr'>auno</span> <span class='ocrx_word' id='word_1_514' title='bbox 1782 4697 1921 4767; x_wconf 89' lang='lat' dir='ltr'>secundo.</span> 
     </span>
    </p>
   </div>
   <div class='ocr_carea' id='block_1_16' title="bbox 1205 5009 1865 5184">
    <p class='ocr_par' dir='ltr' id='par_1_25' title="bbox 1205 5009 1865 5184">
     <span class='ocr_line' id='line_1_100' title="bbox 1205 5009 1865 5090; baseline 0.002 -22"><span class='ocrx_word' id='word_1_515' title='bbox 1205 5009 1258 5068; x_wconf 80' lang='lat' dir='ltr'>Ad</span> <span class='ocrx_word' id='word_1_516' title='bbox 1275 5009 1484 5085; x_wconf 72' lang='lat' dir='ltr'>enuptstruut</span> <span class='ocrx_word' id='word_1_517' title='bbox 1500 5011 1533 5072; x_wconf 83' lang='lat' dir='ltr'>ef</span> <span class='ocrx_word' id='word_1_518' title='bbox 1546 5009 1680 5086; x_wconf 73' lang='lat' dir='ltr'>fratres</span> <span class='ocrx_word' id='word_1_519' title='bbox 1694 5011 1865 5090; x_wconf 75' lang='lat' dir='ltr'>hospitalis</span> 
     </span>
     <span class='ocr_line' id='line_1_101' title="bbox 1380 5107 1696 5184; baseline 0.019 -18"><span class='ocrx_word' id='word_1_520' title='bbox 1380 5107 1696 5184; x_wconf 67' lang='lat' dir='ltr'>hierosolymitani.</span> 
     </span>
    </p>
   </div>
   <div class='ocr_carea' id='block_1_17' title="bbox 1138 5219 2006 5584">
    <p class='ocr_par' dir='ltr' id='par_1_26' title="bbox 1138 5219 2006 5584">
     <span class='ocr_line' id='line_1_102' title="bbox 1439 5219 1628 5293; baseline 0.005 -16"><span class='ocrx_word' id='word_1_521' title='bbox 1439 5219 1535 5293; x_wconf 67' lang='lat' dir='ltr'>abiut.</span> <span class='ocrx_word' id='word_1_522' title='bbox 1550 5223 1628 5281; x_wconf 71' lang='grc' dir='ltr'>ΗΠ.</span> 
     </span>
     <span class='ocr_line' id='line_1_103' title="bbox 1279 5321 1789 5390; baseline 0.012 -18"><span class='ocrx_word' id='word_1_523' title='bbox 1279 5321 1375 5387; x_wconf 81' lang='lat' dir='ltr'>[Pauli.</span> <span class='ocrx_word' id='word_1_524' title='bbox 1385 5321 1447 5376; x_wconf 86' lang='lat' dir='ltr'>Ccd.</span> <span class='ocrx_word' id='word_1_525' title='bbox 1459 5325 1699 5390; x_wconf 74' lang='lat' dir='ltr'>diplomat.,1‚3to,</span> <span class='ocrx_word' id='word_1_526' title='bbox 1712 5345 1739 5381; x_wconf 89' lang='lat' dir='ltr'>n.</span> <span class='ocrx_word' id='word_1_527' title='bbox 1750 5329 1789 5380; x_wconf 81' lang='lat' dir='ltr'>to.</span> 
     </span>
     <span class='ocr_line' id='line_1_104' title="bbox 1138 5418 2006 5504; baseline 0.007 -26"><span class='ocrx_word' id='word_1_528' title='bbox 1138 5421 1276 5495; x_wconf 82' lang='lat' dir='ltr'>Magistro</span> <span class='ocrx_word' id='word_1_529' title='bbox 1295 5427 1324 5478; x_wconf 90' lang='lat' dir='ltr'>et</span> <span class='ocrx_word' id='word_1_530' title='bbox 1338 5419 1471 5480; x_wconf 86' lang='lat' dir='ltr'>fratribus</span> <span class='ocrx_word' id='word_1_531' title='bbox 1493 5423 1642 5498; x_wconf 88' lang='lat' dir='ltr'>hospitalis</span> <span class='ocrx_word' id='word_1_532' title='bbox 1656 5426 1848 5504; x_wconf 82' lang='lat' dir='ltr'>heymuudum</span> <span class='ocrx_word' id='word_1_533' title='bbox 1867 5418 1914 5476; x_wconf 79' lang='lat' dir='ltr'>flu·</span> <span class='ocrx_word' id='word_1_534' title='bbox 2005 5465 2006 5470; x_wconf 20' lang='grc' dir='ltr'><strong>κ</strong></span> 
     </span>
     <span class='ocr_line' id='line_1_105' title="bbox 1192 5509 1869 5584; baseline 0.001 -19"><span class='ocrx_word' id='word_1_535' title='bbox 1192 5509 1249 5583; x_wconf 91' lang='lat' dir='ltr'>pini</span> <span class='ocrx_word' id='word_1_536' title='bbox 1279 5509 1435 5584; x_wconf 89' lang='lat' dir='ltr'>principem</span> <span class='ocrx_word' id='word_1_537' title='bbox 1459 5512 1671 5574; x_wconf 79' lang='lat' dir='ltr'>Antiochenam</span> <span class='ocrx_word' id='word_1_538' title='bbox 1689 5511 1869 5576; x_wconf 87' lang='lat' dir='ltr'>commendat.</span> 
     </span>
    </p>
   </div>
   <div class='ocr_carea' id='block_1_18' title="bbox 1177 5625 1913 5706">
    <p class='ocr_par' dir='ltr' id='par_1_27' title="bbox 1177 5625 1913 5706">
     <span class='ocr_line' id='line_1_106' title="bbox 1177 5625 1913 5706; baseline -0.014 -19"><span class='ocrx_word' id='word_1_539' title='bbox 1177 5625 1346 5688; x_wconf 87' lang='lat' dir='ltr'>Honorius</span> <span class='ocrx_word' id='word_1_540' title='bbox 1387 5628 1573 5706; x_wconf 90' lang='lat' dir='ltr'>episcopus,</span> <span class='ocrx_word' id='word_1_541' title='bbox 1612 5649 1728 5696; x_wconf 85' lang='lat' dir='ltr'>servus</span> <span class='ocrx_word' id='word_1_542' title='bbox 1762 5629 1913 5696; x_wconf 80' lang='lat' dir='ltr'>servorun</span> 
     </span>
    </p>
   </div>
   <div class='ocr_carea' id='block_1_19' title="bbox 0 0 2046 6342">
    <p class='ocr_par' dir='ltr' id='par_1_28' title="bbox 0 0 2046 6342">
     <span class='ocr_line' id='line_1_107' title="bbox 0 0 2046 6342; baseline 0 7"><span class='ocrx_word' id='word_1_543' title='bbox 0 0 2046 6342; x_wconf 95' lang='lat' dir='ltr'> </span> 
     </span>
    </p>
   </div>
  </div>
 </body>
</html>
