4014 6312
1059 279 1070 312 t

307 377 367 434 523

310 533 452 603 matum,
479 533 547 608 vix,
572 535 631 596 aut
660 549 829 612 nunquam
854 533 966 598 valeat
988 532 1099 596 resor-

308 632 404 700 mari,
428 632 492 694 nisi
509 631 642 709 quidam
662 633 768 710 ipsius
790 631 942 694 canonici
963 648 1100 716 prorsus

308 729 409 792 amoti
430 728 554 792 fuerint
577 729 759 802 abeodem,
783 729 957 792 amovendi
979 745 1037 792 eos
1059 729 1100 792 ab

308 826 391 904 ipso,
422 829 455 888 et
490 827 674 888 collocandi
709 827 859 905 singulos
895 828 931 889 in
959 827 1101 903 singulis

307 925 518 986 monasteriis
554 926 736 998 canonicis,
774 927 1034 989 commoraturos
1064 926 1100 986 in

306 1023 388 1098 ipsis
412 1038 583 1102 quousque
612 1023 700 1085 idem
722 1025 963 1087 monasterium
988 1025 1101 1086 esuis

306 1119 459 1181 videatur
485 1120 729 1184 calamitatibus
753 1123 947 1200 respirasse,
973 1138 1101 1185 necnon

307 1217 498 1279 assumendi
517 1218 557 1282 de
572 1217 648 1279 aliis
670 1221 881 1283 monasteriis
901 1221 953 1282 sui
975 1219 1101 1282 ordinis

306 1316 437 1393 aliquos
461 1316 601 1378 scientia
620 1317 652 1379 et
672 1317 835 1394 religione
860 1319 1033 1397 pollentes,
1063 1333 1102 1380 ac

307 1415 451 1490 ponendi
477 1430 533 1476 eos
560 1415 595 1479 in
619 1418 822 1480 monasterio
849 1417 1041 1495 saepedicto,
1067 1417 1103 1480 ut

308 1511 392 1572 alios
406 1512 508 1574 verbo
523 1513 556 1576 et
570 1515 721 1592 exemplo
736 1514 916 1577 informent
930 1515 970 1578 ad
988 1514 1103 1578 ohser-

306 1609 454 1672 vantiam
467 1612 655 1687 regularem
665 1615 917 1690 praeceptorum,
933 1612 1102 1674 licentiam

305 1705 365 1768 tibi
381 1709 562 1775 concedere
581 1710 818 1788 dignaremur3
840 1727 900 1772 nos
922 1710 1025 1788 igitur
1042 1725 1104 1788 ge·

305 1805 417 1868 rentes
445 1807 486 1867 de
507 1808 619 1870 vestra
645 1809 941 1886 circumspectione
965 1823 1004 1872 ao
1026 1824 1102 1870 mo·-

306 1901 412 1964 destia
427 1904 583 1967 fiduciam
603 1905 797 1983 pleniorem,
814 1907 1007 1970 discretioni
1027 1921 1104 1967 ves-

306 2000 378 2073 trae,
416 2017 476 2081 per
509 2003 700 2082 apostolica
733 2004 857 2081 scripta
889 2004 1100 2076 mandamus,

197 2129 202 2139 ·
306 2099 482 2176 quatenus,
498 2100 674 2167 dummodo
689 2101 877 2179 exemplum
892 2102 1013 2164 nonsit
1026 2117 1101 2164 mo·

306 2197 489 2259 nesterium
513 2199 746 2272 memoratum,
772 2200 973 2279 supradicta,
998 2202 1103 2262 Deum

306 2293 1104 2378 babentespraeoculis‚exsequaminiproutvide-

306 2391 381 2452 ritis
393 2393 562 2470 expedire.
576 2394 842 2457 contradictores
855 2396 881 2456 si
897 2396 954 2476 qui
967 2395 1100 2468 fuerint,

305 2489 357 2550 vel
377 2481 531 2563 rebelles,
555 2507 616 2570 per
642 2507 818 2554 censuram
842 2493 1102 2556 ecclesiasticam

306 2587 529 2664 appellatione
543 2591 727 2668 postposita
743 2590 993 2668 compescendo.
1010 2589 1102 2668 Quod

306 2685 334 2743 si
356 2700 422 2746 non
439 2702 552 2748 omues
567 2687 609 2748 iis
631 2689 850 2766 exsequendis
865 2689 1028 2750 interesse
1043 2703 1104 2765 po·

305 2782 448 2854 tueritiS,
464 2785 501 2844 tu
515 2799 567 2856 ea,
586 2783 690 2848 irater
705 2785 869 2864 episcope,
892 2802 966 2847 cum
988 2801 1103 2847 eorum

306 2879 412 2940 altero
425 2880 642 2942 nihilomiuus
655 2883 860 2960 exsequaris.
873 2885 993 2947 Datum
1005 2883 1104 2946 Late-

307 2976 382 3037 rani
406 2978 523 3044 deciuo
542 2979 704 3044 kalendas
723 2979 913 3048 novembris
931 2997 1025 3058 ,anuo
1049 2996 1103 3042 se-

308 3074 426 3142 cundo.

636 3198 781 3286 XLVII

369 3348 420 3410 Ad
432 3347 692 3410 Narbonensem
707 3351 1001 3425 archiepiscopum
1013 3350 1046 3412 et

493 3447 697 3509 blesensem
714 3449 918 3522 episcopum.

610 3567 709 3627 2300t.
724 3569 802 3627 lili.

262 3740 265 3745 .
340 3680 477 3748 [bouquet
495 3681 596 3735 Recueil
613 3683 657 3734 dee
669 3683 728 3733 hist.
747 3689 766 3734 t.
778 3683 845 3740 lllll,
857 3681 955 3748 p.oa7;
972 3685 1072 3750 begeat.

593 3762 638 3814 lib.
654 3764 685 3823 11,
701 3777 740 3828 ep
751 3763 818 3827 bid]

309 3868 478 3942 Quanquam
496 3869 610 3943 legatus
630 3870 802 3943 apostolicus
817 3886 888 3944 quas
900 3870 1024 3930 babeant
1038 3886 1104 3931 curn

344 3958 460 4016 Simone
472 3957 508 4015 de
521 3957 681 4017 lienteimti
702 3961 912 4018 controversias
926 3961 1105 4019 comniodius

343 4045 476 4110 dirimere
499 4048 631 4120 potuerit,
651 4049 718 4120 quia
735 4055 831 4108 tamen
851 4048 887 4106 ad
910 4050 944 4107 il.
965 4050 998 4111 li.
1021 4047 1104 4111 luerit

344 4141 540 4208 provocatum,
557 4135 675 4194 mandat
696 4138 837 4194 Honorius
851 4145 882 4194 ut
896 4138 1022 4214 episcopi
1046 4141 1101 4200 lto·

343 4236 421 4278 mam
439 4223 495 4297 ipsi
506 4223 624 4280 veniant
637 4238 735 4284 coram
745 4222 1066 4286 secausamdelensuri.

347 4340 515 4405 Honorius
534 4341 758 4418 episcopus...,
775 4343 1020 4410 venerabilibus
1034 4345 1105 4408 lra-

306 4440 413 4503 tribus
427 4438 637 4502 Narbonensi
648 4439 901 4518 archiepiscopo
914 4439 964 4521 (a)
976 4445 1008 4505 et
1020 4443 1104 4520 epis·

307 4555 389 4617 copo
407 4537 561 4600 illeneusi
577 4535 635 4617 (b),
653 4537 715 4600 etc.

346 4636 439 4700 Licet
466 4635 666 4714 quaestiones
696 4633 840 4698 subortae
867 4633 1038 4698 intervos
1072 4637 1104 4700 et

306 4733 449 4796 nobilem
468 4733 578 4794 virum
601 4733 633 4794 S.
651 4731 698 4812 (c)
714 4732 868 4794 comitem
886 4732 1102 4794 MoutIstortis

306 4847 365 4908 per
388 4829 544 4892 dilectum
572 4829 677 4892 filium
705 4831 854 4891 nostrum
882 4831 919 4890 Β.
936 4827 985 4910 (d)
1014 4829 1103 4893 tituli

306 4928 495 4990 sanctorum
519 4927 658 5014 loannis
686 4929 719 4989 et
740 4926 837 4990 Pauli
861 4927 969 5005 presb.
997 4927 1100 5002 card„

305 5029 343 5090 Α.
362 5027 394 5085 S.
411 5025 566 5100 legatum,
582 5025 796 5097 commodius,
813 5025 848 5088 ut
862 5025 1016 5102 arbitror,
1042 5041 1103 5104 po-

305 5123 431 5186 tuerint
460 5121 586 5200 judicio
617 5121 670 5186 vel
704 5123 881 5187 concordia
907 5123 1100 5200 terminar13

306 5221 383 5298 quia
393 5223 504 5282 tamen
514 5234 574 5296 pro
584 5219 627 5282 iis
641 5219 690 5282 est
700 5219 741 5281 ad
754 5219 871 5282 Sedem
879 5220 1101 5297 apostolicam

304 5320 539 5396 provocatum,
561 5333 622 5394 per
648 5317 831 5394 apostolica
856 5317 950 5397 volpis
978 5319 1101 5398 scripta

305 5415 498 5478 mandamus
511 5415 544 5478 et
557 5415 593 5476 in
608 5414 730 5476 virtute
743 5413 940 5478 obedientiae
954 5415 1102 5480 districte

304 5513 525 5596 praecipimus,
540 5513 701 5592 quatenus
712 5511 799 5576 intra
812 5513 930 5593 viginti
943 5514 1014 5577 dies
1028 5514 1102 5592 post

304 5726 328 5776 u·
330 5643 385 5776 §gg
388 5643 528 5774 1:inqendo-
549 5641 784 5718 (dtdeltero..(0)
799 5645 954 5706 simonem·
976 5643 1017 5718 (d)
1032 5647 1098 5704 Ber·

926 375 1100 436 nonoeu
1122 375 1166 434 ιιι
1188 377 1336 437 orans.
1858 387 1900 450 aa
1963 331 1964 426 j

1154 534 1396 614 susceptionem
1424 535 1638 614 praesentium
1664 537 1754 600 ambo
1779 556 1901 617 persona-

1154 631 1231 694 liter
1245 633 1415 709 arripiatis
1429 634 1494 696 iter
1515 634 1556 694 ad
1572 637 1714 698 nostram
1732 641 1900 712 presentiam

1153 731 1325 804 veniendi,
1351 731 1384 792 et
1413 733 1583 810 arreptum
1611 737 1835 810 prosequamini
1851 740 1901 800 sine
1963 781 1964 812 ,

1154 827 1288 904 iraude;
1305 829 1447 892 scientes
1462 829 1600 907 nosipsi
1616 831 1725 892 comiti
1736 833 1901 896 mandavisse

1155 927 1190 987 ut
1204 931 1436 1004 procuratores
1451 927 1590 990 idoneos
1611 944 1670 1006 pro
1685 944 1719 990 se
1730 929 1832 1000 mittat,
1844 949 1902 1008 qua·

1154 1025 1262 1097 tenus,
1288 1025 1478 1103 hujusmodi
1490 1025 1682 1104 ‘quaesticue
1706 1027 1818 1104 sopita,
1839 1029 1901 1089 ilius

1154 1124 1252 1184 terrae
1267 1124 1368 1186 statui
1383 1124 1557 1203 providere
1574 1141 1649 1186 cum
1672 1128 1776 1188 vestro
1798 1127 1901 1186 consilio

1154 1221 1336 1284 valeamus.
1351 1225 1468 1286 Datum
1487 1224 1655 1298 Laterani,
1677 1225 1707 1284 X
1721 1223 1781 1286 ital.
1798 1239 1901 1286 novem·
1963 1249 1964 1268 ι

1155 1320 1235 1394 bris,
1252 1337 1340 1384 anno
1355 1321 1511 1384 secundo.

1469 1510 1635 1598 XLVIII

1963 1469 1964 1514 ι

1195 1663 1247 1724 Ad
1259 1662 1508 1730 Bertraadam,
1524 1663 1583 1724 88.
1598 1665 1742 1724 Joarants
1759 1663 1789 1723 et
1801 1663 1879 1722 Parvi

1353 1761 1462 1832 card„
1480 1761 1520 1822 A.
1536 1763 1571 1821 s,
1591 1759 1751 1837 epactam.
1853 1831 1857 1842 Ι

1963 1887 1964 1930 ι

1963 1943 1964 1984 i

1455 1890 1489 1948 23
1501 1898 1556 1948 oct.
1572 1891 1651 1948 lili.

1156 2012 1196 2078 [n.
1215 2015 1341 2080 lieuquet,
1357 2013 1462 2072 Recueil
1478 2014 1522 2064 des
1534 2015 1595 2067 bist.
1616 2019 1635 2064 t.
1654 2014 1720 2072 xix,
1733 2029 1758 2079 p.
1769 2012 1821 2072 ean
1838 2014 1906 2076 baut.
1963 1987 1964 2038 l

1434 2094 1480 2150 lib.
1497 2095 1530 2156 ll,
1542 2109 1582 2159 ep.
1601 2095 1672 2161 692]

1156 2212 1310 2286 AragouIe
1328 2225 1399 2285 rege
1413 2219 1442 2270 et
1453 2219 1536 2270 terre
1557 2212 1634 2272 illiue
1651 2210 1787 2270 nobilibus
1799 2211 1906 2268 simonen

1191 2301 1226 2360 de
1239 2301 1400 2360 llonteIoru'
1414 2301 1489 2358 bello
1505 2301 1713 2358 lacessentibus
1728 2307 1907 2372 propteroecen

1191 2392 1270 2465 regis
1294 2392 1385 2460 Petri,
1407 2387 1524 2448 mandat
1543 2387 1675 2447 Pontilex
1697 2397 1727 2446 ut
1746 2403 1832 2446 eorum
1847 2393 1910 2443 terras

1191 2482 1305 2554 legatus
1325 2478 1476 2538 interdicto
1488 2478 1629 2551 subjiciat,
1647 2493 1684 2535 ex
1704 2476 1809 2534 decreto
1820 2477 1843 2532 in
1855 2475 1906 2532 don·

1191 2566 1256 2626 cillo
1276 2565 1405 2640 generali
1426 2566 1494 2635 lato,
1517 2565 1572 2621 niel
1586 2565 1651 2638 paci
1671 2563 1716 2622 vel
1735 2561 1861 2620 armistitio
1875 2573 1907 2614 ac·

1192 2656 1350 2728 quiescent.

1196 2782 1362 2843 Honorius
1398 2780 1622 2860 episcopus...
1660 2778 1778 2840 dilecto
1808 2775 1862 2836 illic
1885 2775 1910 2832 b.

1157 2881 1354 2942 Sanctorum
1379 2876 1518 2940 loannis
1539 2877 1573 2938 et
1595 2876 1695 2938 Pauli
1718 2873 1816 2954 presb.
1836 2869 1909 2938 card,

1156 2981 1194 3042 A.
1213 2980 1246 3038 S.
1263 2976 1385 3053 legato,
1401 2976 1553 3046 salutem,
1571 2975 1634 3036 etc.
1963 2965 1964 2974 ’

1197 3075 1278 3136 Cum
1293 3074 1433 3136 dilectus
1445 3073 1532 3134 tilius
1541 3071 1665 3134 nobilis
1678 3073 1729 3134 vir
1739 3073 1770 3132 S.
1777 3067 1819 3149 (a)
1831 3079 1910 3127 cenes

1158 3169 1388 3239 licutislortis,
1401 3169 1442 3232 ad
1451 3169 1642 3232 mandatum
1654 3168 1836 3248 apostolicae
1845 3163 1911 3225 sedis

1153 3271 1251 3349 juxta
1277 3285 1397 3332 nomen
1426 3285 1522 3330 suum
1549 3267 1720 3340 obediens,
1739 3267 1848 3328 terram
1864 3273 1912 3320 sue

1157 3367 1341 3429 nativitatis
1362 3365 1505 3429 exiverit
1525 3367 1559 3428 et
1581 3365 1761 3426 accesserit
1778 3363 1814 3424 ad
1833 3358 1913 3437 partes

1158 3464 1343 3526 Provinciae
1359 3479 1418 3542 pro
1430 3462 1687 3526 exterminanda
1705 3459 1848 3524 baeretim
1859 3468 1914 3532 pra·

1157 3557 1911 3639 vitataquaeterramillaminfeceratumversan,
1963 3553 1964 3612 l

1158 3677 1196 3722 ac
1225 3675 1284 3737 per
1307 3661 1379 3738 ejus
1405 3659 1626 3722 ministerium
1655 3658 1758 3720 multa
1783 3651 1866 3715 tuerit
1882 3644 1913 3708 ibi

1158 3757 1316 3820 Dominus
1330 3758 1398 3818 tam
1417 3755 1614 3821 mirabiliter
1643 3771 1742 3834 quam
1764 3749 1914 3814 misericor·

1158 3855 1244 3919 diter
1262 3854 1429 3930 operatus,
1460 3870 1558 3915 arcus
1573 3853 1710 3915 sortium
1725 3845 1884 3928 superando
1893 3841 1914 3901 et
1963 3855 1964 3906 ι

1157 3969 1214 4016 eos
1245 3951 1447 4027 accingendo
1474 3950 1593 4013 robore
1620 3951 1681 4028 qui
1715 3949 1828 4012 debiles
1848 3939 1914 4005 vida·

1157 4051 1294 4125 bantur3
1312 4049 1472 4110 miramur
1484 4064 1548 4126 quo
1563 4047 1814 4128 consilioquave
1826 4036 1914 4102 fiducia
1963 4065 1964 4130 p

1158 4147 1351 4211 carissimus
1370 4147 1407 4206 in
1426 4146 1557 4207 Christo
1578 4144 1671 4206 filius
1690 4146 1798 4206 noster
1810 4133 1913 4200 illustris
1963 4135 1964 4210 l

1158 4243 1477 4324 rexllragonum(s)
1488 4259 1528 4304 ac
1538 4243 1690 4304 universi
1704 4239 1821 4303 nobiles
1832 4233 1914 4298 fideles
1963 4241 1964 4278 ι

1158 4343 1209 4404 sui
1220 4358 1279 4420 per
1290 4343 1492 4418 Aragoniam
1502 4343 1534 4402 et
1546 4325 1913 4436 Catbaloniamconstituti

1158 4439 1336 4517 disponunt
1349 4454 1415 4500 non
1426 4438 1513 4500 dicto
1524 4439 1649 4510 comiti,
1664 4436 1721 4498 sed
1732 4437 1799 4512 ipso
1810 4435 1914 4493 Domum
1963 4481 1964 4484 ,

1158 4538 1364 4599 exercituum
1394 4535 1581 4606 rebellare,
1609 4533 1807 4614 apponentes
1835 4529 1913 4604 ipsun
1963 4543 1964 4580 ι

1157 4635 1220 4696 sibi
1244 4634 1448 4698 contrarium
1463 4634 1495 4695 et
1519 4633 1655 4710 seipsi,
1683 4635 1774 4708 quus
1796 4623 1914 4688 resistere
1963 4677 1964 4712 3

1156 4731 1312 4811 potentiae
1324 4748 1421 4795 nemo
1437 4729 1552 4808 potest,
1568 4747 1607 4791 ac
1620 4729 1776 4790 Ecclesia
1793 4727 1913 4784 nomene

1156 4829 1377 4893 reverentiam
1404 4827 1650 4905 posthabentes
1678 4827 1755 4887 dum
1777 4821 1832 4899 ipsi
1847 4807 1912 4876 seed

1157 4927 1329 5006 praelatum
1353 4927 1505 4988 comitem
1537 4923 1796 5002 impugnandum
1826 4909 1912 4976 acciu-

1155 5025 1248 5101 gunt,
1272 5040 1370 5101 quem
1395 5024 1431 5085 in
1455 5022 1604 5101 partibus
1618 5022 1690 5084 illis
1705 5035 1776 5082 esse
1789 5008 1912 5107 deipsius¹

1156 5122 1313 5186 Ecclesioe
1336 5123 1492 5184 Romanae
1508 5120 1664 5184 mandato
1680 5135 1719 5180 ac
1734 5113 1790 5178 sub
1809 5099 1911 5188 special

1156 5223 1227 5299 ejus
1242 5219 1447 5298 protectione
1457 5218 1640 5280 consistere
1656 5207 1875 5290 nonignoreut,
1885 5213 1912 5258 ac
1963 5235 1964 5280 5

1157 5315 1416 5394 impedientesin
1427 5314 1586 5394 injuriam
1596 5311 1754 5374 crucifixi
1768 5299 1912 5368 subsidium
1963 5319 1964 5370 ι

1154 5416 1266 5476 Terrae
1306 5413 1460 5484 Sanctae,
1491 5409 1679 5486 contempta
1718 5395 1914 5467 constitutore
1963 5457 1964 5476 ,

1156 5511 1294 5574 Concilii
1308 5509 1485 5588 generalis,
1500 5523 1565 5585 qua
1581 5505 1767 5584 specialiter
1781 5512 1833 5580 pro
1844 5493 1913 5568 01⁰⁵·
1963 5505 1964 5592 l

1191 5642 1228 5717 (e)
1249 5643 1357 5706 Simon.
1397 5639 1445 5716 (s)
1458 5638 1590 5699 lacobus.
