3960 6304
81 321 113 380 aa
698 281 927 380 nrrsroum.
951 321 1028 380 uro.
1052 321 1077 379 1.
1672 321 1711 379 os

82 477 208 540 auribus
233 477 403 550 intimasti,
420 477 571 554 quaedam
597 477 769 551 beneficia,
791 495 864 556 quaa
918 478 1286 556 complicesignoraret,
1310 477 1512 539 cumeodem
1531 478 1655 539 invitus
1679 479 1712 540 et

82 575 283 652 magistratus
298 573 516 636 ecclesiarum
530 574 714 651 vulgariter
734 593 865 638 nuncu·
919 575 1053 637 coactus
1068 574 1108 636 ad
1125 575 1235 652 partes
1249 574 1377 652 angliae
1390 573 1635 648 transfretavit3
1653 574 1711 636 sed
1743 630 1746 634 ,

81 675 203 752 pantur,
220 689 285 734 non
298 671 456 736 habentia
471 688 585 734 curam
602 674 789 736 animarum
804 689 866 736 an·
920 689 1007 744 mox,
1023 675 1060 734 ut
1074 673 1114 734 ad
1131 689 1206 734 eum
1225 672 1376 750 pervenit
1390 673 1506 734 notitia
1522 688 1714 734 excommu-

81 788 203 843 nexam,
222 771 291 833 illis
313 770 527 832 consueveris
549 772 710 834 hactenus
734 773 865 834 clericis
920 772 1097 834 nicationis
1118 771 1388 848 ipsius,reoessit
1402 787 1421 832 a
1436 770 1621 832 nobiliviro
1637 787 1712 832 me-

80 869 240 942 exbibere,
256 883 397 947 quorum
419 868 481 930 tibi
503 869 620 932 merita
645 885 703 946 per
726 885 867 932 conver·
920 871 1067 932 morato:
1089 869 1176 930 unde
1193 868 1288 930 nobis
1310 869 1481 930 humiliter
1501 869 1711 947 supplicavit,

80 968 232 1029 sationem
247 965 483 1028 familiaritatis
503 968 646 1028 assiduae
666 968 743 1029 nota
758 968 863 1038 erant,
921 968 957 1029 ut
973 983 1032 1045 pro
1052 967 1392 1030 excommunicatione
1412 983 1477 1043 qua
1496 969 1629 1044 propter
1651 967 1714 1028 hoo

79 1081 133 1126 nos
154 1066 284 1141 gratnm
298 1065 452 1140 gerentes
479 1066 514 1127 et
539 1065 681 1139 tirmum,
705 1066 790 1144 quod
815 1067 864 1127 eis
920 1066 1002 1142 ipse,
1019 1065 1120 1138 terra,
1140 1065 1262 1126 milites
1277 1065 1311 1126 et
1328 1064 1455 1125 familia
1473 1068 1544 1142 eJus
1559 1065 1715 1126 tenentur

78 1161 209 1240 provide
229 1162 365 1224 duxeris
389 1162 646 1236 concedendum,
670 1164 866 1226 auctoritate
921 1163 1060 1232 astricti,
1085 1179 1205 1224 murms
1225 1161 1443 1224 absolutionis
1464 1161 1512 1223 eis
1529 1162 1714 1224 faceremus

78 1259 132 1322 tibi
147 1260 360 1338 praesentium
373 1260 593 1338 indulgemus,
622 1263 659 1323 ut
685 1262 866 1324 secundum
921 1261 1077 1339 impendi.
1098 1263 1167 1322 Nos
1179 1261 1291 1336 igitur,
1309 1259 1551 1322 absolutionem
1566 1261 1715 1337 ipsorum

78 1357 159 1434 quod
174 1358 386 1420 consuevisse
401 1358 618 1434 dignosceris,
641 1359 802 1422 beneficia
815 1377 867 1420 su·
921 1358 1113 1420 discretioni
1128 1360 1258 1431 vestrae,
1277 1359 1318 1419 de
1339 1374 1404 1436 qua
1418 1359 1550 1436 plenam
1570 1357 1716 1434 gerimus

78 1454 220 1532 pradicta
235 1455 386 1534 personis
401 1456 509 1533 possis
532 1456 661 1518 idoneis
682 1457 864 1534 assignare.
921 1456 1087 1530 fiduciam,
1102 1459 1354 1530 committentes
1375 1456 1571 1518 mandamus
1594 1458 1716 1534 quate-

110 1553 203 1614 Nulli
227 1567 306 1630 ergo
322 1552 456 1614 omnino
477 1554 648 1616 hominum
667 1553 767 1617 liceat
781 1555 867 1618 banc
921 1571 995 1628 uus,
1016 1557 1148 1632 recepto
1173 1555 1214 1617 ab
1234 1557 1316 1633 ipsis
1338 1555 1491 1633 primitus
1513 1555 1716 1631 juramento

76 1651 227 1728 paginam
255 1651 377 1713 nostrae
413 1651 638 1714 concessionis
671 1651 865 1729 intringere,
922 1652 1007 1730 quod
1030 1653 1143 1715 nostro
1167 1670 1267 1731 super
1283 1653 1345 1714 boo
1365 1652 1525 1714 mandato·
1542 1650 1715 1729 parebunt,

76 1749 125 1809 vel
149 1748 180 1809 ei
203 1763 289 1810 ausu
313 1749 493 1813 temerario
522 1750 699 1812 contraire.
729 1751 764 1812 Si
792 1751 866 1828 quis
921 1750 1046 1811 eisdem
1063 1751 1160 1828 juxta
1175 1750 1315 1812 formam
1326 1750 1482 1812 Ecclesiae
1498 1748 1717 1811 absolutionis

75 1847 183 1908 autem
210 1846 274 1908 hoc
301 1847 464 1910 attentare
487 1848 749 1926 praesumpserit,
773 1847 866 1909 indi·
921 1848 1118 1911 beneficium
1137 1848 1353 1926 impendatis,
1377 1847 1571 1910 mandantes
1591 1847 1716 1908 eisdem

74 1945 262 2021 guntionem
290 1944 523 2022 omnipotentis
549 1946 609 2008 Dei
636 1946 670 2008 et
695 1946 867 2008 beatorum
922 1946 982 2007 sub
997 1947 1107 2008 debito
1126 1946 1268 2024 praestiti
1278 1947 1472 2024 Juramenti,
1491 1947 1527 2006 ut
1542 1947 1581 2007 de
1597 1947 1717 2007 caetero

75 2041 162 2105 Petri
177 2043 210 2104 et
224 2042 320 2103 Pauli
335 2043 561 2120 apostolorum
580 2047 653 2122 ejus
677 2061 713 2105 se
738 2044 869 2106 noverit
922 2045 1038 2108 contra
1054 2060 1114 2107 nos
1136 2045 1169 2108 et
1184 2045 1392 2107 carissimum
1408 2044 1443 2105 in
1461 2043 1591 2106 Christo
1610 2047 1640 2105 J.
1662 2059 1719 2104 re-

74 2141 295 2202 incursurum.
320 2140 439 2202 Datum
464 2143 577 2204 Romae
599 2143 687 2220 apud
709 2143 868 2204 Sanctum
922 2159 996 2220 gem
1023 2143 1206 2219 Auglorum
1231 2143 1394 2204 illustrem
1422 2143 1458 2202 in
1486 2142 1639 2218 angliam
1665 2141 1719 2202 vel

75 2239 222 2308 Petrum,
249 2240 293 2299 VI
321 2237 389 2298 kal.
410 2238 625 2322 decembris,
655 2239 867 2316 pontificatus
922 2241 1504 2318 aliudpatrimoniumEcclesiaanon
1518 2241 1716 2317 procedant3

74 2334 177 2397 nostri
188 2350 276 2398 anno
290 2335 410 2414 primo.
922 2339 1139 2400 nibilominus
1150 2339 1251 2402 etiam
1266 2337 1326 2400 sub
1339 2339 1426 2400 diota
1441 2338 1648 2398 districtione
1663 2337 1719 2397 in-

919 2438 1068 2516 jungatis
1086 2437 1210 2500 eisdem
1222 2437 1268 2509 ut,
1283 2435 1436 2513 suscepto
1449 2436 1563 2496 Crucis
1579 2435 1721 2496 charac-

419 2605 521 2690 LXX

5 2887 7 2892 ,
108 2832 161 2892 Ad
177 2829 316 2892 odones
332 2829 486 2904 Stantoci
504 2829 539 2890 et
558 2830 599 2890 de
616 2829 827 2905 Vanenepts.

339 2941 374 3000 27
392 2956 459 2998 nov.
481 2940 561 2998 1216.

73 3094 183 3160 [llegcst.
200 3059 245 3144 lib.
257 3093 278 3152 l,
294 3091 369 3157 epist.
379 3091 419 3142 to.
430 3119 461 3130 -
471 3092 595 3158 Bouquet.
606 3091 710 3144 Recueil
725 3091 768 3142 des
788 3091 868 3142 histo·

321 3172 397 3232 ricus,
405 3177 423 3222 t.
436 3171 504 3236 XIX,
516 3187 542 3236 p.
553 3171 620 3234 bib]

70 3335 140 3393 Cum
154 3336 284 3392 loannes
301 3347 399 3391 comes
422 3332 458 3392 de
475 3332 580 3391 ltoeeio
592 3331 767 3391 ludovicum
790 3333 868 3406 regis
923 3302 933 3323 ⁰

106 3423 230 3497 Philippi
241 3422 464 3496 primogenitum
475 3421 504 3480 in
515 3421 704 3495 anglicanam
717 3423 868 3480 comitatus

104 3510 208 3570 luisset
219 3511 441 3586 expeditionem,
451 3516 489 3580 et,
505 3508 640 3569 damnato
655 3511 690 3568 nb
704 3510 867 3584 Apostolica

104 3600 181 3658 Sede
193 3600 291 3672 iniquo
302 3600 387 3670 bello,
402 3597 579 3668 recessisset,
594 3597 711 3656 mandat
726 3600 868 3656 Honorius

103 3696 137 3747 ut
151 3689 177 3746 is
200 3689 327 3748 fidelium
344 3688 549 3757 communioni,
570 3687 645 3762 qnod
663 3688 795 3762 postulat,
812 3703 868 3746 res·

104 3779 232 3836 titnatur.

109 3949 280 4010 Honorius
294 3948 505 4026 episeopus...
516 3948 646 4011 dilectis
663 3947 789 4012 filiisde
814 3947 868 4009 Si-

65 4047 193 4122 gniaco
219 4043 267 4124 (1)
289 4049 323 4107 et
342 4045 486 4108 devalle
503 4047 604 4122 Regis
624 4044 671 4125 (2)
695 4045 868 4108 abbatibus

67 4141 304 4205 cisterciensis
337 4143 475 4214 ordinis,
507 4143 681 4206 Remensis
702 4143 865 4216 dioecesis

65 4241 262 4302 salutemet
282 4239 781 4317 apostolicambenedictionem.

112 4337 206 4400 Sicut
225 4338 316 4400 circa
332 4337 576 4415 incorrigibiles
599 4339 632 4400 et
653 4337 794 4400 rebelles
815 4337 869 4400 vi-

63 4434 178 4510 gilare
201 4435 298 4497 debet
321 4435 481 4498 severitas
508 4435 743 4498 ecclesiasticae
767 4436 869 4497 disci-

64 4531 183 4608 plinae,
206 4533 254 4594 sio
276 4533 366 4594 circa
385 4533 528 4594 humiles
552 4533 585 4594 et
606 4547 784 4596 couversos
802 4549 868 4595 nou

63 4629 171 4690 debet
193 4629 349 4692 claudere
377 4629 540 4708 gremium
561 4632 618 4708 pia
639 4631 755 4704 mater,
781 4645 869 4708 quae,

63 4741 150 4787 cum
165 4743 231 4789 uon
250 4728 355 4806 possit
369 4727 521 4791 oblivisci
536 4729 680 4790 filiorum
695 4729 782 4789 uteri
803 4729 866 4802 sui,

61 4824 166 4900 ipsos
187 4826 309 4887 amalo
324 4825 489 4888 interdum
508 4827 643 4889 revocat
660 4827 870 4888 blandimen-

63 4921 129 4992 tis„
148 4937 382 5001 nonuunquam
398 4923 498 4986 etiam
514 4925 667 4985 nolentes
686 4923 823 4987 attrabit
837 4925 869 4986 et

59 5018 203 5082 invitat.
227 5024 314 5084 Sane
333 5037 392 5100 pro
410 5021 504 5099 parte
523 5021 646 5087 nobilis
662 5022 726 5084 viri
741 5025 770 5083 J.
783 5021 794 5045 *
809 5039 869 5084 co-

60 5115 165 5176 mitis
180 5117 220 5179 de
240 5118 365 5182 Rooeio
382 5119 445 5180 suit
462 5135 570 5197 nuper
586 5119 793 5197 propositum
812 5135 870 5180 co-

58 5227 150 5274 ram
170 5215 262 5278 uobis
285 5216 383 5295 quod,
400 5232 474 5280 oum
491 5217 579 5279 idem
597 5231 708 5280 comes
732 5233 869 5280 excom-

60 5311 309 5376 municationis
331 5315 577 5376 senteutinmin
600 5314 745 5378 nobilem
759 5315 868 5377 virum

57 5409 105 5468 L.
135 5410 245 5473 natum
262 5411 404 5474 illustris
419 5412 508 5488 regis
528 5415 731 5474 Francorum
746 5413 778 5474 et
791 5429 868 5475 suos

106 5581 159 5727 itt
175 5603 215 5714 i.
230 5587 301 5718 n.

273 5835 388 5878 rnrnot.
409 5835 485 5880 roua
505 5823 541 5878 ll.

923 2538 1003 2610 tere,
1027 2535 1063 2597 in
1079 2535 1231 2613 proximo
1253 2534 1419 2596 communi
1441 2533 1595 2610 passagio
1619 2533 1718 2594 trau-

924 2639 1020 2696 seaut
1033 2634 1076 2696 ad
1088 2633 1272 2694 subsidium
1287 2635 1399 2694 Tamne
1415 2631 1555 2704 Sanctae,
1573 2632 1717 2693 dimica-

923 2732 989 2793 turi
1002 2731 1093 2794 tanto
1105 2731 1253 2808 tempore
1265 2729 1389 2792 ibidem
1400 2745 1459 2806 pro
1471 2729 1606 2791 servitio
1618 2730 1718 2806 Regis

923 2846 1050 2906 regum,
1063 2830 1185 2906 quanto
1192 2830 1340 2906 ternpore
1352 2827 1539 2890 servierunt
1548 2827 1718 2904 iniquitati

923 2945 962 2989 ao
979 2927 1148 3006 tyrannidi
1170 2927 1284 2989 contra
1308 2929 1423 2988 Deum.
1444 2926 1563 2987 Datum
1584 2927 1716 2996 Romae,

923 3027 1010 3103 apud
1027 3026 1182 3088 Sanctum
1205 3025 1351 3096 Petrum,
1379 3041 1401 3086 v
1427 3023 1494 3084 kal.
1521 3023 1716 3093 decembris,

923 3123 1132 3202 pontificatus
1148 3123 1254 3184 nostri
1265 3137 1352 3184 anuo
1368 3121 1485 3198 primo.

1259 3363 1381 3448 LXXI

922 3591 973 3650 An
1001 3589 1245 3650 Norondinnrn
1269 3589 1464 3661 episcopam
1495 3588 1722 3644 Veronensum

1139 3714 1142 3720 ·
1214 3699 1248 3757 28
1261 3713 1327 3756 nov.
1346 3697 1423 3756 1216.

923 3823 1085 3890 [Bianooiint
1100 3823 1168 3874 Seria
1189 3822 1229 3873 dei
1239 3822 1344 3876 Veseovi
1358 3827 1384 3871 et
1400 3820 1558 3885 governatori
1571 3819 1602 3870 di·
1610 3819 1719 3878 Verona,

1234 3901 1404 3967 pwa

922 4065 1052 4136 Mandat,
1071 4071 1101 4123 ut
1121 4066 1158 4124 bl.
1182 4062 1357 4137 presbytero,
1374 4061 1421 4136 qui
1437 4061 1512 4134 quod
1527 4060 1570 4118 bis
1585 4068 1614 4118 nt
1629 4059 1722 4118 credit

958 4156 986 4212 iu
1008 4154 1215 4214 subdiaconum
1239 4153 1345 4210 exstitit
1364 4151 1526 4220 ordinatus,
1542 4149 1719 4206 sacerdotale

958 4242 1083 4301 cilicium
1101 4245 1199 4301 timeat
1218 4255 1362 4310 exercere,
1378 4241 1520 4298 licentiam
1545 4233 1649 4297 tribuat
1668 4253 1714 4295 sa-

957 4333 1099 4390 cerdotale
1114 4331 1239 4389 officium
1259 4329 1419 4387 exercendi.

962 4477 1129 4540 Honorius
1140 4477 1325 4554 episcopus,
1338 4490 1453 4536 servus
1465 4488 1635 4534 servorum
1647 4471 1717 4543 Dei,

923 4573 1107 4638 venerabili
1122 4574 1217 4636 tratri
1239 4574 1392 4650 episcopo
1408 4570 1603 4638 Veronensi,
1622 4569 1718 4629 salu-

922 4673 988 4736 tem
1001 4675 1034 4734 et
1046 4671 1262 4750 apostolicam
1271 4667 1545 4729 benedictionem.

963 4769 1212 4832 Pertuasnobis
1222 4767 1350 4828 litteras
1361 4763 1721 4841 humilitersupplicas·

923 4871 959 4942 ti,
971 4869 1007 4932 ut
1022 4885 1095 4929 cum
1110 4869 1154 4928 M.
1171 4865 1363 4944 presbytero
1380 4864 1485 4925 latore
1504 4853 1718 4940 praesentium

922 4969 988 5030 tuae
997 4967 1149 5027 dioecesis
1166 4979 1265 5042 super
1277 4961 1421 5040 e0,quod
1434 4962 1496 5032 bis,
1510 4961 1546 5022 ut
1558 4959 1717 5032 credit,in

924 5064 1160 5128 subdiaconum
1174 5061 1301 5124 exstitit
1313 5061 1494 5132 ordinatus,
1510 5076 1584 5120 cum
1607 5059 1650 5121 sit
1666 5059 1719 5118 vir

923 5163 1099 5240 religiosus
1125 5161 1158 5223 et
1185 5161 1337 5237 simplex,
1360 5175 1400 5220 ao
1431 5159 1502 5219 sine
1521 5156 1718 5234 Apostolicae

925 5261 1019 5323 Sedis
1044 5259 1180 5321 licentia
1205 5257 1410 5320 sacerdotale
1434 5256 1581 5318 osticium
1603 5255 1720 5316 timeat

923 5373 1091 5432 exercere,
1107 5356 1367 5419 misericorditer
1381 5371 1480 5433 agere
1492 5355 1718 5430 dignaremur.
1777 5367 1781 5374 ·

924 5457 1085 5532 Quocirca
1118 5455 1319 5518 fraternitati
1349 5456 1413 5516 tuae
1444 5468 1503 5530 per
1530 5451 1745 5529 apostolica.

925 5557 1047 5634 scripta
1073 5555 1278 5626 mandamus,
1305 5553 1390 5631 quod
1415 5551 1443 5612 si
1467 5552 1498 5612 ei
1523 5550 1720 5612 canonicum

924 5655 1013 5717 aliud
1034 5669 1100 5716 non
1123 5652 1262 5724 obsistit,
1277 5651 1341 5728 ipsi
1357 5649 1483 5712 meritis
1498 5647 1672 5722 religionis
1689 5646 1720 5707 et

1501 5815 1525 5869 lt.
