4082 6342
917 406 1094 470 aenean
1117 406 1161 466 111
1184 405 1333 490 OPERA,
1872 409 1918 468 4¹28

584 593 817 684 cccxxxv
1150 566 1185 627 in
1210 564 1352 641 flagellis
1380 565 1413 626 et
1438 563 1613 626 attendens
1632 564 1718 642 quod
1742 581 1806 627 non
1832 567 1918 629 solnm

1151 663 1319 726 conlectus
1338 663 1444 734 senio,
1458 662 1516 724 sed
1532 663 1633 724 etiam
1645 662 1745 739 longe
1760 664 1793 726 et
1805 663 1920 727 insana-

418 749 671 822 incapacium
685 746 969 808 norwicensem.
1150 763 1209 824 nni
1238 762 1323 824 sicut
1349 761 1496 824 crentur
1521 761 1713 824 inormitate
1740 761 1918 836 anfractus,

603 869 698 944 itinn.
714 870 791 927 121⁷.
1150 859 1297 922 cilicium
1321 859 1441 936 nequis
1468 859 1634 936 pontificis
1658 859 1845 936 adimplere,
1862 863 1921 924 tuas

342 983 1058 1050 [R,g„,‚1ib‚1‚,pr„„459,p„‚L,p„„d,Th,fl,]
1152 958 1246 1019 nobis
1270 957 1399 1020 litteras
1420 957 1583 1031 direxisti,
1601 958 1747 1020 cedendo
1767 959 1800 1020 in
1821 961 1922 1020 nostris

300 1103 465 1162 cessionem
481 1103 596 1160 chrici
609 1103 735 1175 episcopi
749 1103 960 1160 xanctonensis
970 1101 1096 1174 benigne
1151 1056 1305 1118 mambus
1326 1057 1544 1168 perqasdem'
1565 1073 1604 1118 ³⁰
1625 1055 1798 1168 hum¹,¹¹oer
1817 1057 1924 1166 s'fpph'
2004 1056 2009 1113 Ι

248 1195 251 1202 ’
335 1195 444 1265 recipit,
464 1204 550 1265 atque
565 1191 757 1266 provisionem
779 1205 829 1264 pro
846 1191 920 1250 victu
945 1197 973 1248 et
992 1190 1096 1248 vestitu
1151 1155 1270 1227 ΜΨ
1287 1156 1519 1216 ut⁰⁰⁸³¹⁰¹¹⁰m
1541 1157 1632 1217 tuam
1656 1163 1804 1232 ¹¹⁶⁰¹P⁹¹⁸⁰
1822 1155 1922 1230 mgna·
2008 1197 2009 1244 Ι

334 1279 568 1355 ojusoontrrmat,
585 1279 759 1353 mandatque
773 1281 898 1354 capitulo
911 1281 998 1338 aliam
1018 1281 1094 1354 epis·
1152 1266 1273 1325 lnemffl'·
1291 1253 1514 1331 PFOViSiOBOm
1541 1253 1760 1316 ducentarum
1786 1253 1925 1314 librarum

335 1382 440 1444 copum
453 1371 571 1444 eligere.
1151 1351 1320 1413 Pictaven.
1342 1356 1494 1423 moneta,
1516 1367 1556 1414 ac
1576 1352 1798 1429 quadraginta
1816 1349 1925 1411 modio-

1152 1457 1224 1510 rum
1237 1449 1308 1510 vini
1322 1449 1383 1511 tibi
1398 1465 1457 1527 pro
1473 1450 1581 1512 vietus
1596 1451 1629 1512 et
1639 1449 1779 1513 vestitus
1795 1463 1925 1510 necessa·
2010 1481 2011 1501 .

1152 1547 1212 1608 riis
1231 1547 1272 1609 de
1291 1555 1455 1610 consensu
1477 1548 1684 1610 xanctonen.
1703 1546 1837 1624 capituli
1850 1545 1926 1606 assi-

1152 1646 1489 1723 gnatamnpostoncrs
1499 1645 1560 1708 tibi
1568 1646 1689 1708 litteris
1699 1645 1926 1707 confirmantes.

1153 1745 1220 1804 Nos
1233 1744 1336 1820 igitur
1347 1746 1438 1807 tuam
1459 1744 1494 1804 in
1509 1759 1548 1806 eo
1564 1744 1774 1821 prudentiam
1789 1755 1929 1804 commen·
2013 1769 2014 1778 κ

1153 1841 1280 1914 dantes,
1306 1843 1392 1919 quod
1416 1841 1594 1914 abunere,
1620 1843 1796 1920 quodiam
1817 1841 1930 1918 portare

1154 1956 1218 2000 non
1246 1939 1385 2014 salicis,
1411 1939 1590 2001 exonerari
1615 1939 1802 2011 desideras,
1828 1953 1866 1998 ne
1883 1950 1930 2012 pro

1153 2038 1362 2101 delectatne
1389 2038 1598 2116 dispendium
1631 2039 1783 2099 incurrat
1807 2035 1931 2097 ecclesia
2014 2081 2015 2090 ,

1153 2138 1375 2209 xanctonen,
1392 2138 1575 2199 cessionem
1591 2137 1681 2198 triam
1697 2135 1839 2211 benigne
1851 2147 1930 2194 rece-

338 1496 522 1567 Honorius,
559 1498 634 1569 etc,
670 1496 799 1560 dilectis
835 1495 913 1558 nilis
948 1497 1097 1574 capitulo

301 1595 506 1656 xanctonen.

339 1693 512 1765 cenricus,
546 1693 720 1770 episcopus
755 1693 921 1770 quondam
954 1693 1098 1754 Xanoto·

301 1806 391 1864 nen,
412 1790 592 1868 prudenter
613 1805 796 1868 agnoscens
824 1790 884 1852 Dei
905 1790 1099 1852 misericor-

301 1887 389 1948 diam
417 1889 452 1948 in
479 1887 634 1964 flagellis,
655 1888 689 1949 et
711 1888 886 1950 attendens
914 1887 1000 1965 quod
1030 1903 1095 1949 non

301 1986 407 2047 solum
427 1983 597 2048 coniectus
619 1987 725 2056 senio,
754 1985 811 2047 sed
833 1986 933 2047 etiam
953 1986 1051 2062 longa
1066 1985 1099 2048 et

300 2083 480 2144 insanabili
511 2083 597 2145 siout
629 2084 777 2151 creditur
796 2084 989 2145 infirmitate
1018 2096 1100 2145 con-

301 2179 436 2252 fractus,
464 2180 610 2242 osticium
643 2181 759 2259 nequit
787 2181 954 2258 pontilicis
989 2181 1099 2243 adim-

302 2278 405 2355 plere,
416 2294 493 2339 suas
504 2278 599 2340 nobis
611 2279 739 2342 litteras
753 2279 942 2352 destinavit,
952 2279 1099 2341 cedendo

301 2377 337 2438 in
351 2376 474 2438 nostris
488 2377 642 2438 manibus
658 2393 718 2455 per
735 2377 880 2451 easdem,
898 2393 937 2439 ac
958 2377 1098 2438 hnmili-

300 2477 352 2536 ter
379 2474 608 2552 supplicando,
631 2477 668 2538 nt
688 2476 872 2538 cessionem
895 2492 988 2538 snam
1010 2475 1101 2538 reci-

301 2587 381 2649 pere
400 2573 624 2650 dignaremur,
644 2573 866 2652 provisionem
883 2573 1099 2636 ducentarum

303 2670 464 2732 librarum
484 2671 655 2733 Pictaven.
673 2673 813 2734 monetae
826 2688 866 2733 ac
881 2672 1099 2748 quadraginta

302 2769 487 2830 modiorum
513 2770 583 2830 vini
610 2769 685 2841 sibi,
715 2769 755 2831 de
784 2783 948 2832 consensu
973 2773 1096 2842 vestre,

302 2882 363 2943 pro
382 2863 491 2928 victus
512 2869 544 2928 et
566 2865 705 2929 vestitus
727 2867 927 2930 necessariis
947 2867 1101 2944 assigna-

302 2965 370 3026 tam
394 2964 592 3041 Apostolicis
619 2965 682 3027 sibi
708 2965 828 3028 litteris
853 2965 1097 3027 confirmantes.

302 3065 371 3125 Nos
384 3063 487 3140 igitur
502 3065 574 3141 ejus
586 3064 621 3127 in
635 3081 673 3126 eo
694 3064 904 3142 prudentiam
930 3080 1100 3126 commen-

303 3161 432 3230 dantes,
443 3163 528 3239 quod
539 3161 581 3223 ab
593 3178 705 3231 onere,
716 3162 879 3240 qnodjam
890 3164 1023 3240 portare
1034 3179 1099 3224 nen

1154 2235 1262 2312 pimus
1279 2257 1286 2294 :
1303 2235 1336 2296 et
1354 2233 1559 2296 attendentes
1574 2234 1660 2312 quod
1676 2233 1785 2296 eidem
1800 2229 1933 2293 ecclesie

1155 2333 1210 2394 diu
1225 2332 1436 2394 laudabiliter
1446 2331 1618 2410 praescisti,
1632 2331 1853 2409 provisionem
1866 2341 1934 2404 pre
2015 2401 2016 2416 χ

1155 2431 1275 2492 dictam
1289 2430 1349 2492 tibi
1364 2431 1561 2492 auctoritate
1575 2430 1767 2508 apostolica
1779 2426 1934 2490 confirma·
2015 2429 2016 2474 i

1155 2535 1238 2600 mus,
1250 2530 1283 2591 et
1297 2529 1471 2606 praesentis
1482 2529 1597 2606 scripti
1610 2527 1797 2605 patrocinio
1810 2538 1935 2587 commu·

1155 2627 1275 2699 nimus,
1297 2626 1516 2688 concedentes
1539 2629 1574 2689 ut
1595 2626 1728 2704 quando
1743 2623 1893 2688 Dominus
1908 2621 1935 2680 te

1154 2725 1268 2786 vocari
1289 2724 1432 2787 voluerii
1445 2724 1487 2786 ab
1509 2725 1571 2786 liae
1593 2725 1678 2797 luce,
1702 2741 1779 2786 cum
1794 2717 1934 2796 insigniis

1154 2821 1400 2898 pontificalibus
1423 2821 1608 2884 tumuleris.
1632 2822 1726 2885 Nulli
1751 2835 1842 2898 ergo,
1861 2818 1932 2885 etc..
2016 2817 2017 2820 ’

1155 2922 1276 2982 nostrae
1292 2920 1554 2982 confirmationis
1572 2923 1605 2982 et
1620 2919 1860 2987 concessionis,
1882 2915 1932 2976 etc.

1156 3018 1190 3079 Si
1206 3019 1280 3096 quis
1295 3021 1418 3090 autom,
1434 3020 1497 3081 ete.

1193 3118 1312 3178 Datum
1329 3116 1504 3193 Anagniae,
1526 3117 1642 3178 octavo
1660 3117 1736 3179 idus
1746 3115 1845 3196 junii,
1859 3125 1934 3190 pon·
2017 3107 2018 3130 l

304 3258 429 3320 suflicit
443 3259 621 3320 exonerari
636 3259 814 3334 desiderat,
831 3276 873 3321 ne
888 3277 948 3336 pro
971 3259 1099 3321 deiectu
1154 3215 1298 3277 tiflffitus
1312 3215 1418 3277 ΗΘΜ
1430 3230 1519 3276 ⁸⁰⁰⁰
1531 3215 1649 3292 Imm·

303 3355 1098 3433 suodispendiumincurratecciesiaXanctonen.

303 3453 1100 3532 cessionemsuambenignerecepimus;etatten·
1420 3409 1694 3498 CCCXXXVII

305 3551 420 3614 dentes
435 3551 522 3629 qnod
535 3551 641 3614 eidem
654 3553 805 3615 ecclesiae
816 3552 873 3614 diu
887 3552 1100 3615 laudabiliter
1207 3553 1258 3614 ad
1270 3551 1521 3614 monnica-tom
1534 3555 1569 3614 S.
1584 3553 1709 3614 Marica
1725 3555 1766 3615 dc
1785 3553 1901 3614 Urano.

305 3649 448 3726 praefuit,
476 3651 700 3728 provisionem
734 3651 797 3714 sibi
828 3651 1099 3714 confirmavimus
1457 3671 1558 3750 pjunp
1575 3676 1654 3734 1217.

304 3747 516 3812 antedictam.
534 3748 693 3824 Quocirca
704 3749 898 3813 discretioni
908 3752 1028 3813 vestrae
1041 3765 1100 3828 per

303 3847 494 3924 Apostolica
530 3845 652 3925 scripta
687 3848 899 3922 mandamns,
936 3847 1099 3926 qnatenus

303 3945 539 4007 convenientes
554 3945 589 4006 in
602 3962 715 4017 unum,
728 3961 905 4022 personam
919 3963 993 4024 quae
1008 3945 1099 4007 tanto

302 4044 463 4118 congruat
478 4043 572 4104 oneri
587 4036 619 4104 et
634 4043 764 4116 honori,
784 4043 916 4119 eligatis
932 4043 1027 4106 vobis
1043 4059 1101 4106 ca-

305 4140 424 4202 nonice
440 4139 475 4200 in
488 4143 666 4216 pastorem.

342 4238 459 4299 batum
475 4237 646 4313 anagniae,
671 4237 788 4300 octavo
808 4237 883 4299 idus
894 4238 994 4315 junii,
1016 4255 1101 4318 pon-

303 4333 449 4398 tificatus
463 4334 569 4399 nostri
584 4343 671 4396 anne
686 4335 805 4412 primo.

1155 3790 1293 3856 [blitaralli,
1306 3790 1401 3843 annal.
1412 3790 1626 3850 camaldulenses,
1640 3797 1659 3840 t.
1670 3791 1713 3849 lv,
1725 3787 1834 3857 append.
1846 3801 1871 3852 p·
1880 3777 1939 3844 ³⁶⁹4

1199 3899 1364 3958 lionasterii
1377 3900 1406 3957 S.
1417 3899 1515 3959 llarie
1527 3898 1563 3956 de
1576 3900 1672 3958 Urane
1685 3890 1905 3957 camaldulensis

1363 3987 1471 4045 ordinis
1481 3988 1600 4046 tutelam
1615 3987 1744 4061 suscipit.

1194 4097 1362 4158 Honorius
1373 4097 1560 4174 episcopus,
1569 4111 1685 4158 servus
1696 4108 1864 4157 servornm
1876 4085 1936 4154 nei,

1155 4193 1283 4255 dilectis
1293 4194 1410 4255 liliis...
1422 4193 1534 4255 abbati
1547 4193 1746 4257 eilratribus
1758 4179 1939 4254 monasterii

1156 4292 1285 4353 Sanctae
1300 4292 1415 4353 Mariae
1429 4291 1470 4352 de
1488 4293 1600 4354 Urano
1618 4287 1877 4352 camaldulensis
1890 4294 1940 4342 or·

1154 4387 1252 4463 dinis,
1267 4391 1408 4452 salutem
1434 4391 1468 4452 et
1491 4389 1717 4467 apostolicam
1745 4380 1940 4452 benedictio-

1155 4503 1242 4548 nem.
1285 4507 1288 4514 ¹

574 4558 827 4646 cchXliVl
1084 4611 1086 4617 ·
1195 4588 1232 4646 In
1258 4586 1391 4663 regesto
1421 4586 1500 4647 noni
1536 4584 1615 4648 anni
1644 4585 1752 4647 felicis
1782 4574 1935 4646 mamone

355 4716 408 4778 Aa
434 4708 626 4776 plemam
652 4713 824 4786 quondam
849 4714 1045 4788 episcopum
1153 4683 1335 4746 Alexandri
1357 4686 1457 4760 Papae
1481 4683 1538 4756 lli,
1553 4683 1809 4760 praedecessoris
1831 4669 1934 4777 nostri,¹

560 4813 845 4873 mmmmm·
1154 4783 1203 4843 sic
1227 4781 1456 4859 perspeximus
1480 4781 1661 4844 contineri:
1683 4783 1721 4844 Ρ.
1744 4775 1936 4878 procuratos

1153 4870 1937 5056 stlta.taratantaraint

351 5054 513 5120 [nogara.
525 5057 546 5118 ¹2
560 5055 698 5120 ‘rm-⁴⁶⁸·
712 5057 1051 5124 nantoacensi]
1154 5091 1214 5137 nos
1230 5074 1805 5152 bortatur-munimentor-etrnvaat,
1821 5062 1932 5132 utnns.

305 5171 492 5232 Conlirmatnr
510 5171 603 5228 cessio
621 5167 696 5230 illius
713 5174 894 5246 episcopatus
914 5180 1028 5247 propter
1050 5188 1098 5231 se·
1154 5171 1221 5250 qui,
1251 5173 1369 5235 relicta
1392 5171 1489 5234 domo
1513 5172 1677 5249 rebusque
1701 5170 1867 5248 paternis,
1882 5155 1935 5222 soli

340 5267 495 5330 nectutem,
512 5267 540 5316 et
560 5259 625 5317 ideo
643 5263 827 5335 assignantur
841 5265 868 5322 ei
883 5263 936 5322 200
954 5263 1033 5321 libra
1049 5277 1100 5336 pro
1155 5273 1222 5332 Deo
1246 5271 1391 5332 militar-0
1415 5270 1614 5342 desiderant,
1640 5269 1837 5347 Apostolicae
1853 5256 1934 5325 Sedis

340 5351 426 5421 victu,
442 5357 471 5408 et
485 5348 649 5423 indulgetur
659 5357 690 5408 ut
702 5351 794 5424 possit
805 5353 920 5426 sepeliri
935 5367 1001 5412 cum
1017 5351 1100 5410 vesti·
1156 5369 1347 5447 praesidium
1382 5367 1631 5445 impertiamur,
1668 5371 1701 5430 et
1736 5381 1848 5430 eorum
1869 5362 1937 5438 jura

339 5439 393 5498 ωδ
410 5438 629 5512 ⁹⁰⁰¹is¹⁰⁸¹¹b²¹⁸·
1155 5465 1363 5544 propensiori
1382 5481 1462 5528 cura
1477 5466 1655 5528 debeamus
1674 5468 1708 5528 et
1728 5455 1936 5560 sollicitudine

344 5567 524 5639 Honorius,
541 5567 616 5640 etc,
633 5567 819 5629 venerabili
842 5567 937 5630 tratri
956 5569 1100 5631 Honrico
1155 5565 1348 5639 defensare,
1365 5565 1533 5642 quocirca,
1550 5563 1663 5626 dilecti
1679 5564 1714 5626 in
1734 5563 1868 5626 Domino
1883 5549 1936 5614 filil

305 5664 469 5748 nirondam
485 5666 638 5743 episcopo
653 5666 840 5728 xantonen.
1155 5663 1363 5725 devotionem
1391 5664 1549 5731 vestram,
1580 5677 1678 5741 quam
1706 5677 1787 5739 erga
1817 5657 1933 5720 boatum

348 5762 530 5828 Prudenter
551 5779 736 5840 agnoscens
756 5763 814 5826 Dei
839 5763 1101 5828 misericordiam
1157 5761 1290 5824 Petrum
1312 5763 1344 5823 et
1358 5775 1419 5823 nos
1436 5759 1523 5838 ipsos
1538 5759 1661 5824 babere
1679 5755 1852 5824 noscimini
1868 5745 1936 5813 dili-
