3994 6326
110 307 141 368 69

113 465 178 527 uoci
195 465 238 538 ie,
253 463 287 526 et
309 463 496 540 orticariam
521 469 641 529 exires
665 469 707 530 dc
739 467 881 542 occire,

108 564 304 636 reedificari
316 563 349 624 te
362 560 444 642 (iar.
460 579 484 638 r,
497 563 544 645 5).

143 662 224 726 Unde
246 678 313 724 non
328 664 380 726 est
393 662 608 726 dubitandum
627 664 668 726 de
683 665 785 728 Beata
806 665 885 728 Vir·

108 759 271 838 gine,licet
291 759 332 822 de
360 760 434 839 ipsa
459 761 522 824 hoc
548 777 614 824 non
639 762 801 825 habeatur
822 780 884 825 ex-

108 875 255 938 pressum:
272 858 351 920 iiliae
368 859 461 928 Sion,
482 859 577 932 idest,
600 859 720 923 animae
745 863 881 924 sancto-

106 954 219 1020 rumvei
236 955 400 1034 angelica
414 973 566 1037 personae
578 957 734 1021 viderunt
747 960 882 1022 Beatam

107 1055 229 1116 llariam
244 1054 480 1118 ascendentem
494 1056 536 1117 ad
556 1056 658 1118 coelos
673 1073 748 1119 cum
762 1058 880 1134 gloria,

105 1153 178 1214 sicui
201 1153 302 1215 hodie
325 1154 415 1216 canit
441 1154 609 1216 Ecclesia:
625 1156 809 1219 ‹Exultata
834 1157 882 1218 est

106 1251 208 1312 Sancta
236 1250 296 1312 Dei
322 1251 476 1313 (ianitrix
497 1267 598 1330 super
612 1252 732 1316 choros
745 1254 885 1330 angelo·

105 1365 166 1409 rum
190 1348 233 1410 ad
266 1348 415 1411 coelestia
454 1365 567 1426 regna.
603 1351 681 1414 »nt
715 1353 883 1430 assumpta

103 1447 144 1507 esi
156 1446 259 1508 Maria
275 1447 310 1508 in
322 1447 454 1520 coelum,
470 1447 617 1525 gaudent
633 1448 744 1525 angeli
760 1451 793 1512 ei
807 1450 882 1512 ideo

102 1544 354 1622 praedicaverunt
365 1561 439 1606 eam
461 1544 698 1620 beatissimam,
716 1547 793 1608 dum
813 1548 883 1610 tota

103 1641 262 1704 devotione
288 1658 325 1704 se
346 1643 382 1704 in
410 1644 483 1721 ejus
504 1642 604 1706 laude
625 1643 791 1718 fuderunt,
821 1645 884 1708 fuit

100 1741 128 1800 et
151 1739 210 1802 alia
235 1756 336 1802 causa
358 1740 603 1816 admirationis
618 1743 776 1820 quantum
795 1745 883 1806 enim

101 1837 177 1900 credi
191 1837 243 1900 las
256 1837 318 1900 est.
334 1840 410 1916 Ipse
424 1841 512 1901 Deus
527 1841 587 1902 Dei
604 1841 694 1902 iilius
705 1841 760 1919 qui
774 1841 881 1905 dixit:

100 1937 233 1998 Honora
259 1937 407 1999 Putrem
426 1937 526 2000 tuum
553 1939 763 2002 circuirem
787 1941 883 2002 itsom

102 2031 204 2112 (huod.
218 2049 280 2107 xx,
299 2033 363 2114 12).
380 2035 487 2098 Etiam
511 2036 547 2098 in
574 2035 637 2099 bae
659 2037 752 2114 parte
776 2037 884 2100 hono-

99 2146 158 2192 rem
172 2133 327 2210 praestitit
340 2135 442 2196 matri
455 2151 536 2206 suae,
553 2137 589 2199 ut
603 2135 638 2196 in
654 2137 788 2214 propria
807 2153 885 2215 per-

99 2243 169 2290 sona
188 2229 386 2306 dignaretur
413 2232 624 2297 descendere.
654 2233 689 2296 Si
711 2235 820 2308 enim,
848 2235 884 2298 ut

98 2327 139 2388 ait
163 2329 344 2404 Gregorius
365 2329 401 2392 in
426 2329 513 2393 libro
541 2331 757 2410 Dialogorum
774 2353 782 2394 :
800 2350 819 2394 a
834 2333 883 2395 Ad

99 2425 248 2501 quasdam
263 2428 394 2489 animas
409 2430 553 2502 mucias,
568 2445 643 2494 cum
658 2446 759 2493 carne
773 2431 885 2494 solve·

98 2525 212 2598 rentur,
231 2524 425 2599 descendit,
447 2527 481 2588 θῖ
512 2527 688 2591 adventum
711 2545 807 2590 suum
828 2529 883 2591 vel

99 2619 221 2684 luminis
238 2625 414 2699 majestate
424 2622 476 2686 vei
487 2624 598 2686 odoris
614 2626 777 2691 suavitate
788 2645 884 2691 mon-

98 2719 214 2794 stravit,
228 2739 248 2782 s
262 2722 369 2784 multo
385 2723 491 2800 magis
506 2723 706 2786 credendum
721 2726 782 2798 est,
795 2727 883 2804 quod

97 2814 151 2878 boc
165 2817 217 2880 die
235 2821 378 2882 matrem
391 2819 427 2882 in
444 2833 586 2900 persona
602 2824 737 2900 propria
762 2824 882 2886 visita-

98 2916 185 2990 verit,
200 2918 234 2980 et
246 2933 323 2980 eam
336 2934 410 2980 cum
420 2918 529 2995 gloria
538 2919 580 2981 ad
595 2937 735 2998 regnum
749 2922 883 2985 coeleste

96 3014 299 3089 perduxerit,
333 3015 381 3078 ita
407 3017 444 3080 ui
472 3017 546 3095 ipsa
570 3019 697 3096 gratias
733 3019 882 3082 reterens

96 3111 236 3188 dixerit:
255 3115 412 3178 Tenuisti
437 3131 582 3178 manum
607 3119 765 3181 cratero:
782 3135 880 3192 mccc,

93 3207 123 3271 ei
134 3213 169 3271 iu
189 3212 369 3276 eduntote
387 3213 447 3276 tuo
464 3214 642 3301 deducmti
660 3231 727 3289 me,
750 3216 783 3280 θῖ
803 3233 883 3280 mian

93 3310 194 3380 omma
209 3310 434 3384 assumpsisti
452 3326 510 3374 mc
525 3309 594 3392 (Ps.
610 3312 740 3394 7334).

128 3404 217 3468 Unde
246 3423 404 3486 supernae
439 3408 579 3472 virtutes
611 3411 813 3475 admirantes
841 3413 882 3476 de

95 3501 186 3565 Beata
204 3506 330 3578 Maria,
347 3505 433 3584 quod
456 3523 530 3570 cum
542 3508 635 3571 unta
655 3509 763 3587 gloria
778 3510 881 3574 duce-

91 3600 173 3662 retur
190 3619 211 3665 a
227 3603 300 3666 tilio
322 3602 482 3666 dixerunt
504 3605 587 3666 illud
613 3607 740 3669 Cantici
766 3609 881 3672 Canii·
919 3644 923 3652 ·

91 3711 194 3761 corum
219 3721 228 3762 ε
250 3703 337 3768 Qum
363 3702 416 3764 est
443 3703 513 3766 istu
548 3719 625 3780 qum
660 3707 814 3768 ascendit
840 3710 881 3770 dc

89 3796 227 3871 deserto,
244 3801 379 3862 deliciis
396 3800 557 3876 umacus,
569 3803 696 3865 tamma
709 3819 816 3880 εῖιρθν
829 3807 883 3867 dt-

90 3895 204 3956 iectum
228 3911 339 3960 suum
362 3896 470 3978 (Gaui.
495 3913 568 3972 rur,
593 3898 640 3980 5).
667 3901 743 3963 Non
769 3901 883 3966 dicunt

89 3992 176 4066 quasi
198 3994 409 4071 ignorantes,
427 3994 484 4058 sed
517 3996 614 4075 quasi
645 3997 848 4064 admirantes
872 4023 879 4062 ε

89 4090 158 4158 Quae
183 4095 237 4155 est
265 4093 348 4165 ista,
378 4109 477 4172 quam
505 4093 622 4172 digna,
651 4112 750 4173 quam
776 4099 879 4175 justa,

87 4202 176 4262 quam
192 4191 326 4263 sancta,
347 4207 447 4269 quam
474 4191 614 4270 pulchra
636 4192 669 4256 θῖ
687 4195 736 4257 sic
760 4195 800 4257 de
815 4213 883 4258 cae-

88 4283 171 4358 ieris,
187 4289 288 4366 quasi
306 4287 452 4350 diceret:
467 4291 546 4362 Quae
570 4291 621 4353 θεῖ
646 4290 710 4354 ista
723 4309 797 4370 quae
822 4311 881 4356 as-

88 4384 189 4447 cendit
229 4386 272 4448 de
308 4385 459 4464 deserto,
501 4386 607 4461 idest,
649 4389 690 4452 de
737 4393 881 4454 mundet

88 4479 223 4545 blundus
236 4481 365 4546 dicitur
376 4483 526 4546 desertus
540 4487 675 4565 propter
692 4488 879 4554 infructuo-

481 305 537 368 vi.
550 335 592 352 -
612 307 657 369 IN
673 306 971 370 assunlr'rlcn'u
991 306 1143 370 BEATAE
1164 305 1327 369 Manlau.

1693 309 1734 368 70

937 466 1007 530 uta
1023 482 1100 542 qum
1112 465 1266 530 ascertdit
1282 467 1324 528 de
1347 465 1504 530 deserto?
1517 467 1619 539 Quasi
1636 466 1731 530 dioe-

938 564 1036 626 rent:
1057 564 1140 628 Aliae
1163 563 1322 628 mulieres
1345 564 1587 627 descenderunt
1612 565 1652 626 de
1674 565 1734 628 de-

938 664 1028 724 serto
1047 662 1088 724 ad
1108 663 1286 734 internum,
1305 663 1370 726 isia
1385 662 1495 725 autem
1519 663 1671 726 ascendii
1690 663 1731 726 de

938 760 1069 823 deserto
1079 760 1348 824 adcoelumanae
1363 761 1733 825 mulieresaiiluxerunt

938 858 1083 940 delictis,
1100 859 1165 921 ista
1189 858 1297 921 affluit
1315 858 1455 922 deliciis.
1475 861 1510 920 si
1533 876 1606 937 quae
1620 861 1732 923 tamen

938 949 1094 1022 mulieres
1112 958 1164 1018 vel
1182 957 1302 1018 animae
1318 959 1442 1020 sancta
1457 956 1678 1020 ascenderunt
1690 958 1732 1019 ad

938 1039 1069 1128 ciclum,
1084 1057 1224 1134 portatae
1246 1055 1378 1116 suntab
1394 1055 1533 1132 angelis,
1551 1055 1732 1118 secundum

938 1153 1021 1215 illud
1039 1153 1262 1230 :Affereniur
1274 1156 1311 1216 tn
1324 1154 1445 1216 laetitia
1458 1155 1490 1216 ct
1503 1155 1732 1217 eructatione.-

938 1252 1205 1315 caementaria
1221 1253 1384 1328 tempium
1403 1255 1497 1329 rapis
1513 1251 1582 1332 (Ps.
1599 1255 1648 1325 dl,
1667 1251 1730 1333 16).

939 1352 1006 1413 Isia
1029 1365 1109 1412 uero
1131 1366 1197 1414 non
1219 1349 1370 1430 portatur
1393 1351 1435 1412 ab
1451 1351 1591 1428 angelis,
1609 1351 1665 1412 sed
1681 1351 1735 1413 de·

938 1447 1071 1511 ducitur
1085 1465 1105 1510 a
1125 1448 1186 1509 Dei
1200 1447 1297 1510 Filio.
1314 1447 1354 1510 Et
1368 1448 1431 1510 hoo
1446 1448 1497 1511 esi
1511 1448 1598 1526 quod
1612 1449 1734 1511 dicitur

937 1545 1055 1608 innixa
1079 1561 1179 1624 super
1206 1545 1363 1609 dilectum
1385 1563 1493 1620 suum,
1511 1547 1597 1625 quod
1612 1548 1735 1610 virtute

938 1644 971 1707 et
984 1644 1157 1722 maJestate
1171 1643 1233 1706 tilii
1245 1644 1396 1706 ascendii
1412 1643 1448 1708 iu
1463 1643 1578 1707 altum.
1699 1682 1703 1689 -

978 1743 1054 1805 Fuit
1069 1743 1103 1804 θῖ
1122 1742 1223 1804 tertia
1238 1758 1340 1804 causa
1361 1741 1593 1806 admirationis
1612 1743 1653 1804 de
1675 1743 1735 1806 ad-

938 1840 1182 1903 ministratione
1196 1840 1374 1903 multcrum
1393 1841 1588 1917 angelorum
1603 1843 1636 1904 et
1654 1858 1736 1904 con-
1814 1847 1817 1855 '

938 1938 1068 2001 fusione
1088 1938 1286 2001 daemonum.
1307 1939 1393 2000 Nam
1422 1955 1497 2000 cum
1523 1937 1557 2000 in
1580 1955 1736 2018 assump-

937 2037 1029 2100 tione
1051 2037 1237 2099 animarum
1260 2038 1293 2100 et
1315 2037 1394 2098 boni
1409 2037 1521 2114 angeli
1540 2037 1734 2115 delegentur

938 2135 971 2197 et
985 2134 1152 2198 deamones
1167 2151 1187 2196 a
1203 2133 1334 2196 diabolo
1357 2134 1541 2209 mittantur,
1559 2135 1595 2198 ut
1610 2137 1639 2197 si
1655 2136 1734 2214 quid

938 2248 1035 2294 suum
1048 2230 1238 2294 invenerint
1248 2232 1391 2309 rapiant,
1403 2231 1467 2305 vel,
1483 2232 1512 2293 si
1528 2248 1594 2294 uon
1606 2233 1736 2295 calum-

939 2328 1094 2405 nientur:
1121 2330 1157 2391 in
1177 2329 1402 2406 assumptione
1423 2332 1534 2392 Beata:
1557 2331 1673 2392 Mariae
1702 2335 1735 2393 ei

937 2424 1033 2487 multi
1052 2424 1163 2501 angeli
1186 2425 1219 2486 ei
1244 2423 1357 2501 magni
1381 2427 1460 2486 sunt
1481 2422 1517 2486 in
1538 2427 1611 2502 ejus
1637 2425 1737 2488 obse-

937 2523 1053 2601 quium
1076 2521 1240 2600 depuiati,
1269 2523 1302 2584 et
1329 2522 1496 2584 daemones
1523 2523 1609 2584 nihil
1637 2541 1734 2586 suurn

937 2621 1142 2698 reperientes
1151 2620 1244 2694 inea,
1255 2620 1388 2699 penitus
1399 2621 1476 2683 sunt
1488 2620 1628 2682 confusi.
1641 2623 1735 2685 Unde

938 2719 1059 2782 dicitur
1074 2735 1133 2798 per
1154 2719 1349 2796 mysterium
1373 2719 1409 2780 in
1429 2718 1564 2781 cantico
1586 2721 1735 2782 Cantico-

937 2833 1012 2880 rum
1024 2838 1031 2878 ε
1045 2817 1222 2880 Lectuium
1243 2819 1436 2880 Saimnoms
1458 2819 1646 2895 acceptato
1662 2820 1735 2894 sor·

938 2917 989 2980 tes
1012 2914 1169 2978 ambiunt
1187 2928 1235 2977 eor
1252 2915 1457 2990 fortissimis
1471 2918 1597 2988 israel,
1617 2931 1736 2980 eutices

937 3015 1093 3078 terrentes
1122 3015 1253 3090 amotos
1287 3013 1322 3075 ct
1356 3015 1401 3074 ud
1436 3014 1519 3076 betia
1546 3016 1735 3078 doctissimi

938 3111 1047 3193 (Gaui.
1060 3127 1111 3184 111,
1129 3108 1175 3191 7).

976 3211 1131 3273 Lectulus
1150 3207 1336 3271 Salomonis
1351 3208 1402 3271 θεῖ
1416 3209 1522 3272 Mater
1540 3210 1734 3288 salvatoris,

936 3309 1014 3388 quia
1037 3309 1073 3371 in
1096 3323 1137 3369 ea
1157 3309 1325 3386 umquam
1346 3306 1382 3368 in
1404 3306 1526 3372 lectulo
1545 3310 1645 3373 etiam
1660 3329 1737 3375 cor-

936 3407 1095 3486 poraliter
1109 3405 1282 3484 requierit.
1308 3404 1463 3467 Salomon
1479 3407 1610 3485 quidem
1630 3410 1739 3474 inter-

936 3506 1086 3586 pretatur
1113 3503 1282 3582 paciiicus,
1311 3503 1398 3566 idest
1422 3503 1586 3580 Christus,
1612 3507 1651 3570 de
1671 3527 1738 3587 quo
1799 3565 1801 3570 .

936 3605 1017 3667 dicii
1036 3603 1213 3682 Apostolus
1236 3623 1244 3663 :
1268 3605 1348 3676 lpse
1369 3602 1421 3664 est
1438 3619 1514 3679 pum
1534 3607 1656 3668 mostra
1677 3613 1737 3682 put

935 3703 1015 3778 secti
1039 3703 1188 3776 utroque
1213 3715 1322 3762 urium
1348 3697 1443 3779 (Eph.
1472 3716 1508 3772 11,
1538 3698 1602 3781 14).
1630 3705 1738 3768 Sexa-

935 3800 1027 3878 ginta
1039 3798 1141 3862 iortes
1155 3797 1233 3858 sunt
1244 3796 1356 3873 magni
1371 3796 1574 3874 archangeli,
1583 3801 1733 3878 virtutes,

936 3897 1142 3978 principatus
1169 3895 1204 3957 et
1226 3894 1415 3973 potestates.
1436 3895 1500 3967 Qui
1518 3897 1572 3960 vel
1592 3914 1665 3976 quae
1685 3901 1737 3962 di-

936 3991 1738 4072 cuntursexaginta,quodhicuumerusconsistit

936 4113 979 4159 ex
1002 4093 1139 4157 denario
1163 4093 1196 4154 et
1219 4091 1363 4164 senario,
1384 4092 1471 4169 quod
1492 4093 1603 4156 sexies
1621 4095 1736 4160 decem

936 4193 1061 4256 iaciunt
1073 4189 1258 4268 sexaginta.
1267 4189 1306 4250 nt
1316 4189 1468 4251 senarius
1482 4192 1614 4268 quidem
1627 4193 1735 4272 signi-

935 4293 1012 4354 ticat
1031 4289 1266 4369 perfectionem
1280 4287 1433 4364 virtutis3
1457 4288 1624 4364 denarius,
1648 4295 1736 4371 quod

935 4404 1148 4452 numerorum
1163 4387 1213 4448 est
1224 4385 1397 4459 terminus,
1409 4385 1647 4464 plenitudinem
1661 4407 1736 4468 gra-

935 4489 990 4552 tiae
1004 4485 1162 4550 coelestis.
1185 4483 1277 4556 Quod
1293 4499 1372 4560 ergo
1386 4483 1543 4548 dicuntur
1559 4489 1734 4566 sexaginta

87 4578 211 4644 sitaiem
245 4583 282 4644 et
322 4581 513 4646 ariditatem
540 4583 594 4647 rel
619 4586 706 4665 quod
734 4587 881 4665 quotidie
936 4587 1053 4660 tortas,
1075 4583 1142 4648 tale
1165 4582 1217 4644 est
1239 4597 1279 4643 ac
1298 4581 1327 4642 si
1346 4581 1513 4644 diceretur
1530 4605 1537 4644 :
1554 4583 1654 4648 sortes
1676 4603 1734 4650 ar-

87 4673 253 4742 deseratur
282 4696 303 4741 a
323 4678 554 4744 morientibus.
581 4681 674 4745 Unde
697 4685 878 4748 Salomon:
935 4683 1100 4762 changeii,
1117 4680 1333 4760 principatus,
1350 4679 1489 4742 virtutes
1505 4682 1538 4743 et
1553 4683 1732 4758 potestates

85 4777 187 4839 h'cmo
200 4778 257 4842 cst
273 4781 335 4854 qast
353 4793 495 4856 seraper
513 4781 620 4853 vivut,
640 4781 675 4843 et
694 4785 753 4856 pati
777 4786 879 4858 tipus
934 4782 1071 4862 perlecti
1096 4780 1130 4842 in
1154 4777 1286 4851 virtute,
1309 4775 1398 4854 pleni
1422 4779 1594 4856 majestate
1615 4782 1733 4859 gloriae

86 4874 270 4938 reinonem
287 4877 451 4950 adustum
467 4874 571 4956 (Eccl.
590 4893 637 4950 rx,
655 4875 699 4957 4).
718 4879 811 4942 Unde
826 4880 878 4941 le-
934 4881 1084 4944 ambiunt
1102 4876 1259 4940 lectulum
1284 4873 1481 4948 Salomonis,
1502 4875 1598 4952 idest,
1615 4884 1730 4958 prote-

86 4967 165 5041 gitur
196 4971 233 5035 iu
259 4973 347 5035 libro
372 4975 516 5051 Regum,
536 4973 621 5052 quod
644 4975 795 5054 quaedam
823 4994 880 5040 sa·
933 4981 1015 5058 gunt
1029 4979 1062 5041 θῖ
1077 4975 1244 5040 honorant
1258 4973 1394 5036 Beatam
1407 4974 1548 5037 Mariam
1563 4977 1599 5040 ut
1613 4978 1646 5041 ei
1659 4984 1730 5045 Do-

85 5065 171 5141 pieus
186 5069 315 5134 mulier
328 5071 416 5134 dixit
432 5072 473 5133 ad
488 5071 593 5134 David
610 5094 618 5133 ι
633 5075 758 5137 munes
769 5080 879 5138 mort-
934 5080 1022 5142 mino
1038 5092 1097 5139 suo
1113 5076 1185 5152 ejus
1204 5071 1289 5135 Filio
1302 5073 1523 5136 reverentiam
1538 5075 1728 5156 exhibeant,

85 5169 206 5230 mmet
222 5170 319 5231 sicui
342 5185 444 5246 oquoe
460 5173 645 5233 ditabimur
667 5175 705 5234 tm
729 5173 875 5248 terram,
932 5179 964 5240 et
992 5177 1158 5239 daemones
1186 5171 1318 5251 penitus
1347 5169 1558 5234 confundant.
1585 5175 1625 5238 nt
1650 5181 1730 5243 nota

86 5274 152 5334 artie
164 5281 235 5328 non
252 5268 487 5330 revertuntur
506 5267 550 5347 (11
565 5271 648 5346 Reg.
664 5285 733 5343 mv,
751 5269 815 5350 17).
931 5276 1017 5354 quod
1032 5271 1154 5334 dicitur
1166 5269 1276 5345 fortes
1290 5283 1337 5330 θθθ
1354 5269 1567 5344 sorthstmts,
1584 5275 1671 5352 quod
1685 5293 1729 5340 ex

120 5362 278 5442 Sequitur
291 5385 299 5425 :
311 5363 442 5427 deliciis
455 5363 608 5428 affluens.
617 5366 753 5430 Deliciae
762 5368 798 5430 in
813 5369 876 5434 boc
931 5369 1120 5436 fortissimis
1134 5366 1356 5443 archangelis
1370 5365 1609 5443 principatibus
1621 5373 1654 5434 ei
1667 5391 1729 5452 po-

85 5452 148 5521 loco
174 5460 337 5525 dicuutur
352 5461 590 5526 delectationes
616 5463 779 5538 coelestes,
801 5469 877 5546 qui-
929 5469 1102 5535 testatibus
1125 5465 1260 5544 quidam
1284 5463 1437 5525 tortiores
1458 5466 1491 5526 et
1511 5462 1726 5542 gloriosiores

84 5551 249 5622 busBeata
265 5559 377 5622 Maria
390 5559 424 5622 in
444 5560 605 5624 hodierna
620 5562 675 5624 die
688 5561 751 5626 suit
762 5565 876 5630 multi·
930 5570 1008 5632 sunt
1028 5567 1065 5629 in
1083 5565 1193 5628 Boutae
1217 5561 1332 5624 Mariae
1352 5560 1544 5640 obsequium
1572 5565 1724 5646 delegati.

86 5650 206 5728 pliciter
229 5657 408 5722 delectata.
438 5659 558 5723 Dicunt
584 5677 692 5738 ergo:
718 5664 801 5730 thoc
823 5667 875 5729 cst
929 5672 999 5734 Nec
1013 5665 1143 5738 mirum,
1158 5678 1232 5724 cum
1247 5660 1533 5738 dicuinpostolus,
1549 5666 1635 5741 quod
1651 5685 1727 5736 onz-
