3994 6326
322 314 380 372 607
813 333 816 340 ¹
929 307 1105 372 HONORII
1129 307 1174 371 111
1195 309 1343 372 OPERA.
1867 325 1905 382 hil

363 469 508 534 Dilectus
523 469 611 532 tilius
626 468 743 532 cautor
759 468 973 532 suessionen.
992 469 1027 532 in
1040 485 1121 533 aas·
1174 469 1266 532 dium
1279 472 1390 533 Terrae
1407 469 1548 542 Sauctae,
1565 486 1625 536 nec
1639 487 1703 534 non
1714 489 1789 536 unus
1801 482 1907 556 conjudt.

322 571 374 632 tra
401 568 579 648 praesentia
607 566 807 630 constitutus
829 565 926 630 nobis
947 567 1120 630 humiliter
1177 585 1252 630 cum
1277 568 1318 630 ad
1340 570 1450 646 partes
1474 569 1559 630 alias
1582 569 1635 633 est
1653 571 1823 646 translatus,
1841 592 1906 640 mnu

323 666 524 745 supplicavit
552 667 589 728 ut
615 666 760 728 AElidem
795 665 960 742 virginem
988 669 1119 743 neptem
1174 666 1246 742 ipsa
1262 667 1424 730 remansit
1444 666 1606 728 hactenus
1629 668 1776 731 indecisa.
1796 673 1905 738 Valente

323 781 427 837 suam,
440 781 514 842 quae
525 765 601 826 voto
615 763 778 826 castitatis
793 763 927 836 emisso,
941 763 975 827 in
992 779 1120 825 monas·
1174 763 1276 839 igitur
1289 765 1325 826 ut
1340 764 1416 826 linis
1428 764 1542 828 litibus
1557 766 1750 843 imponatur,
1765 767 1904 832 discretioni

322 863 407 924 torio
432 861 542 924 vestro
570 862 631 923 sub
654 861 802 937 regulari
829 860 955 934 habitu,
980 861 1119 923 Domino
1174 859 1293 924 vestrae
1313 876 1373 938 per
1398 863 1589 940 Apostolica
1615 863 1735 940 scripta
1755 867 1906 939 mandamus,

322 961 494 1038 proposuit
518 959 684 1032 temulari,
708 961 743 1021 in
767 959 946 1020 monialem
968 960 1001 1021 et
1025 975 1120 1021 saro-
1174 959 1349 1035 quatenus,
1368 958 1398 1020 si
1419 960 1621 1034 estuans
1642 960 1677 1022 in
1697 961 1800 1022 eadem
1819 967 1907 1039 negoti

320 1075 392 1120 rem
418 1057 568 1120 vestram
585 1058 691 1136 recipi
716 1057 910 1118 laceremus.
928 1059 997 1118 Nos
1018 1057 1121 1132 igitur
1170 1056 1268 1133 Juxta
1280 1056 1472 1134 praecedens
1488 1057 1738 1134 praedecessoris
1753 1059 1907 1122 nostrime-

322 1156 620 1234 supplicationibus
660 1155 807 1234 ejusdem
841 1155 986 1216 cantoris
1024 1153 1120 1216 beni·
1174 1153 1297 1225 datum,
1313 1153 1534 1231 appellatione
1549 1155 1686 1228 remota,
1701 1156 1908 1233 rationepran‘a

319 1269 422 1330 gnum
441 1253 668 1332 impertiamus
684 1267 868 1326 assensum,
878 1254 911 1314 et
925 1252 1015 1329 pium
1033 1265 1120 1328 prae-
1174 1251 1372 1329 procedatis.
1385 1251 1475 1323 Quod
1490 1253 1519 1313 si
1534 1268 1720 1316 nonomnes
1734 1253 1908 1331 lisersequeu-

321 1351 417 1412 dictae
438 1351 557 1428 puellae
571 1349 775 1428 propositum
802 1349 837 1410 in
863 1349 1002 1412 Domino
1028 1364 1121 1412 com·
1174 1348 1225 1410 dis
1258 1349 1433 1426 potueritis
1462 1350 1639 1422 interesse,
1666 1350 1728 1412 duc
1751 1353 1868 1412 restrum
1885 1367 1909 1412 ea

322 1448 529 1522 mandantes
542 1448 792 1510 universitatem
806 1447 951 1510 vestram
963 1461 1119 1524 rogamus
1175 1445 1393 1508 nihilominus
1414 1450 1651 1525 exsequantur.
1668 1447 1778 1509 Datum
1794 1449 1910 1518 huhrau,

320 1545 353 1608 et
381 1562 552 1624 monemus
581 1547 617 1606 in
657 1546 808 1618 Domino,
836 1561 896 1623 per
927 1545 1118 1622 Apostolica
1175 1544 1218 1604 VI
1240 1543 1403 1604 kalendas
1427 1542 1606 1617 februarii,
1630 1544 1824 1622 pontificatus
1844 1546 1912 1634 noshi

319 1643 413 1706 vobis
441 1641 563 1722 scripta
590 1629 798 1716 mandantes,
825 1645 986 1720 quatenus
1013 1641 1120 1704 divini
1174 1655 1263 1702 anno
1279 1641 1435 1704 secundo.

320 1741 445 1802 amoris
464 1740 596 1814 intuitu,
616 1741 650 1802 et
678 1741 867 1803 nostrarum
900 1756 1036 1819 precum
1061 1738 1121 1801 ob-

319 1840 424 1911 tantu,
454 1838 489 1898 in
520 1854 668 1900 sororem
695 1840 840 1900 vestram
869 1839 902 1899 et
939 1833 1120 1898 monialem
1494 1811 1658 1900 CXVIII

319 1935 530 1998 admittentes
546 1935 706 2003 eamdem,
727 1936 842 2002 mutua
857 1933 963 2011 ipsam
981 1933 1120 1996 caritate
1202 1971 1255 2030 Ad
1269 1971 1451 2034 Nicolaum
1464 1970 1619 2033 abbatem
1632 1971 1751 2034 Sam,
1766 1971 1896 2032 MOS„

317 2032 478 2106 tractetis,
495 2034 532 2094 ut
545 2033 616 2110 ipsa
628 2033 740 2094 votum
757 2048 853 2114 suum
872 2030 985 2093 valeat
1012 2031 1121 2092 adim-
1427 2071 1569 2142 ejusque
1583 2069 1726 2142 [patres.

318 2131 421 2206 plere,
437 2129 598 2207 vobisque
612 2130 652 2190 de
667 2130 858 2206 receptione
887 2129 978 2190 illius
1001 2144 1120 2190 cumu-
1525 2198 1532 2210 .

318 2227 371 2288 lus
393 2229 525 2288 aeternae
549 2227 779 2289 retributionis
803 2224 984 2287 accrescat.
1000 2225 1118 2286 Datum
1464 2196 1499 2255 ²9
1521 2213 1582 2272 1⁰¹¹·
1606 2199 1686 2256 ¹²¹⁸·

319 2325 474 2386 Laterani
505 2328 600 2386 sexto
634 2324 797 2385 kalendas
831 2322 993 2386 februarii
1031 2338 1119 2384 anno
1252 2315 1382 2382 mesina,
1396 2317 1464 2372 uon.
1478 2317 1537 2382 hist,
1551 2323 1687 2386 sunaus
1698 2317 1776 2371 illust.
1786 2327 1804 2371 t·
1816 2321 1832 2380 1,
1841 2317 1868 2383 t}

320 2421 476 2483 secundo.
1175 2429 1377 2486 llouasterium
1404 2428 1499 2487 Sancti
1520 2427 1675 2486 Theodosii
1700 2426 1879 2488 Goeuobiarche
1896 2422 1917 2479 te

357 2521 395 2580 ln
422 2519 573 2580 eumdem
601 2519 734 2580 modum
754 2517 913 2596 scriptum
943 2518 993 2581 est
1019 2533 1119 2594 super
1210 2516 1343 2574 Labernis
1366 2517 1395 2575 in
1419 2533 1470 2576 sua
1488 2519 1666 2591 protectione
1689 2519 1799 2590 suscipit
1822 2513 1915 2588 pontiu.

319 2616 421 2677 hoc...
452 2615 564 2678 abbati
592 2617 659 2677 et...
690 2615 816 2677 decano
847 2615 954 2676 sancti
982 2615 1119 2677 vedasti
1209 2613 1337 2664 statuens
1353 2613 1384 2664 ut
1405 2605 1509 2664 ibidem
1530 2607 1629 2680 regilla
1655 2609 1687 2666 Β.
1708 2606 1798 2665 Basilii
1819 2602 1917 2677 perpellit

321 2711 548 2783 suessionem,
566 2711 602 2772 ut
621 2727 677 2772 eos
697 2710 738 2772 ad
763 2710 825 2772 hoc
849 2711 1028 2787 prudenter
1047 2725 1120 2772 mo-
1209 2695 1747 2768 ¹0¹¹¹D⁰flb¹1³0b⁸efvel⁰f3⁰mfl0⁸tl¹¹⁰
1761 2692 1917 2768 l⁰⁸⁵0⁸⁵5⁰¹1⁸³r

318 2809 430 2880 neant,
456 2809 489 2870 ct
512 2808 692 2870 efficaciter
712 2807 871 2868 inducere
897 2824 963 2869 non
990 2810 1119 2886 postpo·
1206 2781 1271 2856 5⁰¹⁸
1287 2790 1315 2841 ⁰⁸
1330 2781 1479 2858 privilegia
1494 2783 1654 2842 mmmm·

320 2906 411 2966 nant.
440 2905 532 2977 Quod
562 2904 591 2966 si
616 2921 683 2967 non
713 2919 838 2977 omnes,
859 2905 934 2978 eto,
956 2905 1021 2966 duo
1041 2921 1120 2968 ves·
1213 2911 1380 2973 Honorius
1394 2911 1568 2990 episcopus
1583 2903 1917 2972 servusservarunllei.

322 3003 421 3078 trum,
438 3003 500 3066 eto.
517 3003 636 3066 Datum
650 3005 810 3081 utsupra.
1173 3006 1294 3070 dilecto
1332 3007 1400 3070 filio
1446 3008 1585 3070 Nicolao
1628 3009 1743 3070 abbati
1776 2999 1919 3068 monasterii

1168 3102 1921 3175 S.Theodosiicoenobiarchaedanaber-nappe

649 3199 790 3287 CXVII
1173 3219 1236 3280 que
1251 3202 1409 3265 tratribus
1423 3203 1489 3264 tam
1502 3203 1723 3282 praesentibus
1736 3218 1824 3282 quam
1838 3195 1920 3258 lutum

1173 3300 1361 3376 regularem
1384 3300 1485 3362 vitam
1510 3300 1673 3377 professis
1701 3301 1736 3363 in
1759 3297 1920 3378 perpetuum

1173 3397 1314 3460 salutem
1333 3402 1366 3460 et
1380 3398 1605 3477 Apostouaam
1624 3397 1875 3460 benedictionem.

1213 3495 1415 3572 Religiosam
1430 3495 1532 3558 vitam
1545 3495 1756 3572 eligentibus,
1773 3494 1838 3564 etc„
1850 3499 1922 3594 nspm

612 3639 646 3697 2⁷
981 3705 985 3714 -
1172 3591 1924 3768 illlataadelmannum

424 3765 548 3826 monum.
567 3761 702 3827 harpam
715 3762 773 3812 '²¹⁵⁸'
784 3761 859 3826 ‘m'
870 3761 914 3824 Ἦ*
926 3759 993 3826 ¹⁵⁰·]
1172 3787 1361 3858 annuimus
1379 3787 1412 3849 et
1426 3787 1601 3864 praelatum
1614 3785 1843 3849 monasterium
1853 3773 1923 3840 sanct

318 3877 376 3934 lllis
391 3874 542 3936 committit
554 3893 671 3936 causam
687 3893 751 3950 qum
768 3877 841 3934 inter
865 3876 997 3934 abbatem
1010 3873 1045 3933 de
1059 3873 1117 3933 Piis
1171 3885 1348 3947 Theodosii
1359 3885 1608 3948 coenohiarchae
1621 3885 1664 3946 do
1677 3881 1924 3953 marrianam

353 3973 381 4022 et
404 3965 537 4024 abbatem
553 3965 648 4024 Sancti
664 3965 776 4025 ltertlni
791 3965 827 4023 de
841 3966 989 4024 Pannonia
1001 3963 1038 4022 dc
1052 3963 1115 4038 qui·
1172 3981 1284 4044 dpvpno
1300 3983 1480 4060 mancipati
1494 3984 1573 4044 estis
1588 3983 1759 4063 obsequio,
1773 3981 1839 4050 eto,
1851 3981 1924 4047 aspra

351 4052 600 4111 busdamdeeimis
615 4053 961 4112 etrebusulitsvertltur.
1171 4080 1425 4142 communimus·
1454 4084 1490 4142 In
1525 4079 1642 4158 primis
1677 4081 1844 4158 siquidem,
1874 4073 1923 4130 pp,

318 3351 371 3410 Ad
384 3351 542 3410 abbatem
560 3351 601 3411 da
619 3352 717 3410 Libia
732 3352 932 3410 &certatoris
950 3350 1115 3420 diaecesis,

358 3449 640 3508 archidiaconum
677 3447 712 3508 et
751 3445 930 3507 cautiorem
963 3449 1118 3518 eliadam

357 3545 516 3606 acetaria.
629 3573 631 3579 s

357 4179 525 4239 Honorius
539 4178 725 4255 episcopus,
734 4196 850 4240 servus
862 4195 1032 4242 servorum
1042 4179 1113 4252 liei,
1170 4193 1277 4252 aspice
1292 4177 1471 4239 seeundum
1483 4180 1585 4240 Deum
1598 4181 1632 4240 et
1645 4177 1738 4240 beati
1749 4172 1852 4238 Basilii
1862 4179 1925 4240 regu·

317 4274 447 4338 dilectis
461 4276 539 4336 liliis
550 4273 660 4337 abbati
673 4275 713 4338 de
727 4276 834 4350 Libin,
847 4277 1019 4339 Geuriens.
1032 4277 1116 4338 dioe-
1170 4274 1236 4334 lam
1252 4274 1287 4335 in
1296 4275 1410 4335 eodem
1419 4274 1634 4346 monasteria,
1653 4276 1731 4348 etc,
1740 4283 1839 4346 usque
1851 4265 1925 4326 obser

317 4373 415 4445 cesis,
439 4371 688 4450 archidiacono,
711 4375 745 4435 et
770 4375 899 4436 cantori
926 4372 1113 4446 dumiensi,
1169 4374 1276 4434 vetur.
1314 4373 1472 4434 Preterea
1514 4387 1744 4450 quascumque
1783 4359 1924 4447 possessio

317 4473 459 4534 salutem
474 4471 507 4532 et
522 4469 738 4549 apostolicam
751 4470 1025 4534 benedictionem.
1170 4485 1239 4542 nes,
1271 4473 1347 4542 ete,
1377 4485 1483 4545 usaue
1509 4469 1637 4531 illibata
1666 4465 1873 4548 permaneant.
1900 4457 1924 4514 Il

355 4569 473 4632 Dilecti
501 4569 562 4630 lilii
588 4567 689 4630 abbas
726 4569 759 4630 et
791 4569 972 4631 conventus
1007 4571 1114 4633 sancti
1169 4567 1287 4644 quibus
1312 4568 1395 4639 baec,
1422 4569 1498 4638 etc,
1521 4581 1630 4642 usquc
1650 4563 1826 4635 vocabulis,
1847 4559 1924 4620 locun

314 4667 450 4729 Martini
475 4666 516 4728 de
544 4667 718 4728 Pannonia
747 4682 807 4728 sua
833 4665 930 4726 nobis
956 4666 1114 4744 petitione
1169 4665 1290 4742 ipsum,
1303 4665 1338 4725 in
1348 4681 1412 4743 quo
1428 4663 1602 4741 praelatum
1615 4663 1843 4726 monasterium
1854 4656 1922 4716 sitm

314 4766 551 4832 monstrarunt,
565 4764 650 4841 quod
663 4781 736 4826 cum
749 4762 858 4826 lelicis
871 4764 1113 4826 recordationis
1166 4765 1229 4832 est,
1255 4778 1329 4824 cum
1352 4761 1504 4825 amnibus
1527 4761 1739 4839 pertinentiis
1767 4758 1843 4828 suis3
1864 4743 1923 4852 apud

315 4861 527 4923 Innocentius
544 4877 629 4938 papa
644 4859 873 4938 praedecessor
893 4847 1007 4924 noster
1033 4877 1114 4923 cau·
1168 4859 1444 4937 Hierosolymam,
1461 4859 1637 4922 ecclesiam
1656 4859 1764 4921 sancti
1787 4843 1921 4916 Theodosi

315 4973 397 5030 sam,
414 4974 486 5035 quae
501 4959 588 5020 inter
600 4959 690 5034 ipsos
705 4973 748 5019 ex
767 4960 860 5036 parte
873 4975 952 5028 una,
969 4960 1002 5021 et
1016 4958 1114 5020 abba·
1150 4971 1242 5018 ¹cum
1259 4944 1427 5035 'hospitali
1463 4959 1495 5019 et
1528 4957 1714 5034 apothecis
1743 4955 1775 5016 et
1807 4951 1884 5012 lurno
1902 4939 1923 4998 θῑ

312 5057 380 5118 tem
393 5071 432 5116 ac
447 5054 628 5116 monachos
643 5055 683 5115 de
696 5055 766 5116 Plis
781 5056 1113 5118 Cisterciensisordi-
1167 5055 1289 5129 vineis;
1306 5055 1339 5115 in
1355 5053 1482 5116 duobus
1501 5055 1716 5117 monasteriis
1732 5049 1830 5114 sancti
1848 5047 1922 5107 Jaan·

312 5153 365 5215 nis
380 5152 636 5230 vesprimiensis
651 5151 805 5214 dioecesis
822 5170 865 5215 ex
876 5155 995 5226 altera,
1012 5170 1112 5231 super
1167 5153 1219 5213 nis
1233 5152 1390 5230 Baptistae
1405 5153 1438 5214 et
1452 5154 1558 5214 sancti
1570 5152 1704 5230 Georgii
1720 5149 1803 5228 apud
1816 5135 1923 5208 Ramebt

312 5251 509 5331 quibusdam
524 5249 661 5310 decimis
684 5249 717 5310 et
743 5249 843 5312 rebus
869 5252 946 5314 aliis
970 5252 1112 5315 vertitur
1165 5250 1287 5324 terram
1305 5249 1392 5327 apud
1409 5249 1552 5312 schalon
1567 5253 1676 5313 terras
1696 5250 1731 5311 et
1748 5248 1851 5310 musas
1872 5245 1922 5334 cml

311 5348 495 5413 venerabili
511 5347 608 5411 tratri
622 5346 776 5424 episcopa
801 5349 975 5412 (lauriensi
991 5352 1024 5412 et
1038 5351 1111 5427 eJus
1166 5348 1459 5425 hospitali301tra
1491 5347 1613 5424 taliam
1652 5346 1823 5409 ecclesiam
1848 5331 1924 5398 alcu

311 5447 449 5524 collegis
461 5444 1112 5525 commiseritterminandam‚tumprop·
1165 5449 1271 5515 lonae,
1285 5449 1319 5506 et
1332 5445 1423 5506 intus
1437 5446 1618 5522 apothecas
1643 5445 1676 5506 et
1704 5439 1854 5520 hospitale
1873 5441 1924 5490 cum

310 5543 363 5608 ter
377 5543 582 5605 mandatoris
600 5543 751 5614 mortem,
768 5544 837 5605 tum
858 5546 936 5621 quia
953 5545 1109 5622 praetatus
1165 5545 1263 5606 vinea
1275 5559 1413 5622 magna3
1428 5543 1511 5605 dues
1527 5559 1629 5605 naves
1649 5542 1771 5604 liberas
1785 5552 1838 5616 per
1850 5531 1923 5594 tono

312 5642 488 5721 episcopus
517 5641 753 5703 transfretasse
785 5641 907 5704 dicitur
934 5658 970 5704 1n
1000 5643 1111 5706 subsi·
1166 5658 1257 5704 mare
1272 5641 1505 5718 apudJaffam;
1520 5641 1740 5704 obedientiam
1758 5633 1835 5712 apud
1845 5621 1922 5690 zerel,
