4080 6316
276 235 336 294 815
890 234 1068 300 Bononh
1088 236 1134 298 111
1155 237 1304 302 OPERA.
1867 240 1926 303 816

269 394 439 460 fundatori
453 395 604 460 ecclesiae
620 394 710 458 boati
725 394 822 458 Pauli
834 395 876 456 de
891 393 997 480 ltalia,
1014 411 1071 458 sa-
1123 412 1180 461 ras
1203 398 1278 462 tuas
1298 396 1395 463 nobis
1414 399 1586 466 humiliter
1604 401 1811 480 supplicasti,
1835 403 1926 472 11111

271 494 373 556 111111
389 496 423 556 11
434 493 651 571 apostolicam
661 492 936 557 benedictionem.
1125 496 1335 558 seccoviensi
1350 497 1492 561 ecclesia
1507 503 1573 562 tuae
1590 500 1686 562 dioec.
1700 501 1925 578 episcopalem
2025 547 2026 558 ,

311 593 403 654 81111
429 607 578 654 annuere
603 591 722 664 Sedes,
762 592 850 654 etc...
888 591 1068 654 Ecclesiam
1124 593 1235 656 sedem
1266 596 1417 669 creandi,
1449 597 1511 660 tibi
1538 599 1705 660 licentiam
1740 598 1927 662 concedere
1994 619 2002 636 ·

269 691 358 754 beati
374 690 471 752 Pauli
483 691 524 752 de
539 689 645 762 italis,
671 705 732 751 nec
760 705 826 751 non
852 690 886 752 et
908 705 1069 768 personas
1124 691 1348 768 dignaremur.
1365 695 1486 758 Parate
1500 696 1542 758 de
1555 712 1695 758 assensu
1708 697 1849 774 capituli
1865 697 1926 768 tui,
2025 743 2026 772 ,

269 791 306 851 in
330 805 369 851 ea
393 789 533 850 Domino
562 787 774 860 famulantes,
804 803 879 850 cum
903 788 1069 857 omnibus,
1124 789 1929 856 11111111111111111111111111111111111111-

271 885 1068 966 quaeinpraesentiarumrationabiliterpossidet,
1124 891 1239 951 cantas
1258 906 1388 954 marcas
1407 892 1443 952 in
1464 892 1648 954 redditibus
1666 893 1855 969 assignare,
1882 892 1927 954 ita

270 986 329 1050 aut
361 985 398 1046 in
426 985 573 1047 futurum
596 985 696 1062 Justis
725 985 852 1056 modis,
890 985 1070 1062 praestante
1125 988 1161 1048 ut
1175 1002 1234 1066 per
1254 989 1367 1050 omnia
1386 989 1493 1066 ipsius
1516 990 1668 1053 ecclesiae
1689 993 1829 1053 seccov.
1850 993 1929 1068 jure

269 1083 421 1156 Domino,
438 1083 559 1160 poterit
573 1083 724 1160 adipisci,
742 1083 802 1144 sub
817 1081 906 1144 beati
921 1082 1011 1146 Petri
1038 1083 1071 1144 et
1125 1086 1229 1158 salve,
1246 1087 1331 1148 nihil
1354 1087 1395 1148 de
1413 1088 1510 1150 bonis
1524 1089 1631 1167 ipsius
1644 1088 1686 1150 ad
1701 1089 1927 1166 episcopalem

269 1183 382 1242 nostra
395 1181 602 1258 protectione
616 1180 830 1256 suscipimus,
847 1181 881 1244 et
894 1178 1071 1257 presentis
1125 1183 1318 1245 cathedram
1332 1185 1567 1258 transferatur,
1596 1203 1657 1248 111
1678 1187 1783 1248 ullum
1804 1186 1929 1247 exinde

270 1279 837 1357 scriptipatrociniocommunimus.
847 1277 940 1339 Nulli
950 1291 1069 1353 ergo...
1126 1277 1420 1356 indignitatibus,
1451 1279 1677 1355 libertatibus,
1707 1281 1928 1343 consuetudi-

269 1379 392 1440 nostrae
408 1377 623 1455 protectionis
637 1376 831 1454 infringere.
850 1376 886 1438 Si
903 1376 978 1456 quis
1004 1390 1069 1436 au·
1126 1377 1235 1451 nibus,
1260 1381 1294 1441 et
1316 1379 1503 1442 rationibus
1527 1379 1612 1442 8111.
1633 1379 1781 1457 capitulo
1803 1383 1927 1457 praeju-

269 1478 348 1548 tem,
365 1477 427 1538 etc.
441 1476 560 1541 Datum
576 1478 689 1538 Romae
708 1474 795 1552 apud
823 1476 980 1538 sanctum
1001 1476 1070 1535 Pe·
1126 1475 1248 1538 dicium
1276 1478 1465 1554 generetur.
1503 1478 1598 1540 Unde
1631 1478 1710 1540 licet
1739 1477 1858 1538 forsan
1890 1493 1929 1538 eo

270 1577 370 1646 trum,
393 1575 423 1638 11
446 1573 606 1641 kalendas
617 1573 705 1651 julii,
729 1573 943 1651 pontificatus
966 1571 1071 1634 nostri
1125 1575 1292 1638 minusad
1314 1576 1377 1638 hoc
1403 1576 1608 1638 insufficiens
1626 1577 1748 1638 debeas
1763 1577 1926 1653 reputari,

272 1687 360 1734 anno
377 1670 535 1734 secundo.
1126 1689 1191 1751 quo
1207 1674 1477 1737 insufficientiam
1499 1676 1627 1752 allegas
1646 1674 1841 1743 instantius,
1869 1690 1929 1734 nos

699 1781 702 1788 ⁴
1125 1771 1236 1834 tamen
1255 1775 1348 1834 tuum
1369 1775 1574 1851 propositum
1594 1773 1703 1850 dignis
1727 1773 1764 1833 in
1788 1772 1929 1833 Domino

612 1823 739 1911 GCGV
1127 1868 1280 1932 laudibus
1305 1871 1585 1944 commendantes,
1616 1873 1650 1933 et
1676 1869 1838 1948 precibus
1864 1870 1929 1930 tuis

358 1979 412 2038 Ad
428 1977 671 2038 Eberhardum
694 1977 989 2051 archiepiscopum
1043 2027 1050 2039 ,
1126 1983 1165 2028 11
1191 1967 1408 2031 favorabilius
1434 1969 1629 2042 annuentes,
1657 1985 1721 2047 quo
1746 1969 1863 2029 rarius
1882 1968 1929 2028 eis

521 2077 818 2151 salzburgensem.
1126 2066 1264 2140 similes,
1285 2067 1318 2128 11
1333 2067 1538 2145 frequentius
1553 2067 1648 2129 nobis
1664 2066 1861 2136 dissimiles,
1878 2065 1929 2126 vel

568 2205 676 2280 111-
695 2207 774 2264 ¹²¹⁸·
1126 2163 1845 2342 1111111111111111111111111
1862 2167 1930 2323 ic

444 2328 901 2397 [11111,1111.8111.,1.1,11111]
1126 2360 1240 2424 nerab.
1264 2361 1360 2424 fratri
1386 2363 1499 2426 nostro
1523 2362 1732 2438 Frisingensi
1756 2309 1927 2439 episcopo,

274 2448 441 2508 Ebefhtld⁰
457 2447 674 2521 1111161180010
689 2446 892 2521 5⁰¹2b¹¹fs⁶ss⁸²
907 2445 1071 2506 s⁰0⁰¹¹⁸¹0¹¹¹
1126 2460 1159 2522 11
1173 2459 1302 2522 dilectis
1318 2460 1408 2534 filiis,
1424 2461 1616 2524 Brixinensi
1631 2460 1748 2533 electo,
1767 2464 1802 2521 et
1817 2457 1928 2521 abbati

308 2537 425 2642 aaran
440 2553 546 2639 novun
561 2537 759 2612 apamenum
775 2537 803 2594 1¹¹
821 2536 1003 2596 5000⁰v10¹1³1
1020 2550 1070 2594 0⁰·
1126 2557 1358 2631 nomenensi,
1393 2559 1516 2621 nostris
1551 2559 1701 2621 acernus
1735 2557 1863 2620 litteris
1897 2556 1929 2616 1

308 2629 395 2687 019113
411 2625 553 2686 “mm“
1126 2655 1306 2729 mandatis,
1342 2657 1378 2719 ut
1404 2655 1594 2735 hujusmodi
1629 2655 1754 2734 negotii
1783 2656 1933 2716 circum-

313 2756 481 2817 Honorius
518 2754 710 2832 episcopus,
744 2771 860 2816 servus
899 2768 1071 2816 servorum
1126 2754 1268 2816 stantiae
1281 2754 1423 2817 sollicite
1438 2755 1657 2833 inquirentes,
1674 2756 1707 2816 et
1720 2754 1929 2831 specialiter,
2025 2751 2026 2754 ’

274 2854 346 2926 Dei,
371 2851 556 2916 venerabili
578 2853 673 2914 fratri
699 2851 890 2914 Eberhardo
915 2851 1072 2914 salzbur»
1126 2851 1154 2912 si
1170 2851 1233 2914 hoc
1248 2852 1399 2915 ecelesiae
1421 2854 1507 2914 sals.
1523 2853 1681 2931 expedire
1704 2852 1874 2924 viderent,
1897 2851 1929 2912 et
2025 2851 2026 2856 ’

273 2952 369 3029 gensi
395 2951 657 3029 archiepiscopo,
685 2950 825 3012 salutem
852 2951 886 3013 11
909 2949 1073 3028 apostoli·
1126 2950 1167 3012 ad
1186 2949 1219 3011 id
1236 2950 1375 3029 capituli
1395 2951 1543 3028 ejusdem
1563 2967 1723 3012 assensus
1739 2949 1927 3019 accederet,

273 3050 635 3113 cambenedictionem.
1126 3063 1278 3110 necnon
1311 3049 1340 3110 si
1367 3049 1596 3112 seccoviensis
1622 3048 1765 3110 ecclesia
1794 3063 1840 3108 ex
1867 3046 1929 3108 hoc
2025 3059 2026 3072 *

312 3149 404 3222 Quod
420 3165 487 3210 non
501 3150 571 3220 tua,
592 3148 649 3210 sed
671 3164 745 3224 quas
761 3147 882 3209 Christi
906 3147 993 3213 sunt,
1018 3145 1070 3206 vel
1126 3147 1705 3220 1111111111111111111,11111111
1724 3149 1816 3208 esset
1836 3145 1928 3209 suffi-
2025 3137 2026 3184 s

273 3248 469 3326 potiusquae
484 3245 607 3307 Christi
620 3246 653 3306 et
666 3247 724 3307 tua
736 3245 826 3317 sunt,
840 3243 956 3307 sedula
972 3243 1072 3304 medi·
1126 3245 1218 3306 ciens
1245 3247 1278 3308 et
1309 3245 1428 3308 idonea
1457 3245 1560 3307 futuri
1594 3235 1743 3322 episcopi
1779 3243 1925 3320 provisio

271 3345 398 3408 tatione
425 3345 594 3421 requiras,
635 3356 736 3420 opera
763 3345 819 3404 tua
847 3341 1070 3404 testimoninm
1127 3345 1322 3420 praetaxata,
1350 3343 1543 3420 diligentius
1566 3342 1777 3420 indagantes,
1804 3341 1928 3403 rescri-

272 3442 447 3522 perhibent
477 3441 659 3510 evidenter,
696 3440 772 3502 dum
803 3439 981 3502 commisso
1011 3438 1071 3500 tibi
1125 3440 1242 3503 berent
1265 3441 1360 3504 nobis
1392 3457 1494 3520 super
1520 3441 1574 3502 his
1602 3439 1755 3503 omnibus
1784 3439 1926 3500 fideliter

270 3541 365 3620 gregi
391 3541 547 3618 prodesse
579 3539 792 3608 desiderans,
825 3538 937 3616 potius
972 3553 1071 3615 quam
1126 3539 1311 3613 veritatem,
1334 3556 1398 3617 qua
1418 3540 1553 3616 cognita
1567 3539 1607 3600 de
1621 3538 1764 3600 consilio
1786 3537 1925 3600 fratrum

271 3655 426 3718 praeesse,
444 3638 630 3700 animarum
646 3639 786 3710 lucrum,
803 3637 889 3698 sicut
902 3638 997 3698 decet
1011 3639 1072 3698 Do-
1125 3641 1314 3700 nostrorum
1336 3637 1589 3716 procederemus
1620 3638 1759 3699 auctore
1786 3637 1926 3700 Domino

271 3738 355 3798 mini
375 3737 592 3808 sacerdotem,
620 3735 758 3813 praefers
779 3733 922 3812 quaestui
942 3735 1072 3812 tempo-
1125 3736 1301 3802 inoffense.
1335 3736 1516 3814 Episcopus
1544 3750 1623 3798 vero
1651 3736 1684 3796 et
1711 3733 1819 3795 abhas·
1841 3750 1925 3810 prae-

270 3837 347 3911 1111,
371 3835 451 3912 quin
471 3833 585 3906 etiam,
606 3849 648 3895 ne
671 3850 738 3894 non
759 3833 827 3894 tam
841 3849 899 3894 eas
920 3847 1068 3909 pascere,
1125 3835 1216 3907 dicti,
1242 3835 1328 3896 sicut
1349 3835 1419 3895 suis
1448 3833 1547 3896 nobis
1570 3833 1691 3896 litteris
1715 3832 1924 3900 intimarunt,

271 3950 369 4014 quam
397 3934 586 4010 depascere,
613 3932 770 4004 videaris,
805 3931 966 4002 carnalia,
997 3947 1070 4008 quae
1125 3933 1203 4011 quia
1234 3933 1411 4012 praedictus
1446 3934 1572 3995 electus
1608 3930 1862 4008 crucesignatus
1891 3929 1923 3990 in

271 4049 386 4112 posses
402 4033 525 4093 metere
541 4031 575 4092 in
591 4031 727 4098 eisdem,
746 4029 957 4092 voluntarius
969 4029 1070 4091 offers
1125 4031 1297 4108 procinctu
1333 4030 1429 4108 quasi
1465 4029 1745 4107 peregrinationis
1778 4028 1921 4106 positus,

272 4130 459 4207 spiritualia
478 4127 667 4201 seminanti,
689 4127 804 4204 sicque
825 4127 879 4196 sit,
896 4126 932 4189 ut
953 4127 1071 4188 minis·
1125 4129 1203 4190 huic
1218 4129 1351 4205 negotio
1365 4128 1527 4190 interesse
1539 4143 1606 4190 non
1621 4128 1761 4204 poterat,
1779 4127 1822 4188 ad
1840 4127 1924 4188 salz·

271 4230 359 4290 trum
388 4217 521 4296 Christi,
549 4226 582 4287 et
607 4224 869 4301 dispensatorem
894 4225 1071 4302 mysterio-
1124 4226 1323 4304 burgensem
1353 4226 1528 4288 ecclesiam
1564 4225 1788 4302 personaliter
1828 4241 1924 4286 acce-

271 4344 345 4390 rum
359 4325 417 4388 Del
432 4328 465 4388 te
479 4323 607 4386 faciens
620 4323 792 4395 estimari,
817 4324 911 4385 tuum
927 4323 1072 4386 bonores
1124 4325 1253 4398 dentes,
1278 4341 1477 4387 consensum
1502 4323 1642 4401 capituli
1665 4322 1707 4384 ad
1735 4322 1800 4385 hoc
1831 4323 1925 4384 inve-

271 4426 306 4488 in
319 4421 706 4494 Dominoministerium,
719 4421 818 4500 teque
830 4420 952 4483 reddas
967 4422 1072 4482 omni·
1124 4439 1206 4486 nere
1232 4425 1472 4501 preparatum,
1503 4423 1536 4484 et
1569 4421 1728 4500 quantum
1754 4423 1824 4483 tam
1863 4421 1923 4490 ibi,

270 4524 331 4586 bus
358 4521 600 4594 honorandum,
625 4521 659 4582 et
679 4519 827 4582 favorem
854 4521 1003 4581 nostrum
1026 4535 1070 4581 ex
1124 4536 1223 4598 quam
1252 4519 1332 4580 alibi
1365 4533 1465 4596 super
1497 4517 1560 4580 hoc
1589 4516 1744 4594 poterant
1779 4517 1923 4588 edoceri,

271 4624 323 4684 his
343 4639 382 4684 eo
402 4621 580 4699 specialius
598 4619 658 4682 tibi
677 4619 838 4687 vindices,
864 4635 929 4696 quo
946 4619 1069 4680 nostris
1124 4617 1311 4678 didicerunt
1331 4616 1401 4678 haec
1418 4615 1503 4677 salz.
1518 4615 1669 4689 ecclesiae
1683 4613 1810 4691 absque
1825 4613 1924 4676 dubio

269 4720 486 4799 beneplacitis
501 4718 694 4796 expressius
705 4718 740 4779 11
754 4717 900 4794 coaptas
918 4716 1070 4778 Pruden-
1124 4715 1292 4793 expedire.
1307 4713 1528 4791 Praepositum
1543 4729 1674 4790 quoque
1688 4713 1722 4774 11
1742 4713 1924 4789 capitulum

268 4820 435 4882 11111111
463 4817 651 4894 recogitans
680 4815 766 4894 quod
794 4815 880 4877 salz.
915 4814 1069 4876 dioecesis
1116 4814 1342 4898 'seccoviense
1366 4811 1587 4890 personaliter
1609 4810 1759 4882 allocuti,
1785 4827 1925 4887 accepe-

270 4935 375 4996 usque
391 4917 473 4979 adeo
489 4917 539 4978 est
560 4915 692 4986 diflusa,
720 4913 807 4992 quod
831 4929 898 4974 non
922 4911 1069 4974 sufficias
1123 4913 1202 4974 runt
1221 4927 1427 4988 responsum,
1454 4908 1541 4988 quod
1564 4911 1598 4971 et
1620 4911 1755 4972 seccov.
1780 4908 1922 4970 ecclesia

269 5015 435 5078 universis
457 5012 683 5075 babitantibus
712 5011 745 5072 in
768 5010 884 5074 eadem
909 5011 1067 5088 pastorali
1122 5010 1228 5072 illaesa
1254 5009 1444 5070 remaneret
1464 5007 1607 5084 penitus,
1632 5008 1665 5069 11
1688 5006 1869 5080 indemnis,
1893 5009 1924 5066 et

270 5113 494 5178 sollicitudine
513 5112 697 5183 imminere,
719 5111 840 5172 timens
862 5125 1003 5187 quoque.
1026 5125 1068 5170 ne
1123 5111 1160 5171 ut
1186 5124 1300 5170 eorum
1325 5106 1435 5168 verbis
1464 5106 1606 5176 utamur,
1641 5104 1802 5166 terminos
1830 5120 1922 5165 novae

269 5232 335 5277 non
349 5215 403 5286 sit,
417 5213 473 5290 qui
496 5209 644 5289 parvulis
659 5209 711 5270 lac
726 5209 896 5278 doctrinae,
922 5207 975 5269 vel
991 5223 1070 5284 pro·
1123 5207 1218 5268 dioec.
1245 5203 1379 5270 11111111
1405 5219 1511 5280 usque
1533 5202 1574 5264 ad
1604 5201 1736 5264 diaetam
1761 5205 1795 5264 et
1821 5202 1921 5262 dimi-

269 5313 373 5375 vectis
389 5312 497 5374 cibum
514 5309 656 5372 solidum
671 5307 891 5378 administret,
910 5308 968 5367 aut
982 5306 1067 5382 quod
1123 5305 1210 5366 diam
1229 5303 1441 5376 invenerunt3
1458 5301 1650 5378 parochiam
1669 5299 1828 5362 videlicet
1847 5299 1922 5360 cni-

271 5411 438 5472 infirmum
460 5414 511 5470 est
531 5409 634 5470 ineis
658 5404 853 5476 consolidet,
878 5405 936 5466 aut
954 5403 1069 5480 alliget
1122 5403 1271 5473 nibenze,
1289 5418 1363 5462 cum
1379 5399 1531 5462 omnibus
1553 5399 1622 5460 suis
1638 5397 1861 5476 pertinentiis,
1888 5397 1920 5457 in

270 5505 356 5585 quod
374 5506 590 5578 confractum,
611 5506 691 5568 olim
711 5520 770 5582 per
791 5501 947 5564 dilectum
962 5501 1067 5562 filium
1123 5517 1187 5579 qua
1203 5501 1266 5562 sita
1281 5499 1332 5561 est
1346 5497 1488 5560 ecclesia
1502 5495 1741 5568 seccoviensis,
1759 5493 1919 5572 usquead
2025 5501 2026 5518 *

271 5605 425 5670 carolum
436 5599 1070 5684 Frisacensempraepositum,perlitle·
1123 5600 1221 5663 finem
1239 5596 1407 5678 parochie
1431 5595 1543 5662 811111
1567 5593 1737 5657 Laurentii
1759 5593 1795 5654 in
1810 5592 1916 5667 longe.
2025 5603 2026 5612 ¹
