3960 6304
686 381 914 447 EPISTOLAE.
938 387 1016 449 Lis.
1040 389 1064 449 Ι.
1247 423 1250 428 ·
1658 403 1698 466 90

394 547 517 636 LXIV

107 753 157 812 Ad
168 753 323 813 abbatem
340 753 373 814 ct
387 753 520 828 matres
538 757 793 829 Aeacictneusas.

351 865 382 924 tl
404 881 469 924 nov.
488 867 566 926 lale.

182 989 389 1056 [etnalectojuris
399 992 514 1043 canonici
524 991 556 1042 ad
570 1008 630 1043 aun.
642 993 723 1058 latai.

64 1124 154 1180 ditare
164 1122 201 1182 de
213 1125 326 1182 Oisiaoo
337 1125 413 1198 quod
423 1134 466 1184 est
483 1127 562 1200 juxta
577 1129 773 1197 Camaracum,
785 1143 850 1186 cum

93 1213 226 1271 omnibus
245 1215 421 1287 appendiciis
447 1217 522 1286 suis,
548 1217 643 1274 abbati
668 1225 697 1276 et
720 1216 853 1276 trabibus

94 1303 264 1374 Aquicioeu.
278 1305 438 1362 confirmat.

98 1429 278 1502 Honorius,
295 1431 371 1504 etc,
383 1429 512 1494 dilectis
524 1431 602 1493 filiis
615 1432 727 1495 abbati
737 1433 769 1495 et
779 1433 852 1495 lra-

64 1526 166 1588 tribus
181 1528 377 1604 Aquicinen.

99 1629 134 1687 ln
166 1641 208 1687 eo
236 1643 349 1688 sumus
380 1624 458 1690 licet
479 1627 636 1690 immeriti
659 1627 699 1690 ad
726 1629 853 1706 apicem

64 1725 189 1786 Summi
222 1721 440 1787 Pontificatus
470 1727 607 1804 superni
646 1727 854 1804 providentia

63 1823 248 1884 conditoris
259 1823 430 1900 assumpti,
440 1823 475 1886 ut
486 1825 743 1888 eeclesiarumet
755 1826 856 1887 cleri-

64 1937 174 1981 corum
186 1923 265 1999 jura
277 1921 453 1983 defendere
464 1921 651 1996 debeamus,
668 1924 702 1986 et
713 1923 856 2000 Aposto-

63 2020 122 2082 lico
154 2019 342 2096 patrocinio
374 2022 590 2082 communire.
625 2023 671 2084 Ea
699 2023 853 2099 propter,

64 2117 173 2179 dilecti
182 2117 218 2178 in
233 2116 451 2190 Dominolllii,
460 2120 581 2181 vestris
592 2119 744 2196 precibus
752 2119 854 2180 incli-

65 2217 129 2276 nati
153 2217 187 2277 et
207 2215 308 2276 officii
321 2215 426 2278 nostri
442 2215 551 2278 debito
565 2217 781 2279 nihilominus
796 2217 855 2278 in-

64 2313 162 2386 ducti,
172 2312 215 2374 ad
228 2314 400 2390 exemplar
410 2311 518 2375 lelicis
528 2316 769 2378 recordationis
779 2315 858 2377 Ale-

63 2412 180 2472 xandri
192 2425 286 2490 papae
297 2412 558 2490 praedecessoris
569 2415 686 2486 nostri,
700 2414 806 2475 altare
817 2414 857 2475 de

66 2510 194 2571 Oisiaco
209 2508 294 2587 quod
310 2509 360 2572 est
370 2513 467 2588 Juxta
482 2513 696 2573 cameracum
709 2527 783 2573 cum
792 2527 858 2572 om-

68 2608 160 2668 uibus
175 2607 384 2686 appendiciis
400 2609 480 2682 suis,
501 2609 588 2671 sicut
603 2609 689 2670 idem
705 2609 810 2671 altare
826 2609 859 2671 et

67 2706 262 2783 appendicia
288 2707 448 2768 canonice
477 2707 673 2786 possidetis,
703 2707 797 2769 vobis
827 2709 860 2769 ct

67 2805 216 2866 ecclesiae
227 2805 347 2866 vestrae
360 2806 558 2867 auctoritate
572 2805 761 2883 Apostolica
774 2821 859 2867 con-

68 2901 252 2972 firmamus,
279 2901 311 2964 et
331 2904 505 2979 praesentis
532 2905 647 2981 scripti
675 2903 859 2982 patrocinio

68 3000 319 3074 communimus,
343 3002 524 3064 statuentes
544 3004 580 3063 ut
607 3003 691 3063 nulli
726 3002 860 3064 omnino

69 3097 237 3160 hominum
253 3098 353 3160 liceat
367 3099 454 3161 banc
466 3099 622 3177 paginam
638 3101 761 3162 nostres
776 3115 860 3161 con-

70 3195 265 3258 firmationis
279 3196 473 3274 intringere,
489 3199 542 3260 vel
563 3198 595 3258 ei
616 3213 700 3260 ausu
712 3199 861 3260 temera-

69 3294 116 3355 rio
137 3295 317 3356 contraire.
340 3295 462 3372 Siquis
486 3293 597 3380 autem·
616 3295 679 3357 hoo
700 3296 863 3358 attentare

69 3392 329 3471 praesumpserit,
345 3393 608 3470 indignationem
628 3394 863 3472 omnipotentis

69 3491 126 3550 Dei
140 3490 175 3552 et
187 3490 359 3552 beatorum
377 3492 467 3553 Petri
480 3492 512 3554 et
529 3493 626 3554 Pauli
639 3493 863 3570 apostolorum

69 3591 139 3665 ejus
158 3589 339 3652 sanaverit
357 3589 581 3651 incursurum.
598 3591 717 3652 Datum
737 3593 862 3664 Romae,

68 3686 157 3762 apud
171 3689 326 3748 Sanctum
342 3687 488 3759 Petrum,
501 3691 547 3749 xl
563 3687 723 3750 kalendas
739 3689 865 3750 decern·

69 3783 719 3864 bris,pontillcatusnostriannoprimo.

415 3988 518 4078 LXV

123 4179 177 4238 Ad
193 4180 367 4240 Valentem
386 4180 583 4254 episcopum
600 4181 818 4253 Upsolenscm

279 4275 314 4337 ct
327 4277 568 4352 maffrepcacos
580 4279 665 4349 ejece.

358 4387 390 4445 tl
416 4401 482 4446 nov.
506 4387 584 4445 lala.

221 4509 376 4572 [testanda.
389 4509 456 4564 vitis
465 4509 606 4576 aquilonia,
617 4527 642 4577 p.
656 4509 721 4576 let]

77 4644 193 4702 llonoril
215 4647 256 4703 lll
278 4645 333 4704 PP.
349 4644 436 4702 breve
456 4643 492 4704 de
508 4644 713 4704 contribuendo
734 4645 871 4704 vicesima

255 4749 307 4807 pro
322 4731 449 4792 subsidio
461 4735 556 4792 'l'errae
572 4735 694 4793 saumae.

118 4859 285 4920 Honorius
299 4859 487 4937 episcopus,
502 4875 618 4922 servus
630 4875 802 4921 servorum
812 4861 873 4923 Dei

79 4955 213 5018 Valerio
223 4957 475 5035 archiepiscopo
487 4957 663 5035 Upsalensi
673 4959 705 5019 et
717 4961 789 5035 ejus
803 4958 875 5018 sul·

79 5051 258 5128 fragaueis,
281 5055 422 5118 salutem
437 5057 471 5117 et
482 5055 699 5133 apostolicam
717 5054 875 5117 benedic-

80 5149 215 5213 tionem.

123 5249 211 5311 Inter
229 5251 361 5323 caetera,
380 5267 454 5328 quae
480 5251 521 5313 ad
537 5265 732 5312 succursum
755 5251 877 5312 Hiero-

80 5344 288 5421 solymitanae
312 5348 493 5427 provinciae
528 5349 651 5410 statuta
679 5348 814 5410 luerunt
841 5348 876 5408 in

904 547 1206 612 ecclesiasticorum
1248 553 1466 630 proventuum
1507 575 1610 636 usque
1653 559 1694 622 ad

904 647 1083 710 triennium
1107 647 1235 726 integre
1264 651 1435 717 conferant
1455 655 1490 717 in
1513 657 1696 721 subsidium

904 745 1015 806 Terrae
1030 747 1170 820 Sanctae,
1181 764 1241 824 per
1251 765 1368 812 manus
1384 756 1563 832 eorumqui
1578 756 1618 817 ad
1633 756 1697 820 boc

905 843 1086 918 apostolica
1126 843 1333 921 providentia
1370 848 1494 913 luerint
1527 853 1696 925 ordinati,

906 939 1101 1016 quibusdam
1123 941 1284 1006 duntaxat
1301 945 1467 1022 religiosis
1488 951 1634 1027 exceptis
1656 951 1698 1014 ab

906 1035 969 1098 hac
983 1039 1195 1114 praestatione
1211 1042 1329 1104 merito
1349 1045 1544 1120 eximendis,
1565 1049 1699 1128 illisque

907 1135 1061 1197 similiter
1071 1137 1127 1214 qui
1138 1141 1305 1218 assumpto
1317 1142 1368 1202 vel
1379 1146 1577 1207 assumendo
1591 1149 1699 1209 crucis

907 1233 1078 1309 signaculo
1100 1237 1176 1298 sunt
1199 1240 1419 1315 personaliter
1441 1241 1638 1320 prosecturi;
1657 1246 1699 1307 ad

907 1332 993 1408 quod
1016 1348 1130 1394 omnes
1151 1335 1293 1397 fideliter
1310 1337 1552 1401 observandum
1565 1358 1625 1420 par
1639 1360 1701 1405 ex-

908 1431 1215 1494 communicationis
1240 1437 1437 1498 sententiam
1462 1437 1628 1501 decretum
1651 1442 1702 1502 est

908 1543 982 1589 esse
1006 1528 1142 1604 ligatos,
1170 1530 1216 1592 ita
1243 1533 1329 1610 quod
1354 1533 1403 1595 illi
1432 1537 1499 1620 qui⁸
1516 1553 1616 1614 super
1638 1538 1701 1600 hoc

908 1623 1057 1686 fraudem
1080 1627 1224 1689 scienter
1242 1630 1478 1706 commiserint,
1500 1633 1700 1696 sententiam

908 1725 1261 1788 excommunicationis
1273 1727 1456 1792 incurrant.
1474 1727 1708 1808 Utigiturhoc*

909 1821 1056 1883 salutare
1077 1823 1235 1886 statutum
1255 1824 1400 1888 debitum
1416 1819 1638 1907 'consequatur
1652 1829 1704 1892 ef-

910 1919 1041 1992 lectum,
1068 1920 1197 1984 dilectis
1223 1921 1302 1984 liliis
1332 1925 1501 2001 magistris
1530 1928 1702 1991 domorum

909 2016 1037 2079 Militiae
1062 2019 1189 2097 Templi
1209 2021 1241 2082 et
1267 2023 1448 2100 Hospitalis
1463 2025 1705 2105 Hierosolymi-

909 2115 980 2176 tani
1008 2116 1043 2176 in
1065 2117 1221 2195 Upsalen.
1245 2121 1417 2197 provincia
1446 2123 1645 2198 constitutis,
1671 2125 1704 2189 et

910 2211 1035 2275 decano
1051 2213 1083 2276 et
1093 2215 1329 2280 archidiacono
1342 2221 1454 2298 Upsal.
1473 2221 1560 2284 hanc
1573 2223 1703 2285 sollici-

910 2311 1059 2373 tudinem
1070 2313 1224 2376 duximus
1236 2319 1513 2392 committendam,
1528 2320 1644 2383 dantes
1656 2323 1705 2383 eis

911 2409 1095 2488 plenariam
1116 2415 1313 2489 potestatem
1329 2416 1471 2492 eligendi
1483 2417 1515 2480 et
1528 2417 1705 2480 ordinandi

912 2507 994 2569 duos
1009 2507 1145 2571 idoneos
1160 2511 1300 2573 clericos
1316 2512 1386 2574 siva
1402 2513 1527 2592 plures,
1546 2529 1585 2576 ac
1606 2513 1706 2594 etiarn

913 2606 995 2667 duos
1009 2606 1140 2680 iratres,
1153 2624 1254 2670 unum
1270 2610 1397 2687 Templi
1416 2611 1449 2672 et
1463 2611 1564 2672 alium
1579 2611 1708 2690 Hospi-

912 2703 1001 2776 talis,
1027 2721 1110 2782 quos
1133 2707 1331 2770 auctoritate
1351 2710 1465 2772 nostra
1484 2725 1544 2787 per
1566 2709 1707 2788 provin-

914 2803 999 2864 ciam
1026 2803 1170 2890 vestram
1199 2806 1442 2880 transmittant,
1473 2823 1547 2869 curn
1572 2823 1707 2869 suarum

913 2901 1103 2964 testimonio
1120 2901 1306 2964 litterarum
1326 2905 1366 2966 ad
1386 2905 1493 2981 ipsam
1515 2906 1708 2969 vicesimam

915 2999 1146 3075 colligendam.
1164 3001 1347 3073 Quodcirca
1365 3001 1567 3066 fraternitati
1589 3005 1709 3067 vestrae

916 3113 975 3175 per
988 3097 1178 3175 apostolica
1191 3099 1314 3176 scripta
1329 3101 1553 3178 praecipiendo
1568 3102 1710 3164 manda·

917 3211 1002 3264 mus,
1026 3197 1189 3274 quatenus
1209 3197 1331 3259 vestris
1351 3198 1604 3261 atsubditorum
1630 3215 1710 3261 ves-

916 3295 1043 3356 trorum
1077 3293 1262 3357 redditibus
1289 3311 1308 3358 a
1333 3297 1481 3374 tempore
1508 3297 1543 3358 in
1569 3297 1712 3359 concilio

917 3391 1082 3470 praelinito
1099 3391 1291 3470 diligentius
1304 3395 1500 3472 computatis
1516 3395 1622 3473 parati
1638 3395 1712 3458 sitis

918 3505 1022 3567 usque
1037 3489 1076 3552 ad
1092 3489 1212 3553 testum
1224 3492 1370 3553 omnium
1380 3491 1624 3555 Sanctorumde
1636 3507 1713 3555 ves-

918 3589 979 3650 tris
994 3589 1094 3650 certis
1110 3589 1292 3651 redditibus
1307 3592 1430 3652 certam
1447 3607 1608 3652 summam
1619 3591 1715 3652 vice-

920 3686 1012 3747 simae
1028 3687 1158 3747 nunciis
1175 3685 1408 3762 praedictorum
1422 3687 1541 3764 quihus
1552 3689 1715 3750 haecom-

920 3784 1070 3845 misimus
1094 3784 1275 3856 declarare,
1302 3800 1341 3846 ac
1359 3785 1444 3860 ipsis
1464 3785 1625 3862 usquead
1647 3786 1714 3847 ka-

920 3881 1036 3943 lendas
1060 3881 1141 3944 Maii
1167 3883 1407 3960 consequentes
1432 3881 1504 3944 sine
1521 3881 1716 3944 difficultate

922 3993 960 4040 ae
976 3978 1290 4057 dilationequalibet
1304 3979 1372 4040 tam
1383 3979 1423 4041 de
1433 3980 1515 4057 ipsis
1525 3981 1625 4042 certis
1637 3995 1717 4058 pro-

921 4076 1085 4149 ventibus,
1100 4077 1306 4155 quametiam
1322 4075 1362 4139 de
1374 4076 1511 4140 incertis
1524 4078 1717 4140 vicesimam

922 4175 1131 4251 integraliter
1143 4173 1313 4247 exhibere,
1330 4177 1503 4238 monentes
1524 4175 1718 4253 diligentius

923 4273 1120 4335 auctoritate
1138 4273 1253 4335 nostra
1275 4274 1308 4335 et
1331 4273 1494 4336 efficatius
1525 4273 1718 4336 inducentes

923 4371 1059 4434 abbates
1082 4371 1116 4432 et
1134 4371 1278 4448 capitula
1299 4372 1332 4435 et
1354 4369 1508 4445 decanos,
1532 4388 1661 4434 necnon
1682 4372 1719 4432 in

925 4469 1067 4544 siugulis
1090 4468 1209 4530 vestris
1223 4469 1358 4546 synodis
1373 4469 1563 4530 sacerdotes
1583 4469 1616 4530 et
1635 4469 1721 4531 alios

926 4565 1065 4628 clericos
1099 4566 1274 4628 universos
1308 4564 1344 4626 in
1376 4567 1495 4628 vestris
1522 4565 1722 4628 dioecasibus

927 4663 1132 4737 const'tutos,
1154 4663 1190 4724 ut
1212 4663 1248 4724 in
1271 4661 1387 4730 dicbus
1410 4679 1510 4739 super
1534 4663 1597 4724 hoc
1626 4661 1721 4725 ordi-

927 4761 1047 4823 nandis
1068 4777 1087 4823 a
1107 4761 1202 4823 vobis
1226 4760 1261 4821 in
1286 4760 1429 4836 singulis
1446 4759 1635 4822 civitatibus
1655 4760 1723 4823 sint

928 4860 1035 4936 parati
1060 4857 1252 4935 praedictam
1283 4873 1445 4918 summam
1470 4857 1638 4920 vicesimae
1663 4874 1724 4936 per

928 4955 1725 5033 trienniumnunciispraedictisplenariesolvere

930 5053 1109 5116 secundum
1130 5053 1291 5115 terminos
1313 5053 1519 5116 constitutos.
1548 5053 1602 5116 Sic
1615 5053 1725 5116 autem

929 5153 964 5214 in
980 5152 1043 5214 hoc
1053 5151 1185 5228 negotio
1200 5167 1259 5212 vos
1271 5151 1451 5229 prudenter
1462 5151 1495 5213 et
1507 5149 1727 5232 fideliterha7

930 5249 1049 5322 beatis,
1066 5247 1152 5327 quod
1167 5249 1288 5310 exinde
1304 5265 1371 5311 non
1385 5249 1520 5326 possitis
1536 5249 1654 5311 merito
1669 5265 1728 5310 ra-

932 5347 1104 5426 prebendi,
1131 5345 1188 5408 sed
1208 5347 1317 5424 potius
1340 5347 1481 5409 valeatis
1505 5363 1524 5408 a
1548 5348 1616 5409 Deo
1641 5362 1730 5425 prae-

81 5445 229 5506 Concilio
241 5446 402 5522 generali,
423 5447 487 5508 hoe
501 5447 541 5507 de
554 5447 721 5508 communi
738 5461 877 5508 assensu
932 5447 1034 5507 mium
1050 5449 1212 5508 aeternum
1228 5445 1263 5506 iu
1279 5445 1383 5517 coelis,
1403 5445 1435 5506 et
1454 5444 1617 5506 laudema
1633 5444 1729 5507 nobis

83 5541 229 5603 omnium
259 5545 472 5621 praelatorum
509 5545 632 5606 ibidem
664 5544 878 5623 praesentium
933 5545 965 5606 et
979 5545 1254 5621 aliisexpectare,
1269 5542 1730 5620 caeteriquevestroexemplo

84 5637 153 5698 luit
165 5641 338 5705 salubriter
349 5643 549 5716 ordinatum,
564 5644 601 5705 ut
612 5659 727 5705 omnes
743 5641 878 5704 omnino
934 5643 975 5705 ad
999 5641 1158 5720 praedicta
1182 5641 1267 5702 bona
1285 5639 1347 5702 lide
1373 5638 1615 5702 inviolabiliter
1631 5655 1731 5700 exse-

84 5735 201 5798 clerici
215 5739 282 5802 tam
297 5739 421 5802 subditi
431 5755 529 5818 quam
545 5733 675 5818 praelati
685 5740 879 5802 vicesimam
935 5741 1063 5818 quanda
1086 5739 1204 5801 lortius
1228 5739 1429 5800 animentur.
1456 5737 1599 5799 Abbates
1620 5739 1729 5798 autem
