3960 6304
287 407 328 466 us
906 395 1080 460 uosoau
1101 393 1148 457 ιιι
1168 395 1316 458 orum.
1846 391 1873 456 u
1949 479 1955 500 χ

285 565 501 646 praesentibus
517 579 615 642 quam
636 561 756 624 futuris
778 557 965 638 regularem
976 558 1077 622 rilem
1131 553 1277 616 decimas
1292 553 1429 629 exigere
1447 549 1500 613 rel
1521 551 1712 629 extorquere
1730 555 1875 628 praesumt
1949 544 1954 595 3

285 665 453 742 professis,
488 663 523 722 in
555 661 766 740 perpetuum.
1132 663 1245 724 Liceat
1273 674 1404 738 quoque
1430 657 1675 720 vohiselericos
1694 655 1742 717 vel
1761 657 1879 718 laicosli·
1949 656 1954 710 i

325 759 636 836 Religiosamvitam
655 753 1089 834 eligentibusapostolicum.
1132 759 1230 820 beros
1258 759 1291 818 et
1318 756 1528 818 absolutose
1560 755 1669 816 seculo
1691 753 1829 829 fugientes
1851 755 1879 814 ai

285 859 440 920 conuenit
461 858 579 918 adesse
597 855 800 934 praesidium,
817 851 953 914 neforto
966 854 1080 928 cujus·
1134 855 1388 918 conversionem
1407 854 1568 930 recipere,
1585 853 1618 914 et
1638 867 1692 912 eos
1708 851 1813 928 absque
1825 869 1881 912 eon·
1949 910 1952 937 Ι

284 955 365 1018 libet
375 955 572 1017 temeritatis
590 954 745 1014 incursus
763 951 821 1013 aut
842 965 899 1012 eos
917 965 937 1010 a
955 963 1079 1026 propo·
1132 953 1330 1016 tradictioue
1369 952 1482 1029 aliqua
1524 951 1677 1012 refluere.
1708 948 1881 1010 prohibemus
1948 940 1952 1025 t

288 1053 352 1116 sito
366 1053 500 1114 revocet
513 1052 571 1113 aut
582 1051 694 1122 r0b111‘2
702 1049 787 1127 quod
802 1047 899 1119 absit,
907 1061 1011 1108 sacrae
1025 1059 1080 1108 re-
1113 1041 1284 1126 'insuper,
1311 1049 1347 1112 ut
1368 1049 1452 1110 nulli
1481 1049 1621 1110 fratrum
1646 1047 1813 1108 uestrorum
1831 1047 1883 1122 post

287 1151 422 1226 ligiouis
459 1149 629 1224 infringat.
666 1147 864 1224 eapropter,
898 1144 1010 1205 dilecti
1044 1143 1079 1202 in
1134 1149 1254 1212 factam
1272 1149 1308 1209 in
1327 1145 1528 1208 monasterio
1554 1145 1664 1207 vestro
1690 1142 1884 1220 professionem

289 1247 430 1310 Domino
449 1247 522 1315 filii,
542 1246 663 1307 vestris
679 1245 780 1322 justis
804 1239 1080 1320 postulationibus
1134 1248 1185 1309 ras
1212 1246 1341 1308 Siluine
1364 1244 1492 1306 abbatis
1519 1244 1571 1304 sui
1595 1242 1726 1304 licentia
1745 1239 1781 1300 de
1800 1239 1885 1300 eodem

288 1344 468 1407 elementer
484 1343 672 1414 annuimus,
689 1343 723 1404 θῑ
743 1339 916 1418 Ριῑθῖἃῖῑῑῐΰ
942 1353 1080 1400 monas·
1134 1345 1207 1407 loco
1236 1343 1417 1406 discedere.
1444 1340 1670 1403 Discedentem
1695 1353 1768 1402 uero
1793 1337 1886 1414 absque

285 1443 407 1505 terium
435 1441 564 1502 Sanctae
590 1441 650 1501 Dei
671 1438 846 1501 Genitricis
872 1439 906 1499 et
931 1436 1081 1510 Virginis
1135 1441 1359 1505 communium
1373 1440 1559 1502 litterarum
1573 1438 1753 1499 vestrarum
1766 1435 1886 1496 cautione

288 1539 404 1600 Morio
417 1538 560 1610 deliba,
570 1538 678 1614 inmo
691 1536 803 1598 divino
814 1533 1081 1610 mancipasses
1136 1539 1247 1600 nuilus
1261 1538 1382 1600 auset
1406 1537 1561 1599 resuere.
1587 1534 1679 1607 ouon
1700 1533 1728 1594 si
1747 1532 1811 1610 qus
1828 1531 1888 1592 rous

287 1634 534 1712 obsequiosus
553 1634 642 1695 boati
661 1633 798 1695 Potrioi
818 1632 931 1692 nostra
947 1630 1081 1706 protoc-
1135 1638 1282 1699 retinere
1306 1634 1568 1714 presumpserit,
1598 1633 1724 1693 riclam
1747 1628 1827 1692 vous
1847 1629 1888 1696 su,

287 1734 379 1795 tione
406 1733 605 1808 suscipimus
631 1731 664 1792 et
687 1729 861 1807 praesentis
881 1728 997 1805 scripti
1012 1726 1083 1803 pri-
1120 1737 1171 1801 ,in
1186 1736 1276 1812 ipsos
1289 1733 1468 1794 monachos
1483 1731 1535 1792 vel
1550 1744 1726 1792 conversos
1739 1726 1889 1803 regularem

288 1829 412 1904 vilegio
441 1829 692 1890 commuuimus.
717 1827 884 1903 inprimis
919 1825 1082 1901 siquidem
1137 1832 1335 1894 sententiam
1370 1827 1591 1908 promulgare.
1628 1827 1711 1888 illud
1744 1823 1889 1885 districtius

289 1925 483 1996 statuentes,
501 1925 537 1985 ut
550 1923 630 1986 ordo
644 1924 856 1994 monasticus,
885 1921 942 1998 qui
964 1935 1084 1982 8601111·
1136 1929 1336 2000 inhibentes,
1353 1943 1395 1988 ue
1409 1927 1515 1988 terras
1530 1941 1590 1986 seu
1613 1921 1777 2001 quodlibet
1794 1919 1891 1982 benei-

289 2023 366 2083 dum
390 2025 493 2084 Deum
523 2022 556 2082 θῐ
577 2021 666 2082 bessii
686 2019 855 2080 Benedicti
875 2017 1025 2094 regulam
1051 2019 1084 2079 θῖ
1137 2027 1225 2089 cium
1239 2025 1389 2088 ecclesiae
1404 2025 1524 2086 vestrae
1539 2022 1695 2084 collatum
1709 2019 1801 2081 liceat
1816 2016 1891 2078 alicui

287 2120 529 2183 institutionem
544 2118 812 2180 cisterciensium
825 2117 964 2178 fratrum
980 2117 1085 2177 ineo-
1137 2124 1358 2202 personaliter
1379 2122 1463 2194 dari,
1482 2121 1553 2183 siue
1573 2119 1640 2181 alio
1662 2117 1756 2180 modo
1770 2113 1891 2182 alienari,

289 2218 363 2280 dem
378 2218 580 2278 monasterio
595 2216 765 2278 institutus
777 2230 851 2276 esse
865 2214 1082 2290 dignoscitur,
1136 2221 1261 2298 absque
1275 2235 1439 2282 consensu
1448 2219 1550 2280 totius
1567 2215 1704 2295 capituli
1720 2215 1771 2276 vel
1787 2211 1893 2289 majoris

288 2315 457 2393 perpetuis
476 2313 597 2376 ibidem
621 2311 824 2390 temporibus
846 2311 1084 2374 inuiolabiliter
1138 2321 1195 2382 aui
1216 2318 1360 2380 sanioris
1381 2316 1485 2395 partis
1500 2315 1615 2393 ipsius.
1633 2314 1670 2374 Si
1685 2328 1756 2390 quae
1769 2309 1893 2373 verodo-

289 2411 496 2476 observetur.
521 2411 688 2472 Praeterea
705 2426 929 2489 quascumque
945 2425 1082 2487 posses·
1137 2417 1289 2478 nationes
1304 2407 1895 2486 velalienatiouesaiiterquamdicun

290 2511 412 2582 ὃὶῡῐὶθδ,
423 2508 733 2587 quaecumquebona
743 2509 831 2570 idem
846 2507 1083 2569 ministerium
1137 2516 1188 2575 est
1201 2513 1297 2574 factas
1312 2511 1445 2583 fuerint,
1460 2526 1518 2571 eas
1531 2509 1642 2570 irritas
1655 2522 1730 2568 esse
1744 2517 1895 2568 censemus.

289 2607 326 2670 iu
340 2607 590 2683 praesentiarum
603 2607 693 2683 juste
707 2607 740 2668 et
753 2606 912 2667 canonice
927 2605 1081 2682 possidet,
1137 2611 1186 2673 Ad
1202 2611 1273 2672 baec
1293 2610 1393 2670 etiam
1417 2607 1642 2685 probibemus,
1658 2621 1702 2667 ne
1723 2604 1834 2683 aliquis
1846 2615 1898 2660 mo·

292 2707 351 2768 aut
387 2703 599 2765 infuturum
631 2705 847 2766 concessione
872 2703 1082 2780 pontificum,
1138 2707 1267 2770 naeuus
1301 2705 1372 2768 sive
1409 2721 1590 2768 conversus
1628 2703 1691 2766 suh
1726 2698 1898 2782 professione

291 2801 469 2878 largitione
487 2816 603 2876 regum
617 2801 670 2862 vel
694 2801 894 2877 principum,
919 2799 1084 2862 oblatione
1138 2805 1257 2867 uestrae
1285 2802 1402 2864 domus
1427 2801 1584 2866 astrictus
1614 2800 1689 2862 sine
1711 2811 1858 2861 consensu
1877 2791 1899 2852 ei

292 2899 453 2970 fidelium,
477 2914 536 2958 seu
563 2897 639 2958 aliis
658 2898 757 2974 justis
777 2897 883 2958 modis
906 2898 1084 2974 praestante
1138 2901 1273 2962 licentia
1298 2899 1426 2962 abbatis
1445 2899 1478 2960 et
1505 2897 1642 2975 majoris
1670 2896 1772 2976 partis
1792 2888 1898 2970 capituli

292 2995 563 3072 Domiuopoterit
577 2995 729 3071 adipisci,
744 2993 938 3056 drmavobis
952 2995 1086 3056 vestris·
1138 2998 1240 3062 uestri
1269 3013 1328 3074 pro
1352 2996 1463 3073 aliquo
1485 2995 1665 3073 fidejubeat
1687 2994 1739 3056 vel
1759 2989 1900 3064 abaliquo

292 3109 355 3170 que
377 3091 623 3154 successoribus
648 3091 680 3153 et
702 3091 830 3153 illibata
858 3093 1083 3170 permaneant.
1140 3096 1313 3174 pecuniam
1330 3095 1443 3156 mutuo
1463 3091 1606 3170 accipiat
1621 3091 1852 3170 ultrapretium
1866 3099 1902 3146 ca·

293 3193 332 3251 in
343 3190 462 3267 quibus
471 3190 693 3267 baecpropriis
705 3190 859 3252 duximus
870 3189 1085 3267 exprimenda
1139 3193 1235 3270 pituli
1254 3193 1357 3255 vestri
1380 3191 1587 3269 providentia
1610 3192 1708 3253 const
1729 3190 1837 3257 tutum,
1856 3181 1902 3243 uisi

297 3286 486 3362 vocabulis3
499 3287 607 3348 locum
630 3288 664 3348 iu
680 3302 743 3363 quo
759 3287 932 3364 praefatum
952 3303 1086 3348 monas·
1140 3292 1274 3369 propter
1299 3289 1508 3351 manifestam
1533 3288 1648 3350 domus
1669 3287 1788 3350 vestrae
1801 3281 1903 3345 utilita-

294 3385 415 3446 terium
431 3385 529 3445 situm
545 3385 693 3456 osteum
709 3384 862 3444 omnibus
878 3385 1085 3461 pertinentiis
1139 3390 1217 3451 tem.
1234 3387 1325 3461 Quod
1341 3387 1493 3449 sifacere
1501 3386 1586 3447 forte
1596 3381 1846 3463 praesumpserit,
1854 3391 1902 3438 noo

296 3482 920 3557 suis,grangiamdeotterswilre,cum
934 3481 1085 3544 omnibus
1138 3487 1291 3548 teneatur
1324 3485 1505 3546 conventus
1537 3499 1597 3560 pro
1633 3483 1689 3544 his
1725 3478 1904 3558 aliquatenus

291 3579 501 3657 pertiuentiis
530 3578 622 3654 suis3
650 3579 824 3655 grangiam
855 3579 896 3640 de
931 3579 1084 3647 Rastede,
1139 3581 1351 3660 respondere.
1377 3581 1518 3642 Licitum
1540 3579 1705 3657 praeterea
1721 3570 1903 3642 sitvobisiu

290 3677 464 3752 grangiam
490 3676 530 3738 de
553 3676 693 3745 Winldl,
718 3677 891 3752 grangiam
920 3677 960 3737 de
977 3677 1087 3738 Oden-
1140 3680 1250 3742 causis
1265 3678 1408 3757 propriis
1433 3679 1503 3740 sive
1529 3676 1663 3740 civilem
1688 3677 1762 3740 sive
1779 3671 1907 3738 crimina-

292 3771 399 3831 cbeim
413 3771 445 3833 et
463 3772 637 3847 grangiam
652 3771 692 3832 de
707 3774 820 3840 Ouwe,
838 3787 911 3832 cum
933 3771 1086 3833 omnibus
1140 3776 1204 3837 lem
1217 3774 1408 3836 contineant
1422 3773 1630 3850 questionem
1650 3771 1791 3834 fratrum
1803 3767 1907 3830 restro-

295 3868 505 3945 pertinentiis
520 3869 907 3944 earumdem3grangiam
919 3869 959 3929 de
970 3869 1084 3940 Malsc,
1140 3889 1214 3933 rum
1227 3871 1425 3934 testimoniis
1445 3871 1505 3942 uti,
1521 3885 1563 3930 ne
1581 3885 1640 3947 pro
1656 3869 1787 3931 defectu
1799 3863 1908 3929 testium

292 3966 467 4040 grangiam
483 3965 523 4026 (10
537 3967 630 4036 Hali,
645 3965 817 4040 grangiam
831 3966 871 4027 de
884 3965 1087 4028 Lindenbart
1136 3972 1193 4048 jus
1203 3969 1350 4032 vestrum
1366 3968 1401 4028 in
1415 3967 1526 4043 aliquo
1541 3967 1650 4029 valeat
1666 3965 1825 4044 deperire.
1833 3964 1907 4022 insu-

291 4061 1087 4139 etgraugiamdescinebart,cumomnibusperti-
1141 4083 1200 4144 per
1222 4065 1420 4128 auctoritate
1440 4063 1629 4140 Apostolica
1652 4064 1849 4131 inhibemus,
1880 4069 1909 4115 oe

293 4157 415 4218 uentiis
429 4157 630 4228 earumdem,
643 4158 816 4232 grangiam
826 4159 866 4219 de
875 4158 1084 4232 Eicbelbacb,
1141 4165 1231 4225 ullus
1256 4165 1429 4240 episcopus
1452 4161 1506 4224 vel
1525 4159 1684 4238 quaelihet
1707 4161 1774 4222 alia
1793 4165 1908 4237 persona
1955 4155 1956 4190 ³

292 4253 466 4331 grangiam
475 4252 514 4314 de
522 4253 776 4326 Buckensbeim,
787 4255 959 4332 grangiam
969 4256 1088 4318 deido-
1142 4262 1182 4323 ad
1196 4261 1340 4339 synodos
1358 4261 1410 4322 rel
1426 4258 1606 4321 conventus
1631 4257 1783 4320 forenses
1809 4270 1860 4316 ros
1876 4251 1911 4310 ire
1955 4279 1956 4322 3

293 4349 515 4423 senbrunnen‚
538 4351 571 4412 et
591 4351 763 4427 grangiam
784 4353 825 4414 de
851 4353 1085 4427 Dietenbusen,
1143 4359 1196 4422 vel
1214 4359 1342 4437 judicio
1358 4356 1511 4418 saeculari
1526 4356 1566 4417 de
1587 4356 1699 4417 vestra
1711 4345 1911 4432 propriasuh-
1955 4347 1956 4430 l

293 4465 367 4511 cum
386 4447 537 4510 omnibus
551 4449 760 4526 pertinentiis
768 4451 969 4524 earumdem,
986 4468 1089 4528 gran-
1143 4457 1263 4518 stantia
1278 4454 1331 4517 vel
1344 4453 1608 4532 possessionibus
1626 4453 1751 4514 vestris
1765 4451 1911 4526 subjacere

292 4547 381 4624 uiam
393 4547 433 4607 de
443 4547 620 4619 Bretbeim,
633 4548 806 4623 grangiam
817 4549 857 4610 de
868 4549 1085 4622 Nuzboumiu‚
1142 4552 1408 4631 compellatnec
1421 4550 1463 4612 ad
1476 4550 1590 4611 domos
1611 4550 1755 4622 vestras,
1769 4559 1860 4610 eausa
1872 4555 1912 4600 or·

293 4644 466 4722 grangiam
481 4644 522 4705 de
532 4645 688 4720 Terdigin
704 4645 737 4706 et
748 4646 922 4721 grangiam
947 4646 988 4708 de
1002 4650 1087 4707 Ber·
1143 4652 1236 4712 dines
1252 4649 1452 4717 celebrandi,
1473 4663 1593 4710 causas
1609 4647 1787 4718 tractandi,
1802 4642 1849 4705 rel
1863 4637 1912 4699 ali·

294 4740 515 4814 nardiswilre,
532 4755 607 4802 cum
625 4741 777 4802 omnibus
799 4742 1006 4818 pertinentiis
1026 4759 1088 4804 ea-
1143 4765 1226 4827 quos
1238 4747 1420 4811 conventus
1437 4744 1587 4823 publicos
1603 4743 1809 4806 convocandi
1822 4736 1913 4800 uenire
1955 4739 1956 4816 i

294 4839 945 4915 rumd0m‚⁰l1mpratis‚ii110i8‚terris,
973 4857 1089 4902 nemo-
1144 4845 1333 4924 praesumat,
1363 4859 1424 4905 uec
1436 4842 1625 4918 regularem
1655 4842 1847 4904 electionem
1870 4830 1916 4892 ab·
1955 4843 1956 4920 l

295 4935 399 5006 ribus,
409 4935 557 5010 usuagiis
572 4937 605 4997 et
618 4935 761 5012 pascuis,
772 4937 806 4996 in
816 4936 916 4998 bosco
929 4938 962 4998 et
976 4938 1086 5014 plano,
1144 4944 1229 5005 batis
1244 4942 1347 5004 vestri
1370 4939 1550 5018 impediat,
1576 4939 1634 5000 aut
1656 4939 1698 5000 de
1726 4928 1914 4999 instituendo,
1955 4925 1956 4984 l

296 5032 332 5093 in
347 5032 442 5108 aquis
458 5033 490 5093 et
504 5031 711 5103 molendinis,
728 5033 764 5092 in
775 5033 838 5094 viis
862 5035 895 5095 et
909 5035 1090 5107 semiassi
1144 5042 1196 5102 vel
1207 5038 1406 5100 removendo
1421 5053 1461 5098 eo
1490 5036 1547 5114 qui
1575 5051 1635 5114 pro
1662 5036 1813 5113 tempore
1826 5023 1914 5092 fuerit

297 5127 450 5190 omnibus
462 5128 537 5188 aliis
550 5127 757 5190 libertatibus
780 5128 813 5191 et
827 5129 1089 5193 immunitatibus
1145 5138 1258 5199 corltra
1278 5136 1401 5197 statuta
1422 5134 1653 5196 Cisterciensis
1678 5132 1807 5194 ordinis
1821 5143 1853 5188 se
1868 5121 1917 5184 ali-

297 5227 378 5288 suis.
395 5224 936 5305 Sanelaborumvestrorum,quos
946 5229 1089 5306 propriis
1145 5237 1308 5312 quatenus
1323 5231 1532 5294 intromittat.
1550 5230 1585 5292 Si
1603 5245 1682 5292 vero
1706 5218 1917 5306 episcopusin

298 5321 452 5385 manibus
467 5323 524 5384 alit
548 5321 731 5400 sumptibus
752 5323 871 5396 dolitiS,
897 5325 937 5386 dd
958 5341 1091 5403 posses-
1145 5335 1239 5410 eujus
1261 5329 1421 5408 parocbia
1445 5327 1561 5389 domus
1582 5328 1692 5389 vostra
1717 5325 1850 5387 fundata
1870 5315 1916 5384 esi,

298 5420 446 5481 sionibus
470 5419 592 5483 habitis
620 5419 697 5482 ante
721 5421 903 5482 Concilium
922 5425 1088 5497 generale,
1146 5445 1220 5492 oum
1236 5427 1423 5488 humilitate
1448 5441 1488 5486 ac
1510 5425 1682 5486 devotione
1698 5439 1765 5500 qua
1788 5411 1918 5482 conuenit

298 5516 527 5579 sivedebortis
537 5519 570 5580 et
579 5517 1092 5594 virgultisetpiscetionibusves·
1145 5525 1337 5603 requisitus,
1350 5522 1561 5585 substitutum
1576 5521 1730 5582 abbatem
1743 5515 1918 5580 benedicere

298 5615 359 5677 tris
375 5615 426 5676 vel
442 5614 481 5677 de
510 5615 720 5677 nutrimentis
743 5614 938 5677 animalium
957 5621 1090 5679 vestro·
1145 5625 1178 5686 et
1192 5623 1259 5684 alia
1274 5637 1348 5698 quae
1361 5620 1402 5681 ad
1416 5619 1561 5681 officium
1575 5617 1765 5696 episcopale
1775 5605 1919 5692 pertinent

298 5713 554 5775 rumautetiam
569 5712 610 5774 de
633 5713 807 5776 novalibus
832 5714 976 5776 nullusa
998 5714 1091 5776 vohis
1146 5721 1238 5786 vobis
1263 5717 1414 5780 conferre
1441 5717 1600 5788 renuerit,
1614 5715 1741 5778 licitum
1766 5714 1808 5776 sit
1832 5707 1918 5771 eidem
