4082 6342
108 396 171 456 469
743 391 973 452 EPISTOLAE.
997 391 1075 452 LIB.
1099 392 1124 450 1.

108 555 227 634 ceptis,
254 556 290 616 ut
310 554 433 616 dictum
460 557 495 616 B.
519 571 594 617 cum
617 554 686 617 suis
710 551 905 624 fautoribus,

109 653 253 730 singulis
268 652 384 715 diebus
398 653 572 715 dominicis
585 654 618 715 et
629 653 767 724 festivis,
790 651 907 732 pulsa·

109 753 155 814 tis
171 751 340 828 campanis
359 755 393 814 et
409 752 555 813 candelis
571 751 732 822 accensis,
750 766 809 827 per
832 766 909 812 ves·

107 851 181 912 tras
206 850 366 911 dioeceses
402 850 722 912 excommunicatum
755 847 908 910 faceretis

109 948 242 1024 publice
267 947 416 1008 nuntiari
442 947 482 1009 ab
512 946 664 1008 omnibus
690 947 815 1006 arctius
837 945 909 1005 evi-

107 1046 260 1118 tandum,
278 1047 311 1106 et
330 1045 402 1106 loca
417 1045 451 1106 in
468 1045 586 1121 quibus
601 1044 759 1122 praefatus
783 1046 819 1104 B.
837 1057 909 1103 mo-

1264 558 1462 646 GCCLXII

994 709 1045 770 Ad
1057 709 1248 784 Slpsridum
1265 711 1559 783 archiepiscopum
1574 710 1727 784 Mapou-

1295 807 1418 866 tiletum.

1263 928 1298 986 20
1308 928 1369 1001 julii
1384 928 1461 986 1217.

1088 1042 1264 1105 [Wurdtwein
1277 1044 1349 1094 Nova
1361 1042 1435 1093 Suhs.
1451 1047 1469 1094 t.
1487 1043 1567 1106 lll,·p.
1583 1041 1635 1106 dl]

107 1159 182 1206 ram
197 1142 322 1204 faceret
341 1145 374 1204 et
387 1144 497 1222 puella
513 1143 598 1205 foret
615 1143 758 1214 detenta,
775 1140 908 1203 etiamsi
963 1149 1078 1208 Mandat
1100 1151 1242 1208 Honorius
1263 1149 1478 1223 archiepiscopo
1502 1149 1714 1222 Magantinensi
1730 1156 1760 1206 ut

110 1242 152 1302 ad
167 1242 279 1318 partes
289 1241 374 1302 alias
384 1241 479 1302 extra
490 1243 621 1303 vestras
634 1239 793 1302 dioeceses
803 1241 910 1301 trans·
998 1237 1069 1296 infra
1082 1239 1184 1312 viginti
1198 1238 1261 1297 dios
1275 1240 1304 1296 in
1319 1246 1440 1296 sesam
1455 1240 1484 1294 in
1500 1253 1556 1310 quo
1572 1246 1632 1295 erat
1644 1245 1758 1295 senten·

110 1340 266 1411 ferretur,
296 1342 518 1416 supponentes
548 1339 777 1400 ecclesiastico
802 1338 908 1399 intep-
997 1329 1067 1386 tiam
1082 1328 1224 1386 interdicti
1240 1327 1275 1386 db
1295 1329 1357 1400 ipso
1372 1328 1529 1385 relaxatam
1543 1326 1669 1384 reducat.

111 1437 200 1498 dicto
228 1451 361 1497 cessare
384 1434 538 1499 faceretis
564 1436 698 1499 interim
724 1451 744 1496 a
772 1434 906 1506 divinis,
1002 1455 1678 1532 Honopjusepiscopus‚,mmmmm
1687 1452 1758 1523 pei,

111 1536 285 1612 utramque
305 1534 502 1596 sententiam
526 1533 652 1600 tamdiu
672 1532 909 1594 inviolabiliter
961 1551 1145 1615 venerabili
1174 1552 1270 1615 fratri
1302 1553 1553 1629 archiepiscopo
1586 1550 1758 1626 Magum.

111 1631 327 1706 ⁰b80rV³ssd02
345 1631 450 1694 1101110
465 1631 551 1692 idem
563 1631 754 1710 Praedictaffl
766 1632 810 1692 M·
824 1630 909 1692 libe·
962 1651 1058 1714 neusi
1069 1648 1757 1727 salutemetapostolioembeuedictionem.

111 1746 183 1792 111111
210 1730 274 1807 ipsi
299 1729 691 1801 168111119161101111113311,
714 1730 748 1790 et
762 1744 907 1806 0011811111
1002 1752 1107 1820 Quum
1122 1749 1163 1810 ad
1178 1764 1292 1826 preces
1306 1747 1509 1810 venerabilis
1523 1745 1637 1808 fratris
1652 1745 1761 1806 nostri

111 1827 320 1890 satisfaciens
333 1828 374 1890 de
389 1828 585 1900 commissis
604 1827 830 1891 reverteretur
844 1827 909 1887 bu·
963 1846 1141 1923 pragensis
1154 1846 1302 1922 episcopi
1312 1844 1620 1908 confirmaverimus
1631 1845 1762 1904 senten.

110 1927 235 1988 militer
249 1925 291 1987 ad
306 1927 592 1989 conversationem
610 1925 785 1988 honestam
799 1927 833 1986 et
848 1924 907 1986 ob·
961 1945 1043 2008 fiam
1070 1945 1256 2016 inempti,
1288 1959 1387 2022 quam
1408 1943 1497 2006 idem
1525 1941 1700 2018 episcopus
1724 1940 1760 2000 iu

110 2026 333 2088 servationem
366 2023 492 2086 ordinis
521 2023 697 2086 clericalis.
724 2023 788 2084 Sed
816 2021 905 2095 licet,
962 2042 1250 2112 djoeoespmsuam
1265 2041 1379 2104 mum,
1396 2039 1594 2117 provocatus
1614 2037 1759 2113 injuriis,

106 2125 198 2194 ‚sicut
216 2123 384 2186 comitissa
398 2122 554 2200 praedieta
573 2123 696 2186 nostris
709 2122 845 2184 auribus
860 2123 908 2184 in·
962 2140 1195 2218 promulgavit,
1214 2139 1376 2202 miramur
1393 2153 1458 2214 qua
1477 2137 1638 2215 potestate
1653 2135 1761 2212 ipsam

108 2222 252 2293 timavit,
283 2223 499 2284 memoratum
520 2224 557 2282 B.
585 2221 906 2284 excommunicatum
961 2237 1116 2300 relaxare
1131 2237 1330 2300 sententiam
1345 2235 1596 2314 ppaesumpgjspp‚
1613 2248 1759 2310 ppaesep.

108 2319 258 2381 feceritis
275 2321 441 2396 nuntiari;
459 2320 538 2398 quia
559 2318 719 2382 tamenin
741 2320 819 2380 aliis
840 2335 906 2381 non
961 2336 1020 2398 pm
1035 2335 1314 2412 eodemepjsoopo
1325 2335 1459 2411 propper
1471 2333 1534 2394 boc
1545 2331 1632 2408 apud
1643 2331 1760 2392 sepem

108 2417 221 2478 11111115
238 2419 438 2480 necessariis
462 2418 625 2480 11011θὲ118
648 2417 796 2496 [1191131111
819 2433 908 2496 91111·
961 2432 1185 2511 apostolicam
1196 2432 1387 2503 constituto,
1405 2445 1501 2508 quem
1512 2427 1665 2491 etiamad
1681 2441 1761 2488 nos·

108 2517 243 2592 1119111111
264 2516 489 2595 1903101111111
508 2515 670 2590 exsecutis
692 2516 749 2576 51¹0
772 2531 837 2576 non
856 2515 908 2576 931
960 2532 1047 2593 tram
1062 2529 1274 2608 praesentiam
1294 2529 1504 2590 accedentem
1519 2525 1614 2588 uobis
1628 2523 1759 2601 perlit·-

109 2629 265 2676 reversus
278 2614 320 2676 ad
333 2615 572 2692 percutientem
589 2631 636 2686 se,
654 2629 718 2676 nec
731 2613 906 2676 Dominum

109 2713 317 2774 exercituum
340 2713 523 2790 requisivit.
542 2712 616 2779 Sed,
631 2728 705 2773 cum
720 2711 764 2774 sit
784 2727 906 2774 uarvus

109 2811 250 2880 ferreus,
265 2811 379 2874 cervix
395 2814 467 2889 ejus
482 2813 515 2873 et
533 2811 625 2874 frons
647 2826 828 2882 suaaenea,
847 2826 907 2872 nec

110 2909 225 2970 divino
241 2909 359 2970 timore
375 2925 436 2972 nec
460 2910 605 2973 humano
630 2909 756 2987 pudore
770 2925 908 2986 percus·

111 3023 182 3080 sus,
206 3009 242 3069 ut
264 3007 316 3070 vel
338 3007 433 3084 sigua
456 3007 677 3086 praetenderet
699 3007 905 3084 poeuitentis;

111 3104 351 3183 propterquod
371 3106 508 3184 praefata
525 3105 707 3176 comitisse,
734 3105 847 3166 dolore
868 3119 907 3165 ac

110 3201 235 3266 rubore
247 3203 396 3276 confusa,
410 3204 513 3282 gemit
523 3219 558 3264 se
572 3218 718 3265 sororem
733 3219 828 3266 suam
841 3219 907 3264 non

111 3301 261 3378 potuisse
280 3301 440 3364 hactenus
456 3301 636 3364 rehabere:
662 3301 817 3377 utigitur
836 3317 909 3378 gra-

112 3399 188 3458 vior
203 3415 300 3477 poena
314 3401 440 3476 pungat
454 3417 551 3478 quem
566 3399 734 3476 poenitudo
748 3400 908 3462 hactenus

111 3513 180 3558 non
209 3498 419 3574 compunxit,
457 3498 659 3566 fraternitati
692 3499 812 3560 vestrae
850 3515 909 3576 per

112 3595 303 3672 Apostolica
340 3597 464 3673 scripta
505 3597 646 3659 firmiter
685 3597 908 3674 praecipiendo

111 3693 309 3754 mandamus
324 3695 497 3772 quatenus,
507 3697 604 3773 juxta
625 3695 815 3771 praecedens
827 3712 911 3774 prae·

112 3791 422 3856 decessorisuostri
437 3794 648 3870 praeceptum,
669 3794 784 3855 cenna
808 3809 911 3872 saepe·

113 3890 238 3952 dictum
273 3892 477 3968 apostatam,
511 3891 641 3962 sublato
676 3891 909 3968 appellationis

113 3988 297 4062 obstaculo,
315 3989 516 4066 procedatis,
534 3989 581 4050 ita
594 3989 680 4067 quod
702 3990 750 4054 tot
766 3991 799 4053 et
817 3991 909 4058 muta

113 4087 265 4150 facinora
279 4101 339 4148 vos
359 4086 545 4158 abominari
563 4087 720 4164 probetis,
746 4089 779 4150 et
801 4087 909 4150 comi·-

112 4185 214 4246 tisssa
225 4183 363 4262 praefata
377 4201 476 4261 super
489 4185 551 4246 boc
564 4201 630 4248 non
639 4188 776 4262 cogatur
788 4187 910 4249 iterare

114 4282 296 4361 querelam,
310 4297 436 4359 nosque
449 4282 657 4344 rectitudinis
673 4285 791 4348 vestrae
802 4284 910 4346 zelum

961 2629 1052 2690 teras
1066 2629 1141 2690 tuas
1156 2627 1298 2690 sollicite
1316 2623 1564 2688 commendasti.
1588 2623 1681 2684 Unde
1700 2620 1761 2684 tibi

963 2725 1037 2788 sine
1052 2725 1208 2786 mandato
1218 2724 1400 2801 apostolico
1411 2723 1566 2784 relaxare
1577 2719 1760 2782 sententias

962 2823 1160 2886 auctoritate
1181 2822 1372 2899 Apostolica
1402 2819 1599 2883 roboratam
1628 2819 1698 2889 Quo
1727 2817 1761 2879 te

961 2922 1082 2992 vertes,
1108 2921 1145 2982 ut
1165 2921 1265 2982 unta
1290 2917 1558 2994 praesumptionis
1582 2915 1757 2978 audaciam

963 3019 1101 3096 palliast
1116 3021 1153 3079 In
1168 3033 1241 3094 quaa
1261 3015 1361 3078 verba
1382 3015 1506 3093 poteris
1520 3015 1689 3076 declinare
1703 3027 1762 3074 cor

962 3119 1066 3188 tuum,
1084 3117 1120 3178 ut
1134 3115 1367 3178 excusationes
1386 3112 1583 3191 inpeccatis
1601 3111 1761 3172 excusesl

964 3217 1070 3286 Quum
1110 3213 1302 3290 praedictam
1343 3210 1526 3272 relaxando
1560 3207 1760 3270 senteutiam

963 3312 1059 3374 nobis
1083 3311 1241 3388 iujuriam
1261 3309 1392 3380 feceris,
1414 3312 1447 3370 et
1466 3309 1538 3385 ipso
1550 3307 1705 3392 episcopo
1721 3321 1762 3366 ao

963 3409 1200 3472 ecclesiasticas
1236 3407 1382 3472 libertati
1415 3421 1518 3482 grave
1553 3403 1762 3481 dispendium

963 3507 1189 3584 generaveris,
1206 3506 1353 3583 profecto
1373 3505 1521 3567 nontam
1535 3500 1762 3580 objurgandus

964 3621 1066 3673 esses,
1081 3621 1179 3682 quam
1196 3603 1375 3666 severitate
1390 3602 1550 3664 canonica
1563 3597 1760 3678 puniendus.

965 3703 1028 3766 Sed
1045 3719 1105 3770 nos
1119 3702 1160 3762 ad
1176 3715 1334 3777 praesepe,
1351 3698 1583 3774 objurgatione
1602 3695 1759 3766 conteuti,

964 3798 1220 3877 perApostolica
1233 3797 1356 3873 scripta
1363 3795 1423 3858 tibi
1437 3793 1658 3872 praecipiendo
1671 3807 1763 3854 man-

964 3898 1092 3969 damus,
1104 3896 1267 3974 quatenus
1281 3893 1371 3956 iufra
1385 3893 1504 3969 viginti
1515 3892 1586 3954 dies
1599 3893 1673 3968 post
1686 3905 1762 3951 sus-

964 3995 1150 4072 ceptionem
1169 3992 1394 4072 praasentium,
1411 3989 1627 4052 excusatione
1646 3989 1679 4052 et
1697 4003 1762 4064 ap-

964 4094 1143 4171 pellatione
1165 4089 1384 4162 cessantibus,
1407 4089 1530 4152 factum
1551 4088 1588 4149 in
1609 4103 1650 4149 eo
1674 4086 1763 4148 statu

964 4191 1115 4262 reducas,
1131 4191 1166 4251 iu
1180 4205 1245 4266 quo
1257 4191 1330 4250 erat
1342 4187 1474 4265 quando
1487 4186 1575 4248 idem
1587 4185 1764 4262 episcopus

965 4289 1030 4350 iter
1039 4288 1182 4366 arripuit
1191 4287 1232 4348 ad
1246 4287 1393 4348 nostram
1403 4284 1614 4362 praesentiam
1624 4282 1765 4346 venien-

114 4381 281 4459 possimus
301 4381 420 4444 merito
434 4380 676 4444 commendare.

154 4479 275 4541 batum
290 4477 461 4554 anagnia,
479 4481 554 4548 xlv
576 4479 643 4540 kal.
660 4479 803 4555 augusti,
825 4496 910 4558 pou-

115 4576 262 4644 tiaratos
276 4575 381 4644 nostri
397 4592 485 4640 anuo
500 4576 618 4656 primu.

965 4386 1010 4459 di,
1034 4387 1144 4450 sciens
1163 4402 1224 4448 uos
1244 4385 1376 4446 dilectis
1397 4383 1477 4445 filiis
1499 4381 1710 4452 Eboracensi,
1730 4380 1763 4441 et

966 4484 1232 4546 Halsbruunensi
1261 4481 1427 4561 prioribus
1453 4477 1703 4555 Herbipolensis
1729 4477 1763 4537 et

965 4582 1185 4645 Heisteteusis
1221 4580 1374 4642 dioecesis
1407 4593 1466 4654 per
1499 4576 1629 4652 scripta,
1648 4575 1762 4635 nostra

966 4681 1152 4752 mandasse,
1165 4681 1201 4744 ut
1210 4679 1242 4740 te
1250 4679 1285 4738 in
1293 4675 1440 4738 mandati
1451 4674 1556 4736 nostri
1567 4671 1764 4734 executione

966 4781 1150 4842 oessamem
1159 4777 1200 4838 ad
1208 4776 1242 4836 id
1250 4790 1309 4853 per
1317 4788 1492 4835 censuram
1501 4770 1763 4832 ecclesiasticam

966 4875 1189 4953 appellatione
1203 4873 1330 4934 remota
1342 4868 1552 4947 compellant.
1565 4869 1683 4929 Datum
1699 4868 1764 4927 lie-

966 4972 1091 5036 rentiui
1113 4973 1190 5033 Xill
1212 4970 1287 5032 Kal.
1315 4985 1404 5046 aug„
1431 4966 1642 5046 pontificatus
1657 4965 1765 5028 nostri
1847 4985 1849 4992 ,

967 5085 1056 5133 anno
1071 5069 1187 5148 primo.
