3984 6306
44 345 96 407 313
356 340 502 405 XXVIII.
519 373 560 390 -
574 341 618 406 IN
641 339 771 406 rasio
793 342 1078 410 Phualuouuhl
1100 344 1355 412 MARTYRUM.
1620 357 1680 418 314

45 503 88 566 est
102 498 388 564 eommunisbonis
400 504 433 565 et
445 502 554 565 malis.
571 503 648 565 Filii
663 504 740 566 sunt
755 502 831 566 falsi
884 503 947 568 hoc
972 505 1045 569 loco
1065 479 1186 584 :quum
1207 509 1380 572 audieritis
1396 505 1533 588 ,pratia
1558 513 1680 577 Praelia

44 600 219 670 christiani,
243 599 299 677 qui
323 593 608 677 pugnantcontra‘
623 603 827 675 innocentes,
884 603 961 665 sunt
997 605 1085 666 inter
1120 607 1314 680 extraneos,
1351 608 1446 682 idest,
1479 609 1567 672 inter
1599 625 1679 689 reg-

45 697 164 776 quando
179 697 328 759 inierunt
343 697 391 760 eis
404 698 525 760 damna
537 700 570 761 et
582 700 770 777 opprobria.
783 703 829 761 De
883 717 962 761 num
984 702 1017 764 et
1040 717 1189 778 regnum,
1207 704 1239 766 ct
1257 705 1424 767 civitatem
1443 707 1475 769 et
1498 709 1678 786 civitatem,

44 795 132 856 tertia
144 794 303 856 meretrix
316 795 351 855 in
367 794 535 872 parabolis
550 818 557 856 ι
575 797 718 858 letemui
735 799 831 871 Jhni·
884 798 969 861 sicut
992 801 1114 862 veritas
1142 801 1283 862 testatur
1308 824 1315 861 :
1337 805 1463 880 Surpet
1490 821 1574 881 pens
1594 824 1679 871 cori-

45 896 98 954 bus
106 893 263 954 uetulum
273 907 400 966 amum,
419 895 532 954 stravi
544 894 720 982 topeiibus
727 895 830 970 pictis
884 895 1096 972 crepantem
1121 899 1153 960 et
1177 915 1325 976 requam
1344 905 1512 964 adversus
1533 919 1681 982 recisum

46 1005 85 1052 em
93 992 237 1066 AEpppto
252 987 364 1070 (Prov.
384 1005 441 1062 vu,
466 989 529 1071 16).
546 991 706 1052 Meretrix
728 993 827 1064 enim,
884 992 1015 1073 (Mattb.
1029 1011 1127 1068 xxiv,
1144 993 1189 1074 7).
1200 998 1236 1057 In
1249 1013 1313 1075 qua
1328 1014 1365 1059 re
1380 1002 1517 1076 possunt
1529 1003 1680 1066 homines

45 1087 135 1159 idest,
167 1086 324 1150 haeretica
352 1088 500 1166 pravitas
528 1089 648 1150 intexit
671 1088 829 1152 lectulum
883 1090 1065 1154 deteriores
1079 1093 1208 1155 caeteris
1219 1095 1444 1157 animantibus
1457 1101 1680 1176 comprobari;

46 1201 139 1257 suum,
155 1183 242 1246 idest
259 1185 418 1262 contingit
432 1185 617 1248 doctrinam
633 1203 727 1248 suam
740 1187 831 1248 iuni·
884 1190 962 1267 quia
990 1207 1064 1252 cnm
1086 1191 1185 1254 etiam
1215 1196 1384 1270 serpentes
1410 1197 1588 1258 concordes
1615 1199 1682 1262 sint

44 1282 106 1355 bus,
122 1283 216 1356 idest,
231 1283 479 1361 deceptionibus
495 1283 669 1346 subtilibus
685 1284 828 1362 quidem,
884 1303 959 1349 cum
967 1288 1187 1366 serpentibus,
1198 1289 1348 1353 homines
1360 1307 1426 1353 non
1439 1295 1574 1356 servant
1584 1295 1681 1356 iidem

46 1381 94 1442 sed
105 1381 199 1443 tortis
214 1381 250 1443 ut
263 1385 335 1460 ejus
349 1382 516 1458 colligatio
530 1383 573 1445 sit
586 1383 681 1460 quasi
694 1382 829 1445 lunicu-
885 1390 918 1448 et
932 1386 1142 1448 concordiam
1157 1387 1245 1450 inter
1257 1405 1302 1450 se.
1319 1390 1412 1451 Unde
1432 1389 1569 1452 Daniel:
1586 1395 1681 1460 Quo-

44 1478 89 1538 lus
101 1479 230 1556 triplex,
244 1481 300 1557 qui
315 1480 450 1542 difficile
464 1480 640 1558 rumpitur,
657 1481 830 1543 contextus
885 1483 965 1544 tuor
978 1481 1073 1545 uenti
1100 1487 1175 1546 coeli
1204 1488 1361 1562 popponi
1387 1491 1425 1548 iu
1447 1491 1541 1550 mori
1555 1501 1682 1566 macno

44 1575 79 1636 de
97 1576 290 1653 theologicis
309 1578 573 1650 auctoritatibus,
594 1578 635 1639 de
653 1565 831 1640 rethoricis
885 1576 982 1656 (Dan.
998 1577 1111 1659 v11,2)‚
1134 1581 1232 1652 idest,
1250 1581 1284 1641 in
1299 1582 1420 1644 mundo
1436 1583 1498 1646 isto
1514 1607 1521 1644 :
1537 1586 1583 1646 nt
1597 1601 1684 1660 quc-

44 1674 181 1747 horibus,
193 1678 226 1738 et
235 1676 276 1737 de
286 1676 469 1739 dialecticis
480 1677 695 1753 argumentis.
711 1677 830 1737 Sacrae
885 1676 966 1737 tuor
985 1678 1101 1739 bestiae
1115 1681 1325 1754 construent
1338 1683 1378 1741 de
1392 1681 1491 1742 terro
1504 1679 1629 1762 (ibid).

43 1773 140 1834 autem
156 1774 370 1837 auctoritates
383 1775 552 1852 pervertit,
567 1775 766 1852 sophisticas
780 1790 832 1835 ar·
923 1773 1022 1836 Venti
1047 1775 1122 1836 coeli
1144 1775 1219 1837 sunt
1234 1776 1346 1852 angeli
1367 1776 1444 1838 honi
1466 1778 1498 1839 et
1516 1780 1608 1849 mali,
1625 1777 1682 1858 qul

43 1870 295 1946 gumentationes
307 1871 446 1941 inducit,
462 1871 647 1934 rethoricos
661 1887 830 1934 sermones
885 1870 1040 1933 dicuntur
1071 1873 1161 1932 venti
1190 1873 1277 1946 coeli,
1307 1875 1384 1951 quia
1413 1875 1552 1937 suntin
1581 1877 1680 1950 coelo,

43 1971 183 2040 exornat,
201 1969 237 2031 ut
258 1969 426 2047 simplices
450 1969 555 2042 sallat,
583 1970 618 2031 ut
631 1985 735 2044 vagos
750 1969 830 2030 alli·
884 1967 980 2040 idest,
994 1967 1030 2028 in
1041 1984 1119 2029 aere
1132 1969 1206 2031 istc.
1216 1969 1274 2031 Isti
1285 1971 1433 2047 pugnant
1446 1972 1533 2034 inter
1543 1988 1589 2045 se,
1605 1973 1683 2050 quia

43 2065 109 2138 ciat,
134 2067 172 2128 ut
193 2067 343 2130 incautos
366 2067 513 2129 seducat.
537 2070 584 2129 De
604 2067 728 2129 talibus
743 2067 832 2129 enim
884 2063 1052 2126 bonicum
1067 2065 1165 2128 malis
1180 2065 1213 2128 et
1224 2066 1356 2143 reprobi
1369 2084 1443 2128 cum
1458 2069 1583 2131 electis.
1599 2068 1683 2134 Boni

43 2164 198 2242 Propheta
231 2163 312 2228 dicit
337 2167 373 2227 in
395 2165 524 2242 psalmo
546 2185 553 2225 =
570 2167 737 2232 Quoniam
756 2180 832 2238 quoe
885 2165 1033 2240 pugnant
1052 2179 1111 2240 pro
1129 2163 1344 2226 excusatione
1359 2167 1483 2239 nostra,
1505 2167 1584 2228 mali
1599 2183 1684 2244 pug-

40 2263 207 2336 perfecisti
217 2263 470 2325 assumerent
479 2261 547 2342 (Ps.
560 2264 609 2335 10,
618 2261 664 2342 4).
675 2263 833 2324 Testimo-
885 2262 1035 2338 nantpro
1050 2261 1235 2339 perditione
1249 2262 1373 2323 nostra.
1399 2265 1547 2334 Quatuor
1567 2265 1682 2327 bestiae

43 2358 91 2420 nia
105 2361 227 2437 quippe
253 2363 363 2423 Sacrae
389 2361 569 2438 Scripturas
598 2375 672 2438 quae
689 2361 831 2437 Spiritus
886 2359 963 2446 sunt
990 2359 1132 2437 quatuor
1154 2373 1256 2434 regna
1284 2360 1394 2432 terrae,
1427 2376 1499 2438 quae
1528 2361 1684 2424 dicuntur

44 2457 176 2519 Sanctus
199 2457 348 2534 perfecit,
373 2458 524 2520 haeretici
544 2444 728 2531 destruunt,
755 2457 832 2518 dum
885 2456 1000 2518 bestiae
1027 2473 1086 2533 pro
1113 2456 1319 2518 crudelitate.
1345 2456 1438 2518 Unde
1462 2457 1685 2535 Hieronymus

42 2554 93 2616 illa
118 2557 323 2632 pervertunt.
354 2559 476 2629 Porro,
505 2558 677 2633 Scriptura
694 2556 833 2617 docente
886 2569 986 2630 super
1006 2543 1175 2615 Danielem
1191 2553 1429 2614 :cNotandum
1448 2555 1535 2631 quod
1557 2571 1682 2632 regno-

44 2652 210 2714 didicimus
245 2654 330 2732 quod
362 2655 419 2733 qui
450 2654 631 2732 sophistice
664 2653 830 2730 loquitur,
886 2667 960 2713 rum
972 2651 1086 2713 feritas
1099 2653 1197 2729 atque
1212 2651 1402 2722 crudelitas,
1418 2651 1601 2714 bestiarum
1622 2669 1685 2715 no-

43 2749 162 2811 odibilis
194 2753 244 2813 est
270 2755 347 2813 Deo.
370 2753 445 2813 Non
471 2754 521 2813 est
540 2752 629 2814 enim
648 2751 698 2812 illi
715 2751 832 2812 dataa
887 2749 975 2810 mine
1005 2749 1243 2825 designatur.»
1270 2748 1400 2824 Pugnat
1434 2751 1545 2811 autem
1578 2749 1684 2812 bestia

44 2847 172 2910 Domino
188 2849 308 2924 gratia,
322 2849 379 2910 sed
403 2850 494 2910 omni
509 2849 672 2925 sapientia
692 2847 831 2908 delrau·
887 2847 1001 2908 contra
1022 2845 1172 2918 bestiam,
1185 2845 1263 2924 quia
1283 2847 1454 2922 consurgit
1468 2862 1607 2923 regnum
1622 2847 1685 2908 ad-

44 2941 129 3005 datus
143 2946 208 3007 est.
224 2947 388 3023 Scriptum
403 2949 454 3008 est
468 2947 557 3008 enim
575 2968 582 3006 :
598 2949 753 3007 Perdam
770 2961 832 3006 sc·
887 2961 1002 3006 versus
1021 2961 1171 3021 regnum.
1191 2945 1265 3005 Alia
1287 2944 1433 3020 patimur
1447 2961 1467 3006 a
1483 2945 1615 3019 vicinis,
1632 2946 1687 3007 vi-

43 3045 201 3114 olentiam
224 3045 420 3118 sapientam
445 3045 480 3106 et
504 3044 727 3120 praecautum
742 3058 832 3116 pru-
887 3043 1016 3115 delicet,
1055 3043 1254 3115 seditiones,
1288 3043 1366 3119 quia
1398 3042 1576 3104 seditiones
1609 3045 1687 3106 sunt

44 3141 173 3202 desitum
190 3143 380 3217 reprobabo
394 3140 423 3221 (Ι
436 3143 509 3203 Gor.
526 3157 549 3210 1,
567 3143 630 3217 19),
650 3140 834 3218 prasertim
888 3141 1003 3219 praelia
1018 3139 1106 3224 inter
1124 3139 1225 3201 cives.
1242 3139 1336 3203 Unde
1359 3139 1499 3202 audistis
1520 3141 1556 3201 in
1576 3142 1687 3202 Evan-

45 3252 158 3312 ecrum,
175 3238 235 3316 qui
248 3239 423 3302 vamtatem
443 3240 502 3301 Dei
518 3239 667 3301 detinent
687 3239 722 3298 in
736 3253 834 3298 men·
888 3238 975 3317 gelio
991 3243 1097 3300 :crim
1108 3239 1290 3301 audieritis
1302 3242 1428 3313 parelio
1442 3241 1476 3301 et
1487 3240 1685 3300 seditiones.

45 3335 141 3397 dacio.
158 3340 307 3409 Quorum
322 3337 516 3414 predicatio
531 3352 597 3399 non
613 3336 663 3398 est
675 3337 710 3397 in
723 3336 836 3397 osten·
890 3337 1075 3399 seditiones
1104 3337 1181 3397 sunt
1205 3337 1294 3397 inter
1313 3337 1402 3398 cives
1427 3351 1486 3412 pro
1502 3335 1686 3398 honoribus

45 3433 128 3495 sione
148 3435 288 3513 spiritus
309 3435 342 3497 et
366 3435 511 3507 virtutis,
529 3435 587 3496 sed
613 3435 648 3495 in
665 3434 837 3511 persuasi·
889 3436 922 3497 et
945 3434 1172 3512 dignitatibus,
1190 3434 1223 3495 et
1247 3449 1305 3510 pro
1329 3432 1564 3510 cupiditatibus
1588 3433 1687 3510 hujus

44 3529 154 3594 bilibus
176 3533 334 3594 humanm
349 3533 522 3610 sapientiae
541 3532 663 3596 verbis.
684 3531 744 3593 Isti
760 3532 836 3592 sunt
890 3532 1015 3593 saeculi.
1041 3533 1120 3593 Haec
1139 3532 1250 3593 autem
1275 3531 1474 3608 proveniunt
1493 3545 1536 3592 ex
1560 3545 1687 3592 concu-

46 3644 214 3708 caupones,
230 3631 287 3709 qui
307 3631 487 3692 secundum
503 3629 698 3708 prophetam
715 3645 836 3706 aquam
890 3630 1053 3707 piscentia
1064 3629 1203 3702 carnali,
1219 3628 1337 3706 quiesi
1351 3645 1417 3689 non
1430 3629 1689 3704 tantoperecon-

45 3727 113 3789 sino
152 3729 385 3802 commiscent,
420 3728 476 3807 qui
512 3728 557 3789 sel
587 3728 768 3790 draconum
800 3727 836 3787 in
891 3729 1137 3805 cupisceremus
1165 3726 1311 3796 terrena,
1342 3725 1531 3786 nullatenus
1558 3740 1618 3802 pro
1639 3725 1689 3786 eis

46 3839 137 3888 aureo
158 3826 267 3889 calice
281 3826 459 3904 Babylonis
478 3825 665 3904 propinant,
692 3825 748 3902 qui
770 3824 837 3884 cir-
891 3825 1010 3888 herent
1028 3825 1117 3885 inter
1134 3839 1195 3885 nos
1211 3821 1389 3883 seditiones
1404 3823 1437 3884 et
1451 3822 1578 3899 praelia.
1595 3822 1689 3884 Unde

46 3927 192 3988 cumeunt
211 3939 306 3986 mare
328 3924 361 3987 et
385 3923 525 3997 aridam,
544 3924 581 3986 ut
605 3939 706 3984 unum
721 3937 837 4000 prose-
890 3923 1006 3986 heatus
1032 3919 1135 3983 Jacob
1167 3921 1201 3980 in
1229 3919 1398 3997 epistola:
1431 3923 1520 3980 Unde
1549 3923 1631 3982 bello
1656 3919 1691 3982 et

46 4018 139 4097 lpium
149 4023 288 4085 iaciant.
890 4023 967 4086 lites
992 4024 1029 4082 tn
1046 4023 1139 4081 vobis
1157 4021 1171 4078 1
1192 4021 1314 4081 Nonne
1340 4032 1387 4078 em
1407 4018 1691 4092 corrorcpisceatits

891 4117 1029 4188 vestris,
1053 4129 1129 4190 quoe
1157 4113 1307 4175 militant
1331 4117 1367 4174 ic
1381 4115 1547 4174 membris
1563 4113 1691 4174 cestris

893 4214 976 4295 (Jac.
993 4210 1110 4292 1v,1)i

346 4219 513 4307 XXVIII
932 4311 1007 4374 Alia
1023 4310 1167 4388 patimur
1182 4325 1201 4370 a
1216 4309 1420 4386 propinquis
1437 4307 1602 4381 videlicet,
1617 4307 1688 4369 tra-

58 4416 97 4477 D*
117 4419 250 4480 FESTO
272 4417 559 4479 PLURIMORUM
584 4413 837 4476 MARTYRUM.
893 4411 1035 4472 ditiones
1049 4409 1119 4469 sire
1134 4407 1348 4484 proditiones.
1369 4406 1462 4468 Unde
1481 4405 1639 4467 Dominus
1654 4406 1689 4466 in

894 4509 957 4570 hoc
973 4505 1153 4582 Evangelio
1171 4527 1178 4564 ε
1196 4507 1393 4567 wudemiui
1407 4517 1429 4565 o
1441 4505 1644 4579 parentibus
1658 4504 1693 4565 ct

82 4615 164 4677 Crem
178 4613 364 4678 audieritis
382 4615 505 4688 praelia
519 4611 553 4674 et
566 4611 762 4681 seditiones,
778 4623 841 4670 no-
894 4606 1063 4680 irctrihus
1082 4604 1116 4665 et
1135 4603 1289 4677 capacis
1312 4603 1345 4663 et
1365 4603 1486 4663 amicis
1505 4599 1598 4678 (Luc.
1617 4616 1690 4673 xxi,

47 4711 97 4772 lite
110 4714 256 4775 terreri.
271 4711 411 4786 Oportet
423 4713 580 4787 primum
600 4713 662 4770 hoc
674 4710 766 4781 lieri,
782 4708 842 4769 sed
896 4702 1116 4782 16).Maxima
1129 4699 1271 4777 proditio
1285 4699 1335 4760 est
1346 4699 1477 4775 quando
1489 4698 1692 4775 propinquus

47 4814 192 4873 iteradum
206 4811 327 4872 statim
348 4811 430 4882 finis
444 4807 537 4888 (Luc.
553 4821 625 4879 xxi,
642 4804 688 4887 9).
896 4801 987 4864 laedit
1010 4799 1242 4877 propinquum,
1269 4797 1324 4857 cui
1348 4795 1444 4857 debet
1470 4793 1585 4857 contra
1608 4795 1693 4857 alios

82 4909 159 4970 Cum
182 4908 274 4971 dicat
291 4907 408 4970 beatus
422 4906 483 4971 Jeb
501 4927 508 4966 ε
524 4907 618 4968 Nihil
632 4907 669 4966 in
694 4903 791 4965 terro
804 4901 842 4974 pt
897 4899 1087 4961 ministrare
1100 4894 1275 4956 auxilium.
1698 4909 1700 4915 ’

47 5009 114 5068 stne
137 5021 246 5068 curma
272 5004 358 5086 (Joh.
374 5023 406 5079 u,
433 5003 480 5084 c),
508 5002 759 5079 intelligendum
781 4999 841 5068 est,
936 5000 1116 5059 Possumus
1130 4993 1241 5055 minen
1263 4991 1459 5053 haecomnia
1480 4991 1618 5068 mystice
1639 4990 1695 5051 in·

49 5105 127 5178 quod
142 5103 258 5167 omnia
274 5104 362 5165 mela
381 5119 454 5182 quae
470 5102 553 5164 hunt
572 5102 606 5162 in
622 5101 685 5162 hoc
708 5097 842 5170 mundo,
898 5093 1085 5173 terpretari.
1102 5092 1142 5153 Et
1161 5091 1221 5152 illa
1236 5090 1367 5169 quidem
1390 5104 1463 5167 quae
1486 5089 1632 5167 patimur
1653 5089 1693 5150 ab

48 5203 162 5276 preater
181 5201 366 5280 peccatum,
390 5205 458 5263 Deo
477 5199 691 5278 dispensante
711 5198 745 5259 et
763 5211 843 5274 per·
899 5191 1079 5261 extraneis,
1092 5188 1487 5266 significanttentationes
1496 5186 1692 5248 daemonum.

49 5299 194 5363 mittente
220 5299 414 5378 procedunt,
435 5298 489 5361 vel
504 5299 540 5360 ut
559 5297 639 5359 mali
652 5295 843 5374 puniantur,
899 5292 959 5354 Illa
975 5305 1048 5368 quae
1063 5289 1207 5368 patimur
1221 5303 1240 5348 a
1255 5285 1375 5348 vicinis
1397 5285 1619 5347 correctiones
1639 5301 1697 5372 an·

47 5398 95 5458 sol
119 5400 156 5461 ut
184 5397 265 5460 boni
288 5413 349 5476 per
373 5413 505 5475 poenam
529 5395 721 5474 probentur.
752 5392 846 5455 Unde
899 5389 1060 5467 gelorum,
1081 5386 1114 5450 et
1132 5387 1191 5447 illa
1215 5401 1289 5463 quae
1311 5384 1454 5461 patimur
1468 5398 1488 5443 a
1503 5383 1696 5460 propinquis

50 5497 219 5557 sciendum
233 5495 382 5574 estquod
395 5494 650 5557 aliasuntmala
665 5509 738 5571 quae
752 5491 846 5553 nohis
901 5486 1109 5565 deceptiones
1140 5483 1407 5546 christianorum.
1438 5482 1464 5540 h
1492 5479 1696 5541 daemonibus

49 5593 239 5656 inseruntur
260 5594 302 5656 ab
321 5593 502 5666 extraneis,
519 5591 587 5654 alia
602 5608 622 5653 a
636 5589 767 5663 vicinis,
779 5589 847 5650 alia
901 5585 1045 5665 patimur
1059 5582 1178 5661 praelia
1191 5580 1420 5651 tentationum,
1434 5577 1511 5654 quia
1522 5576 1698 5638 iicrrtdicit

50 5706 67 5751 a
82 5691 289 5772 propinquis,
315 5692 356 5754 ab
378 5692 548 5755 extraneis
563 5689 690 5769 praeha,
707 5687 794 5751 unde
813 5687 847 5750 in
901 5684 1017 5748 beatus
1033 5681 1213 5760 Gregorius
1232 5697 1239 5741 :
1256 5677 1398 5742 «Nullus
1414 5677 1448 5738 in
1464 5675 1527 5736 hac
1540 5673 1608 5736 vita
1617 5675 1696 5751 jus-
