3936 6318
77 327 126 390 31⁷
385 321 532 388 XXVIII.
547 322 647 388 -IN
669 325 799 389 FES'IO
821 327 1110 392 PLURIMORUM
1130 319 1384 396 hilarinum.
1656 337 1717 402 Dis

79 483 316 550 consumantur.
329 482 392 546 Sed
408 485 487 562 quia
501 484 628 548 certum
641 484 693 548 est
706 499 766 563 per
777 485 865 548 mala
918 485 1015 557 teret,
1031 487 1106 566 puris
1120 488 1224 552 Deum
1246 490 1401 554 derebus
1416 489 1572 556 humanis
1596 508 1716 563 curare

77 581 182 644 mundi
209 581 335 646 electos
360 581 506 660 probari,
536 582 611 646 ideo
637 582 718 646 dicit
738 583 863 646 David:
919 584 1123 649 credidisset.
1152 603 1182 648 a,
1196 588 1301 666 Igitur
1323 592 1412 653 Deus
1439 591 1600 669 permittit
1627 596 1715 660 mala

79 679 230 744 probasii
259 693 322 742 cor
358 695 477 742 meum
508 681 544 742 ct
583 681 735 744 visitasti
768 681 866 744 aiecio
918 683 1032 746 mundi
1049 683 1275 762 multiplicari,
1293 687 1329 750 ut
1343 690 1520 764 praesentia
1534 692 1622 754 mala
1648 691 1717 760 sint

80 777 138 858 (Ps.
161 778 211 852 16,
234 775 279 856 2).
297 779 322 840 Ο
341 779 441 851 Deus,
454 778 492 840 tu
506 777 655 855 probasti
675 793 733 840 cor
755 794 864 841 meum
917 781 1108 844 testimonia
1128 782 1234 845 divini
1244 783 1374 860 judicii.
1390 787 1484 860 Quia,
1502 789 1531 850 si
1548 789 1596 852 tot
1616 791 1715 854 malis

77 877 236 946 innecte,
265 874 362 948 idest,
391 875 427 938 in
455 873 683 939 tribulatione.
710 877 864 952 Legimus
917 877 1098 955 affligimur
1111 880 1147 942 in
1169 879 1233 942 hoc
1245 883 1367 944 mundo
1384 885 1565 948 secundum
1579 888 1716 950 miseri-

78 974 150 1054 quod
165 973 290 1052 triplex
303 974 355 1038 est
368 973 530 1051 probatio.
546 975 603 1036 Est
612 975 700 1037 enim
714 974 864 1052 probatio
920 976 1068 1038 cordiam
1082 978 1142 1040 Dei
1157 979 1433 1044 considerandum
1448 983 1499 1044 est
1513 983 1631 1061 quihus
1642 1002 1715 1048 ma-

77 1072 279 1151 perficientis,
321 1072 536 1150 experientis
576 1074 609 1137 et
642 1072 862 1136 adversantis.
918 1074 960 1135 lis
974 1075 1167 1152 affligantur
1181 1077 1239 1154 qui
1261 1078 1441 1154 punientur
1460 1080 1496 1142 in
1517 1081 1568 1143 ira
1581 1083 1712 1160 judicii.
1808 1073 1811 1080 ’

78 1171 179 1232 Prima
193 1169 264 1243 Dei,
281 1169 427 1232 secunda
440 1170 596 1243 hominis,
613 1170 711 1234 tertia
721 1170 862 1232 inimici,
918 1172 1011 1236 Unde
1027 1173 1227 1251 Gregorius:
1240 1191 1260 1236 o
1274 1176 1378 1238 Multa
1393 1177 1481 1240 mala
1493 1178 1614 1242 debent
1627 1196 1716 1259 prae-

77 1270 176 1332 Prima
189 1269 232 1332 ad
246 1267 477 1340 salvationem,
499 1269 644 1330 secunda
658 1270 700 1331 ad
719 1269 865 1332 instruo-
917 1286 1063 1344 currere,
1080 1273 1117 1336 ut
1141 1273 1265 1336 malum
1286 1274 1419 1338 valeant
1441 1275 1514 1338 sina
1536 1277 1600 1340 line
1626 1295 1716 1342 nun-

77 1367 199 1440 tionem,
227 1366 326 1430 tertia
352 1366 395 1430 ad
411 1365 716 1444 reprehensionem.
737 1370 864 1430 secun-
916 1367 1013 1430 tiare.
1039 1385 1057 1430 ›
1083 1369 1123 1434 nt
1145 1370 1210 1432 hoc
1235 1372 1397 1449 estquod
1423 1372 1505 1436 dicit
1529 1376 1713 1440 Dominusc

76 1465 140 1526 dum
164 1464 307 1543 primam
326 1464 359 1527 et
384 1464 575 1538 secundam,
601 1465 754 1541 probauit
777 1467 862 1528 Deus
917 1467 1057 1542 Oportet
1081 1471 1239 1543 primum
1262 1474 1334 1532 liceo
1357 1469 1448 1544 lteri,
1473 1475 1534 1534 sed
1560 1477 1715 1538 ooodiom

75 1563 232 1624 Abraham
261 1562 459 1640 praecipiens
474 1561 519 1632 ei,
541 1562 578 1626 ut
599 1563 722 1624 Filium
740 1563 862 1624 immo·
915 1563 1319 1645 stutimfinis(Luc.xx1,
1335 1566 1380 1647 9).
1395 1567 1571 1647 Sequltur:
1586 1572 1715 1650 Surget

75 1661 158 1722 laret.
178 1659 337 1722 Probavit
357 1659 458 1722 etiam
473 1660 606 1722 sanctos
627 1674 705 1721 suos
719 1659 862 1723 utillum
915 1676 999 1738 pens
1013 1663 1136 1726 contra
1155 1666 1294 1741 pestem
1315 1663 1446 1745 (Matth.
1467 1683 1561 1741 xxm,
1577 1667 1624 1748 7).
1639 1671 1714 1733 No-

75 1757 300 1834 glorificarent
329 1758 516 1821 secundum
537 1758 671 1822 tertiam
689 1757 861 1836 probatio-
915 1758 1051 1822 tandum
1062 1761 1148 1838 quod
1162 1762 1265 1824 multa
1277 1763 1365 1825 mala
1380 1764 1546 1841 praedixit,
1558 1765 1717 1831 videlicet

75 1872 139 1918 nem
167 1855 288 1932 probat
314 1855 528 1920 adversarius
559 1871 619 1934 per
645 1855 861 1920 tentationem
915 1855 1003 1921 bella
1026 1857 1068 1922 ab
1083 1859 1285 1933 nominituo,
1300 1860 1534 1926 subversiones
1557 1863 1591 1926 in
1613 1866 1714 1930 terrie

74 1953 346 2032 utreprehendut.
373 1955 429 2018 Sic
444 1954 534 2016 enim
554 1954 689 2034 quidam
706 1953 860 2018 tentam-
915 1956 1069 2027 motibus,
1090 1958 1298 2034 pestilentias
1320 1960 1357 2022 in
1382 1961 1587 2039 corporibus,
1609 1961 1713 2026 tames

72 2052 141 2114 nint
158 2054 275 2115 Jesum
294 2051 443 2116 wdicentes
458 2068 465 2114 :
479 2053 660 2129 negator,
684 2051 762 2114 iicet
781 2066 863 2114 oeu—
916 2054 1054 2118 aterrae
1079 2053 1241 2118 fructibus
1269 2056 1507 2132 deficientibus,
1534 2061 1714 2126 terroresa

73 2165 141 2212 som
157 2153 253 2214 ciero
271 2153 413 2222 Caesrii't',
440 2165 488 2212 oo
504 2152 601 2212 noni
617 2148 747 2226 (Matth.
774 2165 859 2217 1111.
918 2150 1023 2227 signis
1043 2151 1347 2216 coelestibusssella
1361 2154 1402 2217 ab
1419 2156 1621 2232 hominibus,
1638 2174 1713 2222 cum

73 2245 129 2327 li).
142 2247 269 2322 Quibus
281 2247 461 2310 Dominus:
478 2249 628 2314 dommo
641 2247 862 2321 tentatisiig-
915 2247 1018 2312 dixit:
1038 2252 1166 2328 Surget
1187 2265 1272 2327 oeus
1295 2254 1418 2316 contro
1430 2255 1578 2330 gentem,
1595 2257 1630 2319 ct
1648 2273 1713 2320 ro-

70 2347 230 2420 pocritcat
913 2361 1021 2423 gnum
1043 2351 1211 2410 woerszis
1237 2363 1396 2425 regnum.
1409 2350 1486 2412 Ideo
1506 2353 1618 2415 autem
1633 2369 1713 2430 per·

101 2443 531 2522 Sequiturzetvisitastime,
539 2442 634 2515 idest,
642 2441 861 2519 inspiratione
915 2443 1057 2506 mittitur
1069 2459 1152 2521 gens
1167 2446 1427 2523 contragentem
1440 2463 1589 2525 surgere,
1602 2450 1714 2514 utho-

72 2543 121 2603 lua
132 2541 323 2604 consolatus
337 2557 374 2603 es
387 2557 450 2606 me.
465 2541 613 2614 Quattuor
624 2539 730 2604 modis
750 2539 862 2602 visitat
915 2540 1021 2603 mines
1037 2542 1094 2619 qui
1118 2542 1236 2605 nolunt
1259 2559 1335 2604 cum
1349 2546 1416 2606 Deo
1436 2544 1559 2608 habere
1571 2548 1710 2623 partem,

72 2640 173 2701 oriens
188 2655 234 2702 ex
257 2640 324 2702 alto
339 2638 616 2718 quoslibetjustos
633 2659 640 2699 :
657 2638 861 2702 exhibitione
915 2640 1098 2717 puniantur
1111 2656 1131 2704 a
1142 2641 1328 2719 semetipsis
1342 2643 1456 2704 mutua
1470 2643 1613 2718 actione,
1626 2647 1714 2710 siout

71 2737 233 2816 pracepit,
253 2737 433 2814 asperitate
447 2737 610 2814 martyrii,
631 2737 778 2799 novitate
793 2737 860 2800 mi·
915 2737 1001 2802 dixit
1013 2739 1324 2813 Davidzouousque
1337 2741 1478 2804 irruitis
1491 2745 1529 2804 io
1542 2746 1709 2817 tornines,

70 2835 233 2908 monitat
252 2835 471 2913 Inspiratione
493 2833 616 2897 subtili.
641 2835 862 2898 Eaiiioitiooc
915 2834 1428 2916 interficitisuoioerstoosffs.
1440 2837 1545 2918 tihi).
1559 2840 1713 2919 seipsum

68 2934 226 3009 pracepit
249 2933 292 2996 ad
324 2932 554 3004 erudiendum,
584 2933 662 3010 quia
688 2932 862 3011 praeoeptis
916 2931 1074 2996 interficit
1086 2932 1123 2996 in
1137 2933 1249 2994 anima
1264 2933 1321 3012 qui
1334 2933 1437 2995 alium
1448 2934 1482 2996 in
1497 2951 1609 2998 carne.

71 3031 246 3094 erudimur.
260 3031 458 3107 asperitate
469 3032 634 3105 marturii
646 3029 687 3091 ad
699 3045 864 3094 coronan-
957 3029 1196 3092 subversiones
1210 3046 1230 3094 a
1248 3030 1347 3094 terrae
1362 3031 1516 3106 motibus,
1533 3034 1611 3112 quia
1626 3035 1715 3099 sicut

71 3127 149 3201 dum,
185 3129 268 3207 quia
286 3129 463 3207 martyrio
499 3143 657 3194 coronam
684 3143 861 3192 meremur.
916 3127 997 3190 dicit
1022 3127 1140 3191 beatus
1162 3128 1363 3205 Gregorius:
1379 3130 1606 3195 «Audivimus
1626 3133 1712 3211 quod

70 3228 228 3290 Nuntiate
253 3229 426 3295 miraculi,
449 3227 485 3288 ut
510 3225 651 3290 tirmiter
673 3225 861 3290 astruamus
915 3227 1013 3288 terrae
1028 3225 1247 3288 motusurbes
1260 3227 1454 3290 innumeras
1469 3228 1715 3296 subruatNon·

69 3324 97 3385 et
114 3324 255 3387 firmiter
276 3323 460 3386 credamus.
481 3323 716 3399 imparatione
735 3323 860 3396 subtiii,
915 3324 1017 3386 nullae
1044 3325 1145 3387 etiam
1171 3325 1323 3388 ciuitates
1347 3327 1380 3388 et
1408 3326 1528 3404 oppida
1553 3329 1589 3390 in
1617 3329 1712 3394 lacus

69 3423 100 3484 ut
107 3426 197 3500 justa
221 3423 255 3485 et
269 3422 322 3500 pie
340 3421 382 3484 de
401 3423 469 3484 Deo
494 3421 688 3484 sentiamus.
711 3420 862 3498 Inspira—
916 3435 1077 3482 conversa
1092 3420 1178 3484 sunt.
1199 3420 1273 3484 »ni
1295 3421 1358 3484 hoc
1377 3423 1468 3499 justo
1487 3423 1551 3485 Dei
1570 3424 1711 3503 judicio,

69 3521 150 3584 tione
165 3522 271 3585 etiam
286 3519 400 3583 subtili
414 3520 573 3582 Dominus
593 3518 738 3596 quotidie
750 3518 863 3582 visitat
916 3519 952 3580 ut
966 3518 1117 3581 homines
1138 3519 1196 3597 qui
1217 3518 1423 3584 delectantur
1436 3520 1471 3582 in
1485 3521 1640 3596 terrenis,
1650 3541 1715 3601 pu·-

69 3617 174 3682 fideles
184 3634 279 3688 suos,
289 3617 326 3681 ut
334 3616 540 3695 postmodum
555 3615 672 3692 probet
685 3631 753 3678 eos.
768 3615 862 3679 Unde
915 3617 1052 3678 niantur
1074 3631 1133 3694 per
1151 3619 1251 3682 terrae
1273 3618 1392 3689 motus,
1413 3619 1447 3680 et
1467 3619 1568 3682 etlam
1582 3619 1713 3684 discant

68 3715 205 3794 legitur:
229 3717 355 3778 Visitus
366 3717 684 3785 bomioesdiiucuio,
698 3714 733 3775 ct
752 3714 863 3794 sistito
916 3714 1000 3775 nihil
1024 3729 1098 3776 esse
1124 3713 1243 3776 stabile
1262 3715 1297 3775 in
1320 3714 1385 3776 hoc
1405 3715 1540 3788 mundo,
1561 3730 1638 3778 cum
1659 3717 1714 3780 vi-

67 3813 407 3894 probaeos(.lob.v11,
426 3811 491 3892 18).
508 3812 620 3874 Primo
641 3810 861 3872 hominesui·
915 3811 1015 3874 deant
1041 3811 1142 3873 etiem
1167 3813 1291 3873 terram
1323 3809 1450 3872 subrui.
1477 3812 1569 3874 Unde
1594 3812 1713 3877 beatus

68 3912 136 3976 sitat
149 3929 215 3992 per
229 3911 342 3974 carnis
356 3909 627 3988 assumptionem,
644 3907 809 3980 videlicet,
825 3908 861 3968 in
913 3908 1140 3985 Augustinus:
1157 3925 1175 3968 o
1197 3907 1281 3980 Quid
1296 3908 1449 3989 ponimus
1475 3925 1533 3972 cor
1551 3910 1586 3972 in
1607 3912 1710 3987 terra,

68 4011 303 4089 ooncepti0n03
334 4007 479 4072 secundo
503 4022 563 4084 por
587 4005 679 4068 uocis
707 4003 861 4068 humanae
915 4023 990 4070 cum
1004 4005 1175 4068 videamus
1190 4005 1592 4083 quiaevertiturterral»

66 4109 303 4172 correctionem
324 4106 360 4168 in
384 4104 643 4183 praedicatione3
672 4103 782 4176 tertio,
803 4117 862 4182 per
955 4102 1167 4166 Pestilentias
1192 4102 1227 4164 in
1250 4103 1455 4180 corporibus,
1472 4105 1550 4182 quia
1574 4106 1712 4184 dignum

66 4205 397 4280 maliascollaiionem
408 4201 697 4280 injusnncanone.
709 4200 860 4263 Diluculo
915 4200 965 4264 est
990 4200 1026 4262 ut
1046 4198 1197 4266 homines
1221 4199 1278 4277 qni
1305 4199 1443 4276 diligere
1465 4202 1617 4265 nesciunt
1643 4203 1714 4268 nisi

66 4320 189 4384 quoque
213 4303 375 4366 Dominus
386 4300 511 4370 visitat,
527 4315 602 4362 oum
615 4299 739 4362 erroris
757 4297 862 4362 nostri
915 4313 1055 4376 corpora
1076 4313 1147 4370 sua,
1163 4298 1325 4360 feriantur
1339 4298 1448 4361 subita
1461 4300 1661 4377 pestilentia,
1673 4302 1710 4364 in

65 4402 215 4466 tenebras
232 4417 304 4464 suae
317 4400 401 4465 lucis
417 4397 606 4476 cognitione
619 4397 775 4462 illustrat.
792 4399 862 4460 Hoc
915 4412 980 4474 qua
1003 4394 1171 4457 nilvaleat
1194 4395 1371 4458 medicina.
1386 4397 1480 4458 Unde
1505 4399 1709 4476 Gregorius:

65 4502 153 4564 modo
186 4499 343 4564 visitavit
372 4497 490 4560 Daniel
521 4499 707 4560 Susannam
737 4495 862 4572 injuste
915 4493 1164 4557 «Pestilentias
1191 4493 1264 4556 siue
1292 4493 1479 4556 cessatione
1511 4495 1656 4572 patimur
1679 4514 1708 4558 o.

66 4597 264 4666 damnatam.
290 4596 422 4675 quando
445 4611 466 4657 a
486 4595 604 4657 mortis
624 4587 773 4674 p'ericulo
787 4607 862 4656 eam
915 4593 1033 4654 Fames
1047 4591 1178 4654 aterrae
1192 4589 1353 4654 fructibus
1368 4591 1614 4668 deficientibus3
1631 4595 1711 4671 quia

64 4695 217 4762 liberauit
236 4697 335 4774 juxta
362 4693 538 4758 consilium
563 4691 730 4769 Sapientis
744 4706 752 4752 :
765 4694 862 4754 Diuo
915 4689 1051 4766 dignum
1079 4688 1130 4750 est
1162 4687 1199 4749 ut
1225 4687 1377 4750 homines
1408 4688 1464 4766 qui
1494 4690 1711 4756 contemnunt

65 4808 114 4856 cos
127 4799 189 4871 qui
203 4793 380 4859 ducuntur
398 4795 444 4855 od
463 4792 622 4862 itiorieiii,
651 4789 685 4852 et
707 4791 766 4864 oui
787 4789 863 4852 tro·
915 4789 1019 4850 Deum
1033 4787 1168 4865 propter
1192 4786 1407 4848 voracitatem
1436 4801 1506 4848 suae
1525 4787 1624 4864 gulae,
1650 4805 1714 4866 pu·

64 4895 190 4957 huntur
214 4895 264 4954 ad
289 4892 495 4966 suppliciam
522 4891 670 4952 liberare
688 4901 732 4950 oe
750 4901 862 4949 cesses
915 4886 1051 4948 utantur
1064 4883 1162 4948 iamIs
1181 4882 1371 4946 afflictione.
1390 4883 1483 4947 Unde
1502 4884 1634 4949 dicebat
1654 4890 1713 4952 Je-

65 4988 170 5067 (va,
184 5005 287 5062 mv,
304 4984 369 5067 11).
541 4993 546 5003 ’
915 4983 1038 5046 nemias
1055 5004 1063 5044 :
1080 4984 1203 5046 Melias
1226 4981 1294 5057 suit
1317 4985 1440 5046 occisis
1459 4986 1583 5060 amilio,
1609 5000 1714 5060 quoia

97 5087 257 5152 Diluculo
286 5083 402 5147 visitat
429 5083 463 5146 et
486 5082 594 5146 subito
621 5081 753 5160 prohat,
782 5081 861 5159 quia
916 5081 1107 5156 intersectis
1120 5081 1213 5155 some
1227 5077 1364 5158 (Thren.
1381 5095 1425 5152 nv,
1444 5079 1490 5160 9).
1507 5082 1667 5146 Terrores
1687 5101 1710 5148 a

64 5185 156 5249 etlam
179 5182 397 5250 accendendo
412 5181 512 5244 corda
537 5181 651 5244 nostra
666 5179 708 5241 ad
722 5179 862 5242 uirtutes
916 5179 1022 5256 signis
1037 5176 1242 5252 ooelestibus3
1259 5177 1338 5254 quia
1352 5177 1488 5254 dignum
1502 5180 1553 5242 est
1565 5182 1602 5243 ut
1611 5181 1716 5246 homi·

1 5291 2 5338 3
64 5285 227 5359 prouehit,
244 5284 277 5346 et
295 5278 481 5346 recedendo
503 5278 661 5342 conlundi
679 5277 863 5340 tentatione
916 5293 975 5340 nes
990 5277 1048 5354 qui
1071 5275 1189 5340 nolunt
1209 5277 1313 5338 Deum
1332 5275 1462 5350 timere,
1478 5278 1535 5354 qui
1559 5278 1651 5344 dedit
1664 5281 1714 5344 eis

1 5375 2 5430 l
64 5383 235 5460 permittit,
252 5382 285 5444 et
311 5380 384 5444 haec
405 5377 457 5440 est
475 5377 613 5440 mutatio
633 5376 780 5440 dexterae
797 5377 864 5438 Ex·
917 5374 1079 5455 praeclara
1097 5374 1277 5436 luminaria
1297 5373 1339 5436 ad
1360 5375 1550 5449 servitium,
1574 5377 1715 5443 timeant

64 5483 150 5544 celsi.
174 5483 235 5545 Act
254 5479 484 5543 ostensionem
501 5479 701 5538 divinorum
714 5477 865 5548 judicio·
918 5473 1136 5549 eumasignis
1149 5472 1456 5551 coeliquaeveniunt
1468 5475 1591 5550 praeter
1603 5493 1711 5540 usum.

64 5595 155 5654 mom,
182 5577 267 5658 quia
293 5576 381 5640 sicut
403 5575 483 5638 dicit
510 5573 626 5637 beatus
655 5572 862 5649 Gregorius:
919 5571 1012 5635 Unde
1027 5570 1186 5633 Dominus
1199 5571 1236 5632 in
1251 5570 1430 5646 Evangelio
1448 5591 1456 5632 ε
1473 5573 1592 5634 Erunt
1612 5578 1714 5652 sipon
1835 5616 1840 5626 .

63 5679 124 5740 «Si
139 5682 237 5741 Deus
250 5674 342 5740 nulla
357 5673 445 5752 mala
460 5673 496 5736 in
510 5671 574 5736 hoc
589 5670 711 5736 mundo
727 5670 866 5748 permii-
918 5674 955 5734 in
967 5675 1036 5734 soie
1046 5669 1172 5734 siluno
1186 5670 1220 5733 ct
1231 5668 1337 5736 stoue
1352 5667 1446 5746 (Luc.
1461 5683 1533 5744 xxi,
1550 5669 1613 5750 15).
