4014 6312
87 316 142 376 337
713 310 943 376 EPISTOLAE.
966 311 1045 373 LIB.
1069 313 1095 373 1.
1670 315 1731 378 338

85 488 205 546 marca,
222 487 305 550 quas
318 471 605 549 Sedihpostolicae
619 471 805 537 liberaliter
819 473 879 537 ob-
931 471 1025 535 vobis
1052 473 1086 536 et
1110 489 1242 551 perros
1267 473 1374 537 eidem
1398 475 1600 538 monasterio
1616 475 1727 540 vestro

84 571 215 644 tulistis,
253 570 339 633 sicut
374 571 410 632 in
446 571 594 648 ejusdem
621 572 877 649 praedecessoris
932 571 1329 650 auctoritatehpostolica
1344 574 1634 648 confirmamus,et
1647 591 1728 653 prae-

86 669 188 731 nostri
208 670 338 745 regesto
360 670 510 732 noscitur
524 671 698 740 contineri,
721 671 816 734 nobis
838 688 877 734 ac
932 670 1035 732 sentis
1050 670 1165 746 scripti
1178 671 1362 748 patrocinio
1377 673 1630 734 communimus.
1645 676 1729 750 Spe-

86 770 328 832 successorihus
342 771 466 832 nostris
482 771 623 847 singulis
635 771 732 832 annis
745 772 780 832 in
793 771 876 833 festo
932 769 1062 831 cialiter
1084 768 1273 831 inhibentes
1296 786 1339 831 ne
1357 772 1430 849 quis
1445 788 1465 833 a
1483 771 1576 834 vobis
1591 771 1645 834 vel
1666 773 1730 834 ho-

85 869 336 930 resnrrectionis
358 869 539 950 Dominicae
554 869 761 948 persolvetis.
784 870 878 931 Nulli
931 867 1076 929 minibus
1099 867 1218 930 vestris
1245 868 1284 930 de
1308 868 1455 947 piscibus
1478 886 1560 947 quos
1582 870 1727 948 propriis

85 983 171 1043 erge,
188 968 264 1039 etc,
286 967 407 1028 nostrae
426 967 653 1045 protectionis,
672 969 734 1032 etc.
753 968 877 1047 Siquis
932 965 1085 1028 manibus
1099 967 1157 1028 aut
1169 965 1354 1044 sumptibus
1370 967 1499 1044 capitis
1515 969 1570 1030 vel
1582 967 1622 1030 de
1637 967 1729 1030 navi-

84 1068 201 1137 autem,
219 1065 280 1128 etc.
933 1064 1017 1125 culis
1026 1065 1160 1138 vestris,
1170 1065 1316 1126 decimas
1324 1067 1459 1142 exigere
1469 1065 1521 1130 vel
1530 1068 1728 1144 extorquere

119 1163 237 1224 Datum
267 1163 440 1239 Laterani,
470 1168 530 1228 XV
557 1165 719 1228 kalendas
748 1166 875 1245 aprilis,
931 1162 1120 1240 praesumat.
1142 1163 1333 1225 inhibemus
1347 1163 1484 1241 insuper
1500 1179 1542 1226 ne
1555 1163 1628 1241 quis
1640 1163 1728 1226 inira

84 1257 289 1336 pontificatus
302 1259 408 1322 nostri
420 1275 508 1324 anno
521 1261 640 1338 primo.
932 1260 1025 1337 septa
1046 1260 1240 1324 monasterii
1261 1261 1363 1324 vestri
1378 1261 1430 1323 vel
1451 1261 1726 1334 coemeteriorum,

932 1374 992 1421 seu
1005 1358 1221 1436 grangiarum
1236 1358 1354 1437 ipsius,
1371 1358 1522 1436 rapinam
1537 1358 1590 1420 vel
1604 1357 1728 1419 lurtum

390 1467 589 1555 GCLXXV
933 1456 1147 1530 committere,
1181 1457 1293 1534 ignem
1323 1472 1500 1535 apponere,
1531 1455 1729 1531 sanguinem

932 1554 1082 1628 fundere,
1105 1555 1274 1617 hominem
1287 1556 1411 1618 temere
1428 1570 1558 1633 capere,
1579 1569 1638 1614 seu
1655 1552 1729 1614 vio-

86 1639 133 1698 Ad
158 1639 316 1700 abbatem
340 1639 374 1700 θί
401 1639 608 1701 willemum
634 1641 670 1701 S·
691 1641 811 1702 Crucis
837 1643 878 1702 de
931 1652 1069 1715 lentiam
1081 1654 1227 1731 aliquam
1238 1652 1359 1715 audeat
1369 1669 1537 1715 exercere.
1549 1651 1728 1725 Nulliergo

118 1737 581 1810 castropceucmcmoruoas
592 1739 626 1799 S·
638 1739 825 1815 ,tripartiae
841 1741 878 1800 tn
932 1753 1066 1814 omnino
1081 1751 1252 1814 homiuum
1266 1751 1367 1813 liceat
1379 1753 1467 1813 hanc
1478 1751 1634 1828 paginam
1649 1765 1729 1809 nos-

121 1834 247 1895 30052'0·
933 1846 1725 1923 traeconilrmationisetinhihitionisinfringere,

362 1930 398 1988 ²⁰
409 1937 491 1988 miff-
514 1932 593 1990 ¹²¹⁷·
931 1950 984 2013 rel
1000 1947 1031 2011 ei
1044 1965 1128 2010 ausu
1139 1949 1317 2011 temerario
1333 1946 1509 2009 contraire.
1526 1945 1647 2023 Siquis
1662 1960 1728 2005 au-

140 2061 227 2124 [iiber
240 2067 369 2114 canamus
381 2063 478 2114 Sancte
489 2063 584 2126 erneis,
602 2080 629 2130 p.
645 2064 699 2125 let,
712 2077 741 2116 nl
753 2067 814 2132 lo,].
931 2048 998 2111 tem
1009 2047 1071 2109 hoc
1084 2047 1247 2109 attentare
1262 2041 1728 2124 praesumpserit,indignatio-

931 2162 1007 2207 nem
1024 2145 1258 2223 omnipotentis
1277 2144 1337 2206 Dei
1352 2143 1384 2205 et
1402 2141 1577 2204 beatorum
1592 2139 1683 2202 Petri
1696 2138 1729 2199 et

932 2244 1028 2306 Pauli
1042 2244 1274 2321 Apostolorum
1287 2245 1315 2320 ej
1321 2259 1359 2304 us
1374 2257 1409 2303 se
1422 2239 1552 2302 noverit
1566 2239 1726 2299 incursu-

931 2358 1015 2404 rum.
1032 2343 1105 2404 Dat.
1123 2344 1194 2404 Lat.
1212 2340 1369 2403 Xlllkal.
1385 2338 1495 2417 april,
1517 2335 1728 2415 pontificatus

118 2440 285 2502 Honorius
295 2441 483 2519 episcopus,
495 2458 791 2506 serrusservorum
803 2445 874 2519 Dei,
932 2441 1038 2503 nostri
1053 2457 1140 2503 anno
1153 2440 1271 2518 primo.

85 2537 207 2599 dilectis
226 2539 307 2600 tiliis
328 2539 439 2602 abbati
459 2542 492 2602 et
509 2543 687 2604 conventui
710 2545 743 2604 S.
762 2543 876 2606 Crucis

84 2634 119 2694 de
136 2636 247 2696 castro
267 2635 453 2713 puellarum
473 2636 600 2698 ordinis
624 2640 657 2699 S.
685 2639 874 2716 Augustini,

84 2731 217 2794 salutem
232 2732 266 2794 et
280 2733 502 2810 Apostolicam
517 2735 793 2798 benedictionem.
1212 2700 1432 2788 GCLXXVI

119 2831 339 2892 sacrosancta
361 2835 511 2894 Romana
530 2834 678 2896 Ecclesia
694 2835 829 2898 devotos
844 2837 877 2899 et

84 2926 220 2990 humiles
233 2928 320 2990 lilios
333 2945 376 2991 ex
385 2932 529 2994 assuetae
540 2932 672 3009 pietatis
683 2931 792 2994 cilicio
804 2950 878 3010 pro·
1049 2937 1102 2997 Ad
1116 2937 1312 3011 episcopum
1329 2936 1605 2996 llaclovtensem.

84 3026 213 3101 pensius
228 3026 368 3104 diligere
385 3029 568 3102 consuerit,
584 3030 627 3103 et,
642 3047 684 3092 ne
698 3046 876 3108 pravorum

83 3122 248 3186 hominum
265 3125 428 3188 molestiis
443 3127 611 3203 agitentur
626 3143 694 3200 eos,
708 3129 877 3207 tamquam
1214 3139 1249 3196 20
1263 3144 1345 3196 mart.
1364 3138 1443 3196 lali.

84 3220 132 3296 pia
144 3221 264 3296 mater,
283 3239 351 3285 suae
369 3224 582 3301 protectionis
598 3226 781 3288 munimine
796 3243 879 3289 con-

83 3317 199 3382 tovere.
226 3323 424 3399 Eapropter,
446 3321 557 3386 dilecti
580 3323 617 3385 in
639 3325 779 3388 Domino
802 3326 874 3398 tilii,

80 3419 173 3492 jusus
217 3419 495 3496 p⁰st¹¹lat¹⁰mbus
538 3421 633 3497 gram
675 3438 879 3486 commen*
930 3473 1047 3532 Mandat
1082 3480 1113 3529 ut
1148 3470 1291 3543 permittat
1324 3469 1494 3537 Ruellanus,
1516 3481 1624 3540 pauper
1652 3480 1728 3539 pres·

82 3515 126 3623 tes
143 3532 296 3627 assensu,
323 3533 484 3628 ‚pefsfflffiff
503 3519 685 3631 Vestr³⁵‚⁰t
704 3522 877 3633 m⁰¹¹ff¹⁸tef
964 3559 1056 3634 bpter,
1074 3559 1102 3616 in
1121 3558 1238 3616 dioecesi
1259 3556 1444 3616 llacloviensi
1462 3554 1551 3612 libere
1565 3554 1728 3611 ministrare

84 3627 163 3674 imm
174 3631 212 3675 1n
223 3631 288 3690 ‘11¹⁰
298 3614 411 3676 divino
422 3616 502 3677 OSUS
513 3615 672 3695 obseqruo
683 3619 874 3696 masssslpatls
966 3647 1065 3722 possit,
1082 3648 1149 3705 licet
1170 3663 1185 3704 a
1208 3646 1356 3705 Larlneusi
1372 3645 1507 3716 episcopo
1529 3644 1558 3699 in
1578 3640 1727 3698 subdiaco-

82 3725 149 3771 cum
158 3712 316 3773 Omnibus
329 3728 402 3790 (1¹1ae
412 3713 713 3790 ifflPI'aeSffltiafflm
726 3717 877 3779 1'350113·
906 3773 907 3780 ,
965 3753 1034 3795 num
1045 3743 1073 3793 et
1086 3733 1190 3793 deinde
1203 3733 1346 3808 gradatim
1361 3734 1390 3790 in
1403 3730 1600 3806 presbytemm
1613 3723 1726 3804 pro'mo·

81 3801 188 3868 biliter
199 3807 390 3883 possidetis,
405 3809 462 3870 aut
476 3807 672 3891 infuturum
683 3811 784 3888 Justis
799 3828 875 3874 mo·
965 3835 1011 3885 rus
1025 3825 1117 3884 luerit.

81 3901 126 3962 dis
137 3905 320 3982 praestanie
334 3904 474 3967 Domino
489 3906 640 3983 poteritis
649 3907 801 3986 adipisci,
815 3909 875 3970 sub
1623 3934 1625 3938 ·

81 3997 162 4063 beati
178 4003 268 4064 Petri
280 4003 312 4064 et
323 4004 436 4065 nostra
448 4004 653 4080 protectione
664 4007 873 4083 suscipimus.
969 3997 1147 4070 Honorius,
1166 3996 1242 4064 etc,
1259 3992 1443 4056 venerabili
1459 3991 1554 4054 statii
1572 3989 1727 4068 episcopo

82 4099 275 4174 Specialiter
288 4101 400 4162 autem
414 4100 558 4162 insulem
573 4101 608 4163 in
624 4103 784 4178 Galweia,
802 4121 875 4183 quae
929 4095 1127 4187 Maelovien·

81 4195 198 4258 dicitur
222 4197 413 4270 lnchetrail,
437 4215 511 4260 cum
535 4201 698 4274 ecclesiis,
724 4203 873 4279 capellis,
970 4192 1173 4255 Constitutus
1194 4190 1229 4251 in
1253 4189 1433 4268 praessentia
1455 4188 1570 4250 1108i1‘a
1585 4185 1726 4248 dilectus

80 4295 188 4366 terris,
203 4295 348 4371 pascuis
367 4296 532 4372 piscariis,
550 4297 779 4359 elbonisaliis
794 4315 875 4377 per·
930 4291 1019 4352 filius
1045 4287 1243 4362 Rhenanus,
1275 4303 1402 4365 paule?
1427 4284 1610 4364 Presbyter,
1640 4283 1728 4346 lator

81 4389 260 4454 liuentibus
275 4392 316 4454 ad
330 4395 496 4470 eamdem3
513 4395 643 4476 vastum
656 4396 742 4474 quod
755 4396 877 4459 dicitur
930 4389 1154 4466 tumentium,
1176 4387 1243 4448 tuae
1264 4385 1428 4456 dioecesis,
1446 4384 1541 4445 nobis
1556 4381 1727 4444 humihter

82 4488 221 4563 Okellas,
241 4491 274 4552 et
292 4505 394 4552 unam
409 4492 618 4553 carrucatam
632 4494 732 4555 terrae
747 4493 783 4554 in
797 4494 878 4555 Dal·
930 4484 1143 4565 supplicavit,
1170 4485 1207 4546 ut
1231 4500 1332 4562 quum
1364 4499 1385 4543 a
1412 4479 1595 4544 venerabili
1623 4478 1727 4541 lratre

80 4600 215 4664 remea
231 4587 457 4650 molendinum
476 4605 579 4650 unum
597 4589 632 4652 in
650 4590 790 4665 hinton,
801 4609 876 4654 cum
931 4585 1045 4646 nostro
1061 4582 1217 4645 Larinen·
1234 4581 1400 4658 episeopo,
1416 4580 1450 4640 te
1464 4577 1582 4649 inscio,
1596 4577 1632 4637 in
1647 4573 1727 4636 sub-

82 4685 229 4747 omnibus
248 4685 386 4750 decimis
409 4703 481 4764 quae
498 4688 698 4764 proveniunt
712 4689 753 4750 de
766 4690 877 4752 domi·
931 4682 1116 4754 diaconum,
1137 4679 1170 4742 θῒ
1184 4677 1303 4740 deinde
1321 4675 1486 4752 gradatim
1504 4675 1539 4735 in
1554 4672 1727 4751 Presbyte-

81 4781 131 4843 nio
157 4785 245 4860 ragis
271 4785 311 4846 de
336 4783 517 4860 Pentland;
544 4801 645 4847 unam
667 4787 876 4850 carrucatam
929 4796 1003 4841 rum
1032 4778 1075 4841 sit
1099 4775 1279 4855 promotus,
1315 4789 1414 4850 super
1449 4771 1644 4833 executione
1673 4771 1726 4831 sui

80 4881 745 4958 terraeinTaweflda3redditumdimidiae
754 4901 876 4947 marces
930 4876 1032 4939 officii
1065 4875 1278 4952 dignaremur
1314 4887 1427 4933 secum
1463 4869 1727 4932 miseriOOPdstffl‘

80 4975 112 5036 in
142 4979 331 5040 molendino
360 4979 400 5040 de
425 4980 672 5056 Alstaneslord3
704 4982 875 5044 dimidiam
930 4975 1133 5051 dispensare.
1159 4972 1252 5033 Illius
1272 4970 1375 5046 igitur
1395 4969 1503 5030 vicem
1524 4966 1676 5044 gerentes
1690 4966 1726 5026 in

83 5076 284 5138 carracutam
299 5076 398 5140 terrae
418 5076 453 5136 in
469 5077 604 5153 Nodril;
627 5077 759 5139 domum
775 5095 875 5140 unam
929 5072 1039 5144 terris,
1057 5073 1150 5147 cujus
1163 5069 1394 5130 miserationes
1410 5081 1510 5143 super
1524 5065 1636 5126 omnia
1649 5064 1727 5124 sunt

85 5170 117 5231 in
133 5172 323 5235 Suberewic
346 5190 445 5250 super
460 5173 551 5236 lenes
571 5191 646 5236 cum
661 5174 790 5236 duabus
811 5175 874 5238 bo·
930 5170 1045 5248 ipsius,
1055 5166 1329 5230 fraternitatituae
1339 5162 1593 5242 perhpostolica
1602 5161 1725 5237 scripta

84 5269 278 5333 natisterrae
303 5272 338 5332 in
359 5272 499 5348 Gorgin3
525 5272 736 5335 medietatem
760 5273 875 5350 portus
931 5267 1135 5338 mandamus,
1162 5264 1326 5342 quatenus
1348 5263 1521 5340 praelatum
1548 5258 1723 5337 presbyte-

82 5363 119 5426 de
140 5369 235 5445 Leth3
253 5369 398 5430 decimas
420 5370 625 5435 marinarum
641 5371 827 5433 belluarum
843 5373 876 5434 et
929 5382 1003 5427 rum
1015 5363 1187 5442 permittas
1202 5363 1306 5424 intua
1319 5360 1464 5433 dioecesl,
1479 5359 1519 5419 de
1535 5357 1726 5418 misericor-

84 5467 224 5528 omnium
241 5467 411 5528 lucrorum
427 5485 499 5545 quae
523 5469 695 5533 Scotorum
710 5469 781 5546 regi
796 5485 876 5546 pro-
929 5463 984 5524 dia
997 5478 1070 5538 quan
1086 5461 1313 5537 superexaltat
1323 5458 1462 5538 judicio,
1478 5456 1514 5517 in
1526 5456 1575 5516 sic
1590 5469 1726 5530 suscep-

83 5563 214 5629 reniunt
239 5565 329 5627 inter
351 5565 438 5626 Anin
462 5564 495 5627 et
527 5565 871 5644 Kolebrandespathe;
928 5559 971 5623 tis
996 5558 1179 5632 ordinibus,
1203 5559 1232 5620 si
1259 5558 1343 5619 alias
1367 5556 1416 5620 est
1443 5554 1593 5622 idoneus,
1620 5550 1725 5613 libere

84 5659 166 5726 siout
179 5678 216 5725 ea
236 5663 348 5726 omnia
367 5665 458 5740 juste
473 5679 511 5726 ac
527 5662 664 5741 pacifice
686 5665 871 5742 possidetis,
928 5658 1131 5721 ministrare.

85 2197 263 2256 Confirmatio
295 2198 404 2258 domini
430 2198 557 2272 episcopi
585 2199 621 2258 de
642 2200 771 2276 Okellas3
794 2210 823 2261 et
842 2202 877 2262 de

328 2287 438 2346 decima
450 2287 629 2346 balenarum.

973 3281 1083 3348 [Regest.
1094 3279 1140 3332 lib.
1153 3281 1173 3342 1,
1186 3281 1259 3346 epist.
1270 3281 1325 3332 ala.
1340 3281 1398 3332 blss.
1410 3279 1447 3331 ba
1457 3280 1534 3331 Porto
1544 3279 1578 3330 du
1591 3276 1674 3340 Theil]
1688 3313 1693 3324 .
