3982 6302
123 289 154 350 19
734 283 962 344 EPISTOLAE.
986 283 1063 343 LlB.
1088 283 1112 342 Ι.

121 451 285 508 turcarum
300 459 360 522 pro
372 458 512 520 quarum
523 441 761 520 gubernatione
772 459 811 504 ac
822 459 897 504 sus-

120 544 284 605 tentatione
296 557 456 604 concessa
469 542 555 613 sunt,
569 539 694 612 usibus,
707 543 739 602 et
751 557 898 602 commo-

118 643 160 702 dis
174 641 351 718 prosutura,
362 639 453 702 salva
466 638 559 700 Sedis
569 639 768 714 Apostolicae
781 639 897 700 aucto-

119 741 202 800 ritate
222 753 260 799 ac
279 737 460 799 dioecesani
471 737 618 814 episcopi
639 736 800 797 canonica
816 738 894 813 jus-

116 837 189 898 titia.

19 921 20 936 ¹
150 935 251 1012 Siqua
265 933 367 1010 igitur
384 933 418 995 in
439 932 586 995 futurum
606 931 832 994 ecclesiastica
848 947 896 992 se·

18 1051 19 1058 ¹
115 1028 894 1110 cularisvepersonahancnostraeconstitutionis

115 1131 256 1208 paginam
271 1131 391 1202 111111,
409 1129 524 1191 contra
541 1145 615 1191 eam
634 1129 758 1190 temere
780 1127 895 1188 venire

114 1229 298 1298 tentaverit,
330 1228 474 1289 secundo
505 1227 646 1290 tertiove
674 1225 892 1297 commonita,

114 1327 169 1387 nisi
195 1313 485 1403 praesumptionem
500 1341 594 1386 suam
625 1324 725 1400 digna
748 1323 895 1384 satisfac-

112 1425 191 1484 tione
215 1424 410 1495 correxerit,
427 1422 599 1500 potestatis
621 1421 822 1498 honorisque
842 1419 893 1480 sui

113 1521 260 1596 dignitate
275 1521 399 1594 careat,
414 1537 571 1598 reamque
588 1535 624 1582 11
638 1519 751 1581 divino
767 1517 894 1597 judicio

112 1619 242 1680 existere
257 1619 299 1680 de
313 1619 501 1696 perpetrata
513 1618 687 1696 iniquitate
705 1616 891 1693 cognoscat,

113 1717 170 1778 eta
190 1717 415 1779 sacratissimo
435 1731 629 1794 corporeae
651 1714 812 1790 sanguine
834 1714 893 1774 Dei

113 1814 273 1874 etbomini
296 1815 525 1892 Redemptoris
546 1813 652 1874 nostri
672 1810 890 1875 lesu-Christ

112 1911 210 1972 aliena
232 1911 300 1986 ilat,
324 1915 422 1990 atque
436 1913 470 1972 in
487 1912 635 1973 extremo
650 1909 804 1972 examine
823 1909 894 1969 dis-

112 2009 205 2072 111111
226 2010 346 2072 1111111
363 2009 542 2088 subjaceat.
558 2009 692 2070 Cunctis
711 2009 821 2069 autem
838 2007 891 2068 ei-

111 2105 174 2168 dem
190 2107 261 2170 loco
281 2125 343 2170 sua
359 2111 438 2186 jura
457 2107 665 2170 servantibus
680 2105 723 2168 sit
735 2121 801 2182 pax
822 2108 891 2167 Do-

111 2205 182 2265 mini
207 2206 312 2268 nostri
331 2205 565 2277 lesu-Christi,
593 2205 755 2282 quatenus
779 2205 812 2265 et
837 2203 891 2263 hic

111 2301 240 2364 fructum
259 2303 356 2365 bonae
376 2303 516 2366 actionis
537 2302 725 2381 percipiant
747 2303 781 2363 et
804 2300 891 2377 apud

111 2399 283 2462 districtum
303 2401 450 2478 jndicem
481 2402 618 2478 praemia
642 2401 774 2462 aeternae
797 2398 890 2475 pacis

111 2497 278 2560 inveniant.
292 2503 408 2560 Amen.
428 2502 543 2561 Arnen.

143 2638 204 2712 Ego
216 2639 394 2711 Honorius,
412 2639 584 2702 catholicae
595 2638 892 2715 Ecclesiaeepisco-

110 2749 172 2809 pus.

143 2889 205 2964 Ego
220 2889 391 2963 Nicolaus,
408 2888 614 2950 Tusculanus
630 2888 813 2966 episcopus.

142 3041 204 3116 ligo
216 3041 333 3114 Gnido,
351 3041 576 3102 Praenestinus
591 3040 776 3116 episcopus

143 3192 205 3266 Ego
223 3191 422 3268 Hugolinus,
441 3188 601 3253 Ostiensis
621 3190 653 3251 et
671 3189 889 3250 velletrensis

109 3288 283 3367 episcopus

142 3441 203 3515 Ego
216 3440 380 3512 Cinthius,
403 3439 452 3501 111.
475 3442 509 3499 S.
524 3437 694 3501 Laurentii
714 3438 748 3499 in
764 3438 889 3500 Lucina

108 3538 224 3616 presby.
242 3537 347 3600 cardi.

141 3691 202 3765 Ego
215 3689 464 3765 Gregoriustit.
478 3691 511 3750 S.
523 3689 707 3750 Anastasiae
718 3684 890 3765 presbyter

107 3787 286 3848 cardinalis.

140 3939 203 4014 Ego
218 3940 349 4010 Petrus,
371 3938 422 3999 tit.
440 3939 473 3999 S.
497 3937 669 3999 Laurentii
689 3937 725 3997 in
746 3939 888 3998 Damaso

106 4034 202 4110 presb.
217 4035 307 4096 card.

138 4189 201 4263 Ego
216 4187 334 4258 Gnido,
350 4186 400 4248 tit.
418 4187 451 4246 S.
465 4185 598 4247 Nicolai
614 4185 648 4247 in
664 4201 798 4248 carcere
813 4185 889 4246 Tul·

6 4255 7 4278 ³
106 4281 185 4346 liano
200 4285 361 4346 diaconus
375 4282 567 4345 cardinalis

137 4437 201 4511 Ego
219 4435 431 4506 Octavianus,
450 4436 507 4494 SS.
524 4433 631 4510 Sergii
644 4435 677 4496 et
688 4433 790 4494 Baebi
801 4433 885 4494 diac.

106 4533 181 4593 card.

137 4687 200 4762 Ego
220 4685 413 4760 Gregorius,
429 4685 461 4744 S.
478 4682 642 4744 Theodori
656 4681 742 4743 diac.
754 4683 843 4744 card.

137 4837 199 4911 ligo
215 4839 396 4904 Romanus,
414 4837 446 4895 S.
461 4833 580 4910 Angeli
593 4834 677 4896 diac.
695 4835 784 4896 card.

137 4983 199 5058 Ego
213 4983 415 5060 Stephanus,
432 4984 469 5043 S.
484 4981 623 5044 Adriani
635 4983 720 5043 diac.
733 4982 823 5044 card.

137 5125 249 5188 Datum
282 5125 455 5196 Laterani,
486 5141 546 5201 per
568 5141 702 5184 manum
729 5126 883 5196 Ranerii,

104 5221 212 5296 prioris
239 5223 352 5284 Sancti
381 5221 529 5282 Fridiani
564 5223 733 5295 Lucensis,
755 5225 884 5286 Sanctae

103 5321 250 5382 Romanae
272 5319 425 5382 ecclesiae
444 5320 724 5393 vicecancellarii,
746 5325 788 5384 IV
810 5323 884 5382 idus

102 5418 244 5491 octobris,
266 5417 446 5479 indictione
461 5419 500 5488 v,
516 5419 757 5479 Incarnationis
772 5421 885 5481 Domi-

103 5515 177 5576 nica
189 5532 274 5577 anno
287 5517 375 5586 1216,
391 5515 882 5592 11111111111111111111111111111

103 5616 191 5691 Papa
207 5616 249 5674 lll
263 5629 350 5674 anno
362 5611 479 5688 primo.

1277 450 1417 536 XXXV

951 647 1003 706 Ad
1017 648 1212 720 episcopum
1236 647 1270 708 11
1290 647 1479 721 capitulum
1502 649 1742 709 virdunenses.

1236 759 1269 817 lt
1281 767 1336 817 oct.
1355 761 1433 818 1116.

998 884 1117 947 [Regest.‚
1136 882 1181 934 lib.
1193 883 1213 945 l,
1230 883 1304 947 epist.
1312 883 1351 934 37.
1363 886 1420 935 llss.
1428 885 1464 934 La
1473 885 1546 935 Porta
1559 884 1593 934 du
1603 884 1696 948 Theti]

951 1008 1091 1082 Episcopo
1106 1016 1134 1067 et
1148 1008 1271 1081 capitulo
1287 1007 1512 1069 virdunensibus
1524 1009 1651 1080 mandat,
1664 1011 1740 1068 1111.

984 1099 1123 1155 canonico
1135 1097 1306 1158 virdunensi
1322 1096 1428 1156 fructus
1446 1098 1604 1171 prebenda
1619 1113 1679 1156 1111
1691 1099 1741 1156 tri·

984 1185 1074 1243 buant
1089 1187 1239 1259 ipsumque
1258 1201 1287 1243 rn
1306 1187 1396 1244 sacris
1414 1185 1560 1245 ordinibus
1580 1187 1744 1259 permittant

985 1284 1106 1341 Domino
1134 1283 1309 1354 famularia
1333 1285 1435 1358 quibus
1463 1283 1629 1343 interdictus
1652 1284 1745 1343 luerat

984 1373 1049 1446 quia
1065 1387 1130 1430 cnm
1149 1372 1272 1446 quodam
1288 1373 1412 1447 lapillulo
1431 1373 1582 1432 casualiter
1594 1374 1743 1431 loeseratin

983 1464 1076 1534 capite
1094 1463 1246 1521 ilenricum
1268 1463 1477 1522 virdunensem
1499 1462 1741 1532 archidiaconum,

984 1551 1032 1623 qui
1063 1559 1176 1625 propter
1202 1552 1424 1626 negligentiam,
1449 1552 1565 1610 lesione
1592 1553 1741 1626 ingraves-

983 1647 1076 1712 cente,
1092 1639 1169 1698 diem
1184 1656 1350 1714 supremum
1363 1641 1484 1700 obierat.

988 1767 1166 1840 Honorius,
1184 1767 1259 1839 eto,
1277 1766 1460 1829 venerabili
1476 1766 1572 1830 tratri
1585 1767 1740 1845 episcopo

948 1865 980 1926 et
993 1865 1122 1926 dilectis
1137 1865 1215 1925 liliis
1231 1866 1375 1942 capitulo
1388 1865 1607 1927 virdunensi.

988 1962 1195 2039 Significavit
1220 1961 1315 2024 nobis
1342 1965 1380 2025 R.
1409 1963 1589 2025 canonicus
1611 1962 1740 2024 virdu-

948 2061 1060 2122 nensis
1080 2061 1254 2137 quodcum
1269 2061 1348 2122 olim
1366 2077 1439 2121 cum
1457 2061 1652 2138 quibusdam
1665 2059 1742 2120 aliis

947 2158 1117 2220 canonicis
1129 2159 1248 2220 vestris
1265 2159 1422 2220 intrasset
1443 2158 1625 2236 primicerii
1638 2155 1742 2218 vestri

947 2256 1090 2328 domum,
1116 2257 1149 2317 et
1172 2256 1245 2333 ipso
1269 2256 1460 2333 primicerio
1485 2257 1519 2316 in
1544 2271 1638 2316 coena
1665 2269 1740 2314 cnm

946 2353 1041 2414 bonae
1059 2354 1228 2416 memoriae
1258 2354 1401 2414 Henrico
1417 2353 1599 2414 virdunen.
1629 2351 1743 2412 archi-

946 2450 1085 2513 diacono
1111 2451 1287 2522 residente,
1315 2451 1422 2512 dictus
1451 2453 1489 2512 R.
1521 2451 1554 2511 at
1580 2449 1650 2520 alii,
1679 2448 1737 2525 qui

838 2583 842 2590 ·
946 2565 1020 2610 cum
1053 2549 1127 2625 ipso
1159 2549 1368 2610 intraverant
1398 2546 1542 2608 ludendo
1572 2545 1740 2622 cepissent

946 2645 1104 2708 alterutro
1130 2646 1218 2708 inter
1243 2662 1279 2707 se
1294 2649 1409 2724 jacere
1430 2645 1565 2707 nucleos
1589 2643 1739 2722 persica-

945 2759 1030 2817 rum,
1053 2745 1186 2806 tandem
1208 2744 1286 2806 ludo
1307 2745 1476 2806 crescente
1496 2757 1615 2820 aquam
1640 2741 1673 2802 11
1686 2741 1740 2802 vi-

945 2859 1024 2903 num
1030 2845 1145 2919 jacere
1158 2843 1376 2920 incoeperunt.
1394 2841 1593 2918 Idemigitur
1607 2843 1646 2902 R.
1661 2855 1741 2916 pan-

945 2956 1022 3002 vum
1048 2941 1187 3018 projecit
1211 2941 1398 3018 lapillulum
1428 2939 1543 3002 contra
1568 2954 1643 3010 eos,
1671 2953 1737 2998 non

945 3037 1083 3098 credens
1098 3039 1183 3115 quod
1209 3039 1268 3100 illo
1287 3038 1408 3116 aliquis
1423 3037 1499 3099 laedi
1523 3037 1646 3114 posset,
1673 3051 1735 3097 nec

944 3135 1044 3198 etiam
1078 3136 1157 3197 tunc
1182 3136 1310 3197 audivit
1336 3136 1481 3212 aliquem
1505 3149 1578 3195 esse
1604 3134 1732 3194 laesum.

943 3235 1067 3294 Verum
1101 3233 1259 3310 praelatus
1294 3233 1549 3294 archidiaconus
1584 3231 1643 3292 illo
1675 3231 1738 3292 1111

940 3332 1038 3408 juxta
1053 3332 1185 3393 oculum
1207 3333 1306 3408 prout
1332 3329 1507 3392 videbatur
1529 3327 1738 3392 1111111111-

945 3431 1090 3500 neratus,
1108 3429 1164 3506 qui
1177 3429 1298 3490 vuinus
1312 3427 1503 3505 hujusmodi
1517 3425 1736 3504 vilipendens,

944 3526 1040 3602 quasi
1054 3527 1209 3588 continue
1231 3527 1382 3602 sequenti
1398 3525 1451 3586 die
1472 3541 1512 3586 ac
1533 3523 1740 3600 1111111111-

944 3623 1036 3696 tavit,
1062 3624 1095 3684 et
1118 3624 1165 3684 sic
1180 3639 1239 3699 per
1261 3622 1462 3684 incautelam
1477 3624 1549 3698 ejus
1562 3621 1669 3696 capite
1684 3621 1741 3680 tu-

944 3720 1108 3780 mescente
1138 3734 1203 3779 non
1229 3718 1466 3794 postmultum
1494 3718 1623 3793 tempus
1651 3715 1739 3776 diem

943 3817 1063 3878 clausit
1090 3817 1285 3878 extremum.
1317 3815 1410 3877 Unde
1438 3814 1545 3876 dictus
1574 3817 1612 3876 R.
1641 3813 1737 3875 nobis

943 3913 1113 3974 humiliter
1128 3913 1336 3991 supplicavit,
1351 3913 1387 3974 ut
1408 3927 1530 3984 secum,
1545 3911 1602 3989 qui
1617 3911 1738 3988 praeter

943 4011 1090 4072 dolorem
1102 3993 1198 4088 quem
1212 4011 1363 4088 concepit
1381 4010 1422 4071 de
1441 4011 1547 4072 morte
1562 4009 1735 4070 archidia-

943 4109 1017 4171 coni
1040 4110 1223 4180 memorati,
1250 4109 1290 4170 de
1314 4111 1411 4186 cujus
1432 4107 1570 4186 speciali
1589 4107 1737 4168 amicitia

941 4207 1127 4280 instabatur,
1140 4209 1276 4284 iamper
1288 4207 1541 4284 quatuorannos
1556 4205 1737 4282 etamplius

942 4305 976 4366 in
989 4305 1211 4366 amaritudine
1226 4305 1428 4382 poenitentiae
1443 4305 1546 4367 vitam
1561 4303 1656 4365 duxit
1673 4302 1738 4364 mi·

942 4403 1156 4464 sericordiam
1182 4403 1292 4464 iacere
1316 4401 1541 4478 dignaremur.
1565 4400 1735 4479 11111111-

942 4517 1004 4577 que
1028 4500 1326 4578 supplicationibus
1352 4500 1514 4570 inclinati,
1541 4498 1735 4559 discretioni

940 4599 1060 4660 vestrae
1089 4614 1148 4675 per
1161 4597 1350 4674 apostolica
1377 4597 1499 4672 scripta
1525 4594 1734 4665 mandamus,

941 4698 1104 4772 quatenus
1126 4695 1166 4756 de
1181 4693 1409 4755 misericordia
1419 4708 1491 4770 quae
1507 4692 1733 4768 superexaltat

936 4793 1111 4870 judicium,
1128 4791 1254 4853 fructus
1281 4790 1465 4868 praebendae
1485 4805 1555 4849 snae
1578 4788 1733 4850 tribuatis

940 4890 1062 4960 eidem,
1101 4889 1205 4948 sacris
1238 4887 1301 4948 sihi
1334 4886 1505 4947 ordinibus
1533 4886 1732 4958 interdictis,

940 4987 1047 5064 ipsum
1062 4985 1259 5063 permittatis
1273 4985 1307 5044 in
1323 4984 1458 5062 psalmis
1471 4986 1505 5046 et
1518 4985 1656 5045 canticis
1670 4983 1735 5061 spi·

940 5084 1115 5147 ritualibus
1147 5083 1287 5143 Domino
1311 5082 1477 5155 famulari,
1501 5083 1676 5144 dummodo
1691 5097 1735 5146 ex

939 5183 1001 5244 hoc
1016 5181 1171 5258 generari
1187 5180 1379 5241 scandalum
1396 5196 1460 5240 non
1476 5180 1655 5255 contingat.
1673 5181 1735 5240 Da·

939 5281 1007 5342 tum
1031 5279 1198 5350 Laterani,
1222 5281 1252 5340 It
1277 5279 1321 5339 id.
1337 5279 1492 5350 octobris,
1517 5278 1728 5355 pontificatus

940 5377 1043 5439 nostri
1056 5392 1143 5438 anno
1159 5377 1265 5454 primo
1279 5374 1337 5455 (1).

975 5535 1015 5608 (1)
1037 5535 1100 5592 vid.
1117 5534 1193 5592 hano
1207 5534 1323 5604 bullam,
1337 5533 1383 5592 lib.
1395 5536 1431 5602 v,
1446 5549 1471 5592 1.
1486 5535 1503 5592 i
1517 5534 1628 5604 Quinte
1649 5534 1731 5592 Com·

939 5626 986 5698 pil.
998 5631 1015 5681 t.
1030 5627 1051 5692 l,
1064 5640 1091 5699 p.
1102 5624 1164 5682 353.
