4080 6316
354 335 413 395 663
971 323 1145 384 noscam
1170 325 1384 387 morsm.
1909 343 1947 400 7„

357 487 751 558 suramecclesiasticam,
768 482 991 563 appellatione
1008 483 1146 552 remota,
1203 483 1332 546 dilectis
1361 485 1440 547 tiliis
1465 485 1554 546 clero
1580 488 1613 548 et
1637 487 1758 565 populo
1783 491 1948 561 1111661666ιί,

357 589 442 649 61661
452 587 577 665 Justum
591 585 700 656 suerit,
711 581 929 660 compellatis,
940 579 1026 658 quod
1039 579 1067 640 si
1083 595 1148 640 non

356 702 471 747 omnes
483 684 536 744 his
551 681 772 760 exsequendis
788 679 962 758 potueritis
975 678 1147 748 interesse,

355 785 391 846 tu
421 799 460 844 ea
487 781 592 842 166166
612 781 776 858 episcope,
804 793 878 838 cum
907 791 1021 838 eorum
1044 775 1149 836 altero

356 879 574 942 nihilominus
587 877 793 954 exsequaris.
804 877 921 936 Datum
937 877 1052 934 Romae
1063 871 1149 948 apud

357 977 513 1040 Sanctum
525 977 658 1038 Petrum
669 975 758 1034 XVII
780 972 942 1034 kalendas
952 971 1052 1049 junii,
1068 984 1152 1046 pou-

355 1073 500 1135 tidcatus
515 1074 620 1134 nostri
635 1088 723 1132 anno
739 1069 897 1130 secundo.

676 1213 828 1301 GGLIII

435 1344 488 1404 Ad
500 1341 674 1402 1616661666
690 1341 884 1414 Harmonice
899 1338 1068 1412 66616666.

644 1443 678 1502 16
693 1441 854 1500 66111118.

475 1541 684 1606 [1166661166.
700 1537 875 1602 1166666161,
891 1537 929 1596 13,
944 1551 969 1590 n.
981 1535 1033 1602 ἢ]

410 1639 592 1700 Confirmatio
606 1637 794 1697 ordinationis
804 1635 882 1710 regis
894 1634 1017 1694 161666
1026 1647 1097 1708 erga

679 1727 829 1786 lolantam.

396 1826 765 1904 116666166661666666,
782 1826 844 1886 eto.

394 1926 498 1987 Justis
526 1924 709 2002 petentium
737 1921 914 1984 desideriis
940 1919 1077 1996 dignum
1101 1921 1151 1980 est

356 2039 419 2084 nos
444 2022 575 2085 facilem
601 2020 750 2099 praebere
777 2034 985 2091 consensum,
1017 2018 1150 2080 616616

357 2136 430 2196 quae
451 2136 471 2180 a
490 2119 630 2180 rationis
645 2118 777 2180 tramite
793 2133 860 2178 non
882 2115 1084 2186 discordant,
1101 2113 1152 2174 61-

356 2217 444 2278 16616
460 2215 679 2293 prosequente
694 2215 871 2292 complere.
889 2213 1151 2290 0661611666-

356 2313 509 2376 61661666
533 2315 568 2374 16
592 2313 722 2374 Christo
748 2312 836 2372 tilius
862 2313 976 2372 noster
1001 2311 1150 2374 Andreas

356 2411 537 2486 ilungariae
572 2426 634 2471 rex
668 2409 831 2482 illustris,
867 2408 1075 2486 proiecturus
1108 2407 1149 2468 ad

355 2511 466 2570 Terrae
488 2507 617 2569 Sauctae
633 2506 826 2578 subsidium,
848 2507 889 2566 de
904 2521 1045 2566 assensu
1067 2521 1149 2565 666-

355 2621 429 2665 rum
440 2605 626 2682 principum
647 2603 820 2674 ordinarit,
834 2604 870 2662 ut
885 2603 914 2662 si
933 2618 1008 2662 eum
1022 2602 1150 2662 naturae

356 2701 503 2764 debitum
519 2701 648 2762 solvere
673 2701 707 2760 16
735 2699 1003 2777 peregrinatione
1020 2698 1152 2760 contin-

355 2800 421 2876 gat,
438 2801 474 2862 tu
485 2815 543 2876 pro
558 2799 632 2859 octo
643 2797 789 2858 millibus
804 2810 992 2857 marcarum
1007 2797 1148 2872 argenti,

357 2895 524 2973 inquibus
544 2895 678 2956 nomine
703 2893 891 2956 donationis
914 2895 1048 2970 propter
1065 2910 1151 2971 nup-

354 2994 419 3057 tias
443 2993 503 3054 tibi
523 2993 665 3064 1666166,
684 2990 789 3064 Sales,
810 2991 867 3070 qui
894 3007 953 3068 per
977 2990 1149 3052 Morisium

356 3091 572 3162 descendunt,
601 3090 777 3168 percipias,
804 3090 836 3151 et
861 3089 1044 3166 proventus
1070 3091 1151 3150 Sar-

354 3205 553 3252 racenorum
575 3188 615 3248 de
640 3188 740 3250 Pestb
765 3203 804 3248 ac
826 3185 1003 3249 comitatus
1023 3187 1064 3248 de
1082 3189 1152 3248 Bu-

354 3286 436 3358 drio,
463 3301 634 3362 quousque
658 3284 718 3346 tibi
734 3285 778 3345 sit
798 3284 998 3361 depraedicta
1022 3289 1150 3346 summu

354 3383 504 3462 pecuniae
526 3381 674 3459 plenarie
698 3380 922 3458 satisfactum
944 3382 977 3444 61
1001 3381 1029 3442 61
1054 3383 1149 3459 6661-

355 3497 453 3558 quam
482 3479 542 3541 tibi
571 3478 730 3558 praedicta
763 3478 905 3556 pecunia
935 3479 1043 3542 soluta
1073 3478 1149 3540 iue-

353 3579 409 3647 rit,
425 3577 572 3638 volueris
591 3575 626 3636 in
645 3577 817 3652 ilungaria
832 3592 1016 3649 remanere,
1034 3591 1152 3654 quam-

353 3676 410 3736 diu
441 3673 589 3747 vixeriS,
626 3673 775 3734 redditus
812 3672 937 3736 babeas
975 3675 1150 3736 comitatus

354 3773 521 3851 praedicti,
539 3772 673 3834 elidem
692 3787 754 3832 rex
768 3771 864 3832 nobis
884 3771 1056 3834 humiliter
1071 3789 1155 3848 supa

354 3871 498 3948 plicarit,
510 3872 545 3932 ut
556 3868 745 3948 hujusmodi
759 3869 1003 3932 ordinationem
1014 3872 1151 3948 Aposto-

354 3968 418 4030 1166
445 3969 661 4045 dignaremur
681 3967 865 4029 munimine
886 3966 1056 4028 roborare.
1081 3969 1150 4028 Nos

354 4066 460 4142 ipsius
481 4065 598 4127 611616
620 4064 774 4143 precibus
799 4065 894 4141 grato
914 4067 1149 4126 concurrentes

354 4179 506 4235 assensu,
524 4163 769 4224 ordinationem
790 4162 950 4234 eamdem,
972 4162 1058 4224 sicut
1072 4179 1150 4240 pro-

353 4260 429 4322 vida
442 4260 528 4321 iacta
543 4260 595 4320 est
615 4261 647 4320 et
668 4260 703 4319 in
723 4259 872 4336 ejusdem
897 4261 987 4336 regis
1006 4261 1151 4322 authen-

352 4359 419 4420 tico
448 4357 580 4436 plenius
607 4356 806 4430 continetur,
828 4357 1151 4435 6661661161611666-

351 4457 452 4518 tolica
480 4455 733 4526 confirmamus,
762 4456 795 4516 et
822 4456 997 4531 praesentis
1034 4455 1149 4534 scripti

352 4555 538 4634 patrocinio
553 4552 807 4614 communimus
825 4552 917 4613 Nulli
937 4568 1028 4629 ergo,
1044 4555 1147 4626 eto...,

352 4655 474 4715 nostrae
501 4651 763 4714 confirmationis
800 4649 999 4726 intringere,
1032 4651 1084 4714 vel
1117 4651 1148 4714 61

352 4767 446 4823 ausu,
464 4753 525 4812 etc.
545 4749 665 4827 Siquis
681 4751 803 4819 autem,
821 4751 882 4809 etc.
900 4751 1018 4812 Datum
1037 4752 1149 4812 Romae

352 4849 437 4926 apud
455 4851 611 4910 Sanctum
622 4849 757 4908 Petrum
769 4849 860 4909 Xl'll
875 4847 1035 4910 kalendas
1047 4848 1146 4925 junii,

352 4961 439 5007 auno
453 4945 609 5006 secundo.

678 5051 826 5137 ocull·

403 5179 455 5239 Ad
473 5179 606 5242 clerum
621 5174 653 5234 et
665 5179 828 5248 66661666
842 5175 1107 5236 Btturtcausem.

635 5277 667 5334 17
692 5277 759 5333 maii
784 5278 863 5334 lale.

390 5378 540 5444 [1161166166
552 5376 705 5431 Romanum.
722 5373 762 5423 ed.
780 5373 895 5434 Taurini,
910 5380 928 5424 t.
942 5375 984 5435 lll,
1000 5391 1025 5440 p.
1037 5375 1105 5442 alu]

367 5476 539 5535 Notillcetse
550 5471 732 5532 Guillelmum
749 5471 957 5530 Bituricensem
972 5473 1129 5546 archiepis·

427 5579 531 5636 oopum
546 5564 714 5620 Sanctorum
726 5561 860 5634 catalogo
873 5561 1070 5636 adscripsisse.

390 5673 556 5735 Honorius
570 5671 742 5747 episcopus
758 5685 874 5732 servus
888 5687 1060 5734 servorum
1076 5673 1146 5744 Dei,

1204 582 1343 644 salutem
1354 585 1388 644 61
1397 583 1615 660 apostolicam
1628 583 1881 648 benedictionem.

1244 679 1312 740 Etsi
1331 678 1428 742 electi
1444 679 1599 742 11666166
1615 681 1711 758 66661
1723 685 1951 759 respectunulli-

1205 777 1328 838 tudinis
1342 779 1546 851 vocatorum,
1562 794 1627 839 non
1642 782 1693 841 661
1712 781 1818 840 16666
1833 782 1951 858 aliquale

1204 892 1267 936 nus
1295 875 1522 950 dubitandum,
1558 878 1637 954 quin
1671 893 1713 938 ax
1737 879 1950 942 166161161166

1204 989 1343 1034 666666
1354 972 1496 1050 eligatur
1506 975 1651 1036 maxima
1662 975 1844 1051 multitudo,
1860 985 1951 1045 namet

1205 1072 1364 1150 propheta
1391 1073 1606 1149 conquerenti
1628 1089 1663 1134 se
1687 1073 1790 1134 solum
1805 1078 1951 1138 666666116-

1205 1173 1285 1242 tum,
1301 1169 1452 1232 omnibus
1468 1171 1544 1231 aliis
1559 1171 1776 1250 interemptis
1792 1175 1950 1248 661666666-

1205 1285 1278 1329 sum
1290 1283 1310 1328 a
1323 1269 1463 1330 Domino
1479 1291 1486 1328 :
1500 1272 1634 1343 Reliqui
1647 1273 1733 1330 661111
1750 1271 1868 1342 septem
1882 1277 1951 1330 661616

1205 1371 1374 1439 stramem,
1395 1369 1454 1440 qui
1470 1367 1551 1428 6616
1567 1369 1654 1428 Boul
1676 1381 1787 1441 66666
1804 1382 1864 1427 666
1880 1383 1952 1427 666-

1205 1465 1342 1526 6666661.
1358 1465 1396 1526 nt
1407 1462 1523 1525 166166
1534 1463 1740 1540 evangelista
1754 1465 1897 1534 1666666,
1907 1483 1953 1526 666

1206 1561 1387 1623 revelatum
1420 1560 1484 1621 6111
1516 1576 1690 1622 6666666
1724 1561 1906 1636 signatorum
1929 1579 1954 1622 cr

1206 1659 1378 1721 duodecim
1397 1657 1548 1720 tribubus
1568 1659 1806 1736 conspexisset,
1821 1659 1954 1720 61111166-

1206 1757 1280 1817 bam
1293 1773 1457 1832 magnam,
1475 1773 1547 1835 quae
1563 1757 1768 1818 dinumerari
1778 1771 1839 1818 666
1855 1757 1954 1833 poterat,

1206 1854 1359 1916 amictam
1375 1855 1468 1916 stolis
1495 1853 1663 1926 candidis,
1694 1855 1727 1916 61
1751 1856 1897 1916 16666166
1911 1856 1956 1931 pal-

1207 1953 1338 2014 66616
1354 1952 1631 2014 666116666666
1648 1953 1799 2013 Domino.
1815 1955 1957 2029 Porrojus

1205 2053 1258 2113 tus
1283 2052 1316 2113 et
1345 2052 1535 2112 misericors
1571 2049 1732 2112 Dominus
1770 2049 1956 2114 1116166666,

1206 2166 1287 2227 quos
1303 2148 1551 2226 praedestinavit
1565 2147 1729 2219 6161166,
1742 2163 1851 2209 omnes
1866 2147 1957 2224 quiden

1206 2262 1369 2309 coronans
1382 2247 1417 2308 in
1440 2247 1560 2324 patria,
1578 2247 1736 2324 quosdam
1750 2261 1857 2306 eorum
1870 2261 1957 2304 66666-

1205 2344 1282 2405 166
1309 2345 1518 2408 altitudinem
1544 2343 1736 2405 divitiarum
1761 2342 1919 2419 sapientia,
1936 2341 1955 2400 61

1205 2443 1444 2504 misericordiae
1474 2457 1554 2512 suaa,
1583 2441 1748 2518 glorificat
1768 2441 1800 2502 61
1823 2440 1855 2499 16
1871 2441 1920 2508 616,
1937 2438 1958 2496 61

1205 2541 1435 2617 frigescentem
1442 2542 1513 2616 jam
1526 2541 1561 2599 in
1577 2538 1728 2616 pluribus
1738 2537 1895 2599 charitatis
1903 2535 1958 2610 1661-

1205 2638 1496 2710 6616666666161,
1514 2637 1713 2698 mirabilium
1729 2635 1866 2697 novitate
1877 2634 1958 2708 siguo

1205 2753 1289 2808 rum,
1314 2739 1346 2798 et
1374 2735 1571 2814 pravitatem
1594 2733 1776 2796 contundat
1803 2731 1959 2793 1666611666.

1205 2835 1282 2896 166
1300 2835 1340 2896 61
1357 2833 1595 2895 catholicorum
1619 2832 1765 2894 tumulos
1796 2827 1962 2892 166166661-

1204 2933 1320 2994 666616
1364 2932 1546 3009 pullulare,
1586 2929 1763 2991 manifeste
1799 2925 1959 2990 1666661661

1206 3047 1263 3091 666
1287 3029 1454 3102 16161666,
1476 3028 1553 3089 dum
1574 3028 1735 3100 viverent,
1754 3025 1962 3087 1166666166.

1207 3131 1280 3205 1666
1308 3129 1411 3204 igitur
1438 3127 1501 3204 piae
1530 3125 1772 3187 recordationis
1800 3121 1960 3184 willelmum
2008 3111 2009 3138 ¹

1205 3227 1444 3288 Bituricensem
1459 3223 1759 3301 archiepiscopum,
1777 3237 1866 3298 quem
1878 3219 1906 3278 16
1916 3217 1960 3274 6116

1206 3340 1270 3385 666
1296 3323 1401 3384 66166
1423 3321 1612 3392 virtutibus,
1638 3319 1695 3381 sed
1717 3321 1818 3381 61166
1833 3319 1961 3392 signorm

1206 3421 1451 3484 ostensionibus
1486 3419 1715 3495 insigniverat,
1755 3417 1886 3478 faciente
1914 3411 1961 3487 post

1205 3519 1329 3582 obitum
1359 3517 1582 3580 crebrioribus
1610 3516 1783 3577 miraculis
1809 3524 1962 3576 coruscare,

1204 3615 1405 3679 venerabilis
1432 3615 1536 3677 frater
1567 3615 1681 3676 666166
1714 3611 1958 3688 archiepiscopus

1204 3717 1239 3776 et
1264 3715 1375 3776 dilecti
1396 3713 1456 3774 11111
1481 3711 1633 3774 66666161
1647 3711 1868 3772 Bituricenses
1887 3707 1962 3782 ipsun

1205 3829 1266 3890 per
1279 3811 1503 3888 Apostolicam
1519 3809 1635 3872 Sedem
1650 3808 1795 3870 adscribi
1810 3805 1962 3867 Sanctorum

1206 3909 1356 3986 catalogo
1380 3907 1518 3970 instanti
1541 3907 1714 3968 devotione
1739 3922 1780 3967 ec
1808 3899 1962 3964 16661616·

1206 4007 1508 4070 6166116661161166
1523 4005 1698 4082 petierunt.

1244 4107 1325 4167 Cum
1361 4107 1471 4167 autem
1501 4102 1691 4164 necessaria
1730 4099 1908 4163 maturitate
1927 4092 1965 4152 diu

1205 4221 1364 4284 suspensa
1381 4203 1496 4264 suisset
1511 4202 1625 4280 petitio
1639 4187 1964 4270 eorumdemeoquub

1205 4320 1279 4366 cum
1294 4301 1484 4380 hujusmodi
1489 4299 1653 4378 judicium
1666 4297 1816 4360 divinum
1826 4296 1866 4356 sit
1875 4291 1965 4369 potius.

1205 4417 1303 4480 quam
1321 4386 1512 4470 humanum,
1533 4397 1668 4459 11116116
1687 4398 1739 4458 661
1752 4392 1910 4456 mortalem
1921 4387 1965 4447 ho·

1205 4501 1326 4560 minem
1334 4498 1488 4576 J'udioara
1500 4495 1540 4557 de
1552 4494 1631 4565 illis,
1648 4493 1705 4572 qui
1714 4495 1807 4554 veste
1821 4485 1966 4552 666161116-

1205 4596 1246 4657 116
1263 4595 1366 4665 exuti,
1390 4608 1465 4654 cum
1486 4591 1617 4652 Christo
1631 4587 1814 4650 creduntur
1827 4584 1923 4646 vivere
1939 4590 1965 4636 ac

1204 4705 1345 4768 regnare
1366 4711 1374 4750 ι
1394 4689 1526 4754 demum
1556 4687 1638 4764 ipsis
1663 4688 1797 4763 propter
1818 4675 1965 4744 miraculo·

1205 4806 1277 4851 rum
1292 4788 1511 4866 trequentiam
1524 4785 1716 4862 petitionem
1730 4781 1910 4860 praedictam
1921 4773 1966 4832 16·

1204 4888 1326 4949 militer
1351 4883 1599 4964 replicantibus,
1627 4897 1688 4943 nos
1712 4897 1755 4942 ne
1779 4871 1965 4940 ministerium

1204 4987 1353 5047 nostrum
1369 4983 1490 5045 divinae
1510 4981 1706 5058 dignationi,
1723 4971 1903 5039 6161166611
1916 4979 1966 5028 661-

1204 5101 1281 5146 vum
1303 5099 1409 5154 suum,
1431 5081 1626 5144 subtrahere
1638 5078 1837 5144 videremur,
1852 5079 1964 5132 666666·

1203 5182 1263 5243 1111
1287 5180 1382 5243 116161
1405 5181 1518 5242 666166
1533 5173 1815 5239 autissiodorensi
1830 5169 1963 5246 episcopo,

1204 5281 1237 5342 61
1251 5279 1378 5341 11166116
1392 5277 1470 5338 tiliis
1491 5273 1660 5338 Bonirodii
1678 5273 1710 5334 et
1727 5263 1912 5332 Callorieusi
1923 5257 1966 5318 61-

1204 5377 1334 5439 batibus
1361 5373 1589 5437 cisterciensis
1627 5369 1753 5432 ordinis
1783 5365 1918 5428 dedimus
1941 5354 1964 5412 il

1204 5476 1378 5548 mandatis,
1395 5473 1431 5535 ut
1445 5489 1519 5534 cum
1532 5485 1633 5548 opera
1655 5466 1785 5546 pietatis
1809 5465 1842 5524 in
1864 5451 1965 5524 611611

1204 5571 1439 5635 miraculorum
1454 5570 1522 5631 6116
1536 5570 1610 5646 post
1624 5567 1761 5628 mortem
1775 5561 1817 5623 ad
1832 5545 1965 5629 1666661

1204 5673 1278 5750 quis
1294 5663 1662 5748 666616166666616616
1681 5659 1833 5724 militanti
1853 5645 1964 5717 66616616
