4082 6342
89 439 154 502 425
637 531 641 536 ¹
731 439 960 501 EPISTOLAE.
984 437 1063 500 ms.
1087 440 1112 500 1.
1686 440 1747 500 aab

88 597 434 662 excommunicatis'et
444 596 640 671 interdictis,
653 596 766 660 diviua
780 598 891 662 officia
987 599 1055 674 ligo
1071 597 1199 670 Petrus,
1219 599 1412 663 sabinensis
1427 600 1613 678 episcopus.

88 698 275 760 celebrare.
292 696 372 760 Paci
382 711 515 775 quoque
525 697 558 758 et
571 696 806 775 tranquillitati
820 713 892 760 res·
986 699 1054 773 ligo
1070 697 1269 774 Stephanus,
1285 699 1318 760 S.
1335 697 1473 761 Adriani
1489 697 1650 760 diaconus
1665 711 1744 758 car-

88 798 153 858 trae
168 797 307 873 patema
323 795 361 855 in
378 795 546 872 posterum
567 795 791 857 sollicitudine
813 811 893 872 pro·
946 794 1080 855 dinalis.

89 892 383 966 ridereuolentes,
400 893 596 956 auctoritate
609 893 799 970 apostolica
814 909 894 971 pro-
987 895 1054 968 ligo
1069 892 1234 969 AEgidius,
1251 895 1308 956 SS.
1328 895 1454 956 Cosmae
1469 897 1501 956 et
1513 892 1666 955 Damiani
1678 891 1747 953 dia-

91 991 247 1054 hibemus
273 993 310 1053 ut
336 989 424 1053 infra
449 992 623 1054 clausuras
643 992 804 1064 locorum,
832 1007 892 1052 seu
947 1006 1051 1052 conus
1066 991 1260 1053 cardinalis.

92 1091 311 1166 grangiarum
321 1091 521 1163 vestrarum,
536 1089 647 1150 nullus
662 1091 815 1167 rapinam
832 1107 893 1151 seu
987 1088 1105 1150 Datum
1133 1089 1306 1166 Anagniae,
1339 1105 1399 1167 per
1433 1105 1567 1150 manum
1598 1087 1743 1159 Faverit,

93 1188 220 1250 furtum
234 1186 356 1260 facere,
370 1188 481 1265 ignem
496 1202 673 1266 apponere,
695 1188 892 1265 sanguinem
949 1187 981 1247 S.
1003 1187 1162 1248 Romanae
1177 1187 1334 1250 Ecclesiae
1348 1186 1617 1250 vicecancellarii
1632 1189 1662 1248 ll
1677 1186 1744 1248 hal.

92 1285 247 1359 fundere,
263 1285 572 1347 hominemtemere
587 1286 772 1363 caperavel
788 1284 895 1347 inter-
943 1285 1038 1360 jun,
1074 1283 1188 1346 indict.
1219 1286 1259 1356 V,
1288 1284 1531 1346 iucarnationis
1567 1284 1746 1344 Dominicae

92 1383 206 1457 ficere,
248 1399 308 1446 seu
341 1383 536 1445 violentiam
572 1383 694 1447 audeat
723 1398 890 1446 exercere.
949 1381 1039 1452 1217,
1056 1382 1270 1459 pontificatus
1287 1383 1372 1444 Hon.
1388 1383 1433 1442 111
1449 1396 1536 1443 anno
1552 1381 1670 1459 primo.

93 1482 264 1544 Praeterea
285 1497 399 1544 omues
419 1481 590 1544 libertates
612 1483 645 1543 ot
667 1481 893 1543 immunitates

91 1596 113 1641 a
129 1579 430 1656 praedecessoribus
443 1579 568 1642 nostris
582 1581 741 1642 Romanis
755 1578 895 1642 Pontifi-
1223 1559 1478 1649 GCCXXXIV

93 1677 191 1740 cibus
205 1677 315 1740 ordini
327 1679 439 1740 vestro
454 1693 640 1750 concessas,
652 1693 782 1740 necnon
793 1677 896 1740 liber·
948 1701 1000 1762 Ad
1024 1704 1256 1776 gammam,
1277 1704 1520 1765 magensem
1540 1705 1747 1778 epyscopum,

91 1777 180 1838 tates
206 1777 240 1838 et
263 1777 493 1853 exemptiones
508 1777 721 1838 saeoularium
745 1776 895 1839 exactio-
1251 1816 1349 1890 ejunii
1365 1817 1444 1876 tall.

91 1891 188 2032 ἔξω]
218 1873 401 1985 ΗΘΒῙῬΠΒ
429 1875 467 1984 Ῡῗ,
490 1873 709 1985 Pffn⁶iPss3¹¹⁵²
737 1873 791 1935 V⁰¹
818 1873 894 1935 aliis
1019 1919 1128 1984 [aeger.
1141 1922 1187 1972 ne
1203 1922 1375 1987 lepisttla.
1391 1921 1688 1986 sequacissimus

138 1970 522 2044 elruusrauonanrnter
536 1971 630 2033 vobis
646 1971 801 2045 indultas,
819 1987 896 2034 auc·
1213 2001 1364 2066 frittericus,
1376 2017 1403 2068 p.
1413 2002 1482 2068 esa]

90 2070 229 2132 mitam
242 2070 433 2146 ΑΡΟΒΨῙῘΟ3
451 2069 685 2132 confirmamus
698 2071 731 2134 ⁰t
745 2086 895 2148 Pfaesen·
949 2099 1019 2157 Cum
1031 2098 1100 2158 clirn
1112 2102 1212 2159 Petrus
1227 2102 1382 2175 aragoniae
1398 2117 1448 2158 rex
1462 2065 1686 2160 ambianensem
1703 2116 1749 2159 co·

91 2169 135 2229 tis
160 2168 277 2246 scripti
298 2168 475 2245 PfilflssssiO
495 2168 747 2230 ⁰0fflffl11ssim118·
773 2170 896 2230 DOCOP·
986 2188 1115 2246 artetum
1127 2191 1269 2249 tolosano
1280 2191 1377 2248 comiti
1386 2206 1437 2263 pro
1449 2191 1570 2266 pignore
1580 2190 1747 2264 obligasset,

93 2265 208 2326 nimus
223 2281 302 2342 ergo
316 2265 351 2326 ut
366 2266 449 2327 nulli
462 2265 596 2328 omnino
607 2266 778 2328 hominum
794 2265 895 2327 liceat
989 2292 1113 2352 sumpte
1127 2279 1262 2354 episeopo
1275 2281 1436 2338 himetensi
1452 2279 1681 2337 conservandum
1694 2287 1749 2336 tm.

92 2361 271 2440 praefatum
289 2362 528 2425 monasterium
547 2365 672 2426 temere
686 2363 892 2442 perturbare,
981 2371 1099 2430 didisset
1123 2370 1158 2427 Α.
1184 2370 1212 2427 s.
1241 2369 1363 2442 legatus,
1381 2367 1462 2441 jubat
1485 2369 1627 2426 Honorius
1653 2367 1747 2440 ipsum

93 2461 153 2523 aut
172 2461 490 2539 ejuspossessiones
514 2460 660 2531 auferre,
684 2461 737 2524 vel
765 2460 894 2523 ablatas
977 2459 1151 2530 ,comitatum
1170 2457 1277 2516 laccho
1299 2457 1359 2530 regi
1377 2456 1486 2513 restitui
1507 2462 1535 2512 et
1555 2455 1662 2512 fructus
1682 2454 1748 2512 inde

91 2560 252 2632 retinere,
272 2560 432 2628 minuere,
450 2575 510 2622 seu
525 2558 725 2638 quibuslibet
737 2558 895 2621 vexatio.
985 2555 1134 2624 perceptos
1149 2546 1203 2603 sibi
1223 2546 1374 2603 transmitti
1393 2545 1421 2602 in
1444 2546 1538 2602 Terre
1555 2545 1666 2603 Sancte
1681 2543 1747 2602 sub·

92 2657 194 2718 nibus
218 2657 371 2734 fatigare,
392 2658 449 2720 sed
474 2658 586 2719 omnia
608 2657 739 2734 integra
759 2673 896 2718 conser—
986 2637 1102 2695 sidium.

92 2757 226 2828 rentur,
244 2771 433 2833 eorumpro
448 2771 588 2834 quorum
606 2755 848 2832 gubernatione
862 2755 896 2817 et
990 2743 1159 2808 Honorius
1183 2744 1357 2822 episcopus
1362 2788 1421 2817 ·····
1445 2742 1630 2804 Venerabili
1655 2742 1751 2804 fratri

92 2853 338 2916 sustentatione
351 2869 517 2940 ¹concessa
540 2854 619 2915 sunt
645 2851 758 2915 usibus
782 2853 894 2915 omui·
950 2845 1105 2922 episcopo
1120 2843 1328 2920 Migmatensi
1345 2839 1406 2922 (a),
1423 2841 1575 2914 salutem,
1593 2841 1656 2902 etc.

95 2950 499 3029 modisprofutura,salva
510 2950 809 3028 sedisapostolicae
820 2967 897 3012 auc·
990 2942 1190 3004 Carissimus
1211 2941 1246 3001 in
1261 2940 1392 3002 Christo
1405 2939 1494 3001 filius
1515 2940 1628 3001 noster
1642 2939 1661 3001 J
1666 2984 1672 2999 .
1688 2937 1701 3018 (
1722 2938 1746 3018 ).

93 3048 245 3111 toritate.
263 3049 298 3110 si
313 3065 378 3126 qua
395 3048 545 3126 igituriu
561 3047 708 3110 futurum
723 3049 897 3110 ecclesias·
950 3039 1177 3118 aragonensis
1203 3054 1264 3100 rex
1291 3037 1431 3099 illustris
1461 3036 1556 3098 nobis
1580 3052 1750 3112 exponere

96 3147 166 3210 tica
202 3146 417 3209 saecularisve
451 3161 610 3224 persona,
649 3146 736 3208 hanc
772 3147 895 3208 nostrae
951 3136 1454 3216 procuravitquod,cumclarae
1465 3135 1634 3195 memoriae
1648 3135 1683 3195 P.
1703 3131 1749 3212 (c)

94 3243 343 3307 constitutionis
365 3245 522 3322 paginam
546 3243 668 3317 sciens,
685 3245 801 3306 contra
822 3259 898 3305 eam
950 3251 1011 3297 rex
1024 3235 1213 3311 aragoniae,
1231 3234 1325 3311 pater
1343 3235 1427 3312 ejus,
1443 3232 1633 3294 comitatum
1655 3231 1751 3293 hmi-

92 3341 222 3402 temere
242 3338 358 3400 venire
378 3339 576 3411 tentaverit,
592 3338 742 3400 secundo·
756 3339 896 3401 tertiove
951 3333 1135 3405 lianenscn,
1151 3333 1278 3393 adeum
1289 3331 1502 3394 haereditario
1513 3332 1591 3408 jure
1604 3330 1752 3407 spectau-

94 3437 308 3510 commonita‚
326 3436 392 3498 nisi
415 3437 545 3499 reatum
561 3453 656 3498 stura
670 3436 896 3498 satisfactione
950 3431 1141 3504 tem,nobili
1152 3430 1224 3492 viro
1234 3429 1399 3510 quondam
1409 3426 1521 3491 comiti
1532 3425 1749 3506 Toloseno(cl)

93 3549 244 3612 congrua
271 3535 468 3606 correxerit,
493 3534 665 3612 potestatis
693 3533 896 3611 honorisque
951 3529 1047 3591 titulo
1077 3528 1225 3606 pignoris
1258 3526 1449 3603 obligasset,
1481 3541 1520 3586 ac
1548 3523 1751 3586 venerabilis

94 3633 147 3695 sui
165 3632 327 3710 dignitate
342 3632 467 3706 careat,
482 3647 641 3710 reamque
660 3647 696 3694 se
711 3631 824 3694 divino
836 3633 896 3709 jn·
932 3695 934 3698 .
952 3625 1056 3688 frater
1066 3628 1179 3687 noster
1191 3625 1359 3686 Uticensis
1369 3624 1543 3702 episcopus
1558 3619 1605 3702 (e)
1621 3623 1654 3684 et
1666 3622 1750 3682 socii

94 3731 184 3794 dicio
199 3731 344 3794 existere
356 3731 397 3792 de
412 3730 601 3809 perpetrata
622 3729 798 3808 iniquitate
813 3744 896 3805 cog·
952 3726 1035 3801 ejus,
1063 3721 1261 3800 apostolicae
1289 3721 1384 3782 Sedis
1412 3719 1526 3796 legati,
1559 3719 1751 3780 comitatum

93 3829 224 3899 noscat,
234 3827 677 3906 etasacratissiraocorpore
687 3827 903 3902 acsanguine
952 3821 1102 3882 eumdem
1136 3818 1201 3897 ipsi
1232 3817 1343 3881 comiti
1379 3818 1514 3896 propter
1539 3819 1611 3896 ejus
1636 3815 1748 3876 haere-

94 3924 897 4004 DeietbominiRedemptorisnostrilesuChristi
952 3919 1015 3980 sim
1040 3916 1282 3989 subtrahentes,
1308 3916 1417 3993 ipsum
1440 3913 1502 3976 tibi
1524 3913 1752 3976 commiserint

95 4026 208 4088 aliana
231 4024 298 4096 fiat,
318 4024 466 4103 atquein
488 4024 638 4087 extremo
657 4022 897 4086 examiuedis-
953 4015 1239 4089 conservandum3
1276 4013 1355 4076 licet
1387 4014 1455 4075 tarn
1495 4011 1604 4074 dictus
1641 4028 1751 4074 coines

95 4124 204 4187 trictae
240 4123 359 4185 ultioni
387 4121 576 4210 subjaceat.
618 4121 760 4184 Cunctis
788 4121 898 4182 autem
953 4131 1053 4193 quam
1072 4115 1107 4176 tu
1134 4129 1177 4176 ex
1202 4112 1318 4174 eodem
1346 4111 1504 4173 comitatu
1531 4109 1749 4189 perceperitis

97 4223 206 4284 eidem
235 4219 309 4282 loco
336 4237 395 4284 sua
417 4223 496 4297 jura
525 4218 736 4282 servantibus
762 4218 808 4280 sit
832 4233 899 4296 pax
953 4211 1189 4275 hactusuttra
1218 4211 1352 4282 sortem,
1383 4209 1529 4270 nondum
1552 4208 1664 4270 tamen
1688 4207 1752 4286 ipsi

96 4319 230 4382 Domini
245 4318 352 4380 nostri
366 4320 447 4380 lesu
464 4316 601 4390 Christi,
618 4319 781 4394 quatenus
796 4318 830 4378 et
844 4315 900 4377 hic
953 4311 1024 4387 regi
1038 4308 1362 4372 exstititrestitutus.
1378 4307 1538 4380 Quocirca
1549 4305 1752 4369 fraternitati

2 4457 3 4460 κ
98 4416 243 4479 fructum
265 4415 361 4478 bonae
383 4415 525 4478 actionis
548 4414 734 4492 percipiant
755 4414 788 4476 et
811 4413 898 4491 apud
953 4404 1644 4486 fuaeperapostolicascriptapraecipiendo
1659 4421 1754 4466 mau-

97 4514 286 4576 districtum
308 4513 457 4592 judicem
481 4512 619 4590 praemia
648 4513 782 4574 aeternae
807 4510 902 4588 pacis
954 4505 1070 4567 damus
1086 4506 1260 4584 quotenne,
1274 4504 1302 4565 si
1317 4505 1368 4567 est
1382 4503 1438 4575 ita,
1456 4503 1647 4565 comitatum
1661 4517 1752 4579 prae-

97 4611 286 4675 inveniant
303 4613 419 4673 Amen.
436 4613 550 4672 Amen.
954 4603 1079 4665 dictum
1099 4604 1172 4664 sine
1194 4603 1388 4666 difficultate
1412 4600 1484 4676 regi
1500 4599 1656 4661 restituas
1678 4615 1752 4660 rne-

138 4712 209 4786 Ego
225 4709 408 4782 Honorius,
429 4708 602 4770 catholicae
622 4705 773 4770 ecclesiae
796 4705 897 4783 episc.
931 4721 932 4724 ¹
955 4703 1108 4776 morato,
1124 4701 1251 4764 fruetus
1266 4699 1375 4761 autern
1391 4697 1477 4761 ultra
1493 4697 1617 4758 sortem
1637 4711 1680 4758 ex
1695 4712 1753 4757 co-

140 4805 395 4884 Egollobertus,
408 4805 612 4884 S.Stephani
627 4805 664 4866 in
679 4803 776 4866 coelio
789 4805 906 4866 monte
955 4799 1072 4862 mitatu
1089 4799 1160 4875 ipso
1180 4797 1352 4876 perceptos
1374 4793 1469 4856 nobis
1490 4793 1698 4855 transmittas
1718 4795 1754 4856 in

99 4904 275 4983 presbyter
287 4903 480 4968 cardinalis.
955 4901 1066 4959 Terras
1079 4895 1207 4957 Sanctae
1223 4893 1417 4964 subsidium,
1430 4893 1528 4969 prout
1540 4890 1646 4952 dictus
1662 4907 1754 4953 resa

140 5007 209 5080 Ego
225 5001 423 5079 Stephanus,
440 5000 590 5063 basilicae
599 5001 661 5062 Xll
675 4998 900 5078 apostolorum
955 4993 1050 5056 nobis
1074 4993 1169 5071 petiit
1196 4991 1421 5054 destinandos.
1447 4990 1604 5068 Alioquin
1632 4989 1753 5052 dilecto

100 5100 274 5179 presbyter
288 5100 480 5162 cardinalis.
956 5093 1025 5155 filio
1041 5093 1156 5154 nostro
1171 5093 1206 5152 B.
1225 5088 1270 5171 (s)
1284 5089 1373 5153 tituli
1396 5091 1592 5152 Sanctorum
1614 5090 1754 5152 loannis

139 5201 209 5275 Ego
223 5197 378 5266 Thomas,
397 5197 493 5260 titulo
517 5197 550 5258 S.
575 5195 708 5258 Sabinae
728 5193 902 5272 presbyter
955 5192 988 5254 et
1003 5191 1099 5253 Pauli
1113 5188 1305 5267 presbytero
1320 5187 1498 5255 cardinali,
1514 5191 1552 5248 A.
1571 5189 1605 5248 S.
1631 5186 1751 5264 legato,

100 5295 294 5358 cardinalis.
956 5288 1081 5350 nostris
1097 5287 1213 5349 damus
1233 5286 1268 5348 in
1285 5285 1451 5348 mandatis
1467 5286 1502 5346 uf
1516 5286 1552 5345 te
1563 5284 1605 5346 ad
1619 5284 1665 5356 id,
1682 5299 1755 5344 mo-

140 5397 209 5470 Ego
222 5393 394 5462 Nicolaus,
409 5391 618 5454 Tusculanus
633 5390 820 5468 episeopus.
933 5481 934 5484 Ἴ
956 5386 1083 5448 uitione
1114 5385 1298 5464 praemissa,
1315 5383 1526 5446 districtione
1547 5397 1611 5458 qua
1631 5397 1756 5442 conve-

142 5493 211 5569 Ego
238 5491 460 5562 Octavianus,
489 5492 547 5552 SS·
577 5489 685 5565 Sergii
717 5489 750 5551 et
779 5485 903 5550 Bacchi
957 5485 1016 5557 nit,
1033 5484 1255 5562 appellatione
1269 5481 1409 5552 remota,
1431 5479 1617 5556 compellat.
1636 5481 1754 5541 batum

2 5637 3 5654 t
102 5588 267 5651 diaconus
278 5588 469 5650 cardinalis.
956 5583 1129 5659 Anagniae,
1139 5584 1215 5643 Vlll
1228 5580 1302 5642 idus
1310 5578 1413 5658 Junii,
1427 5575 1636 5654 pontificatus
1650 5579 1756 5666 nostri

144 5689 212 5764 Ego
228 5685 395 5762 Pelagius,
412 5683 609 5747 albanensis
624 5681 809 5760 episcopus.
958 5697 1048 5742 anno
1063 5679 1181 5758 primo.

139 5817 401 5894 (rlGuillelm.1V.
436 5814 624 5892 (alleccbus.
657 5812 815 5888 (otherus
843 5811 1116 5887 (dlllaimnndovl.
1150 5807 1446 5886 (alilahnundusill.
1481 5806 1699 5882 (stherlreuno.
