3988 6308
304 313 366 378 255
905 301 1085 378 BONORII
1108 313 1154 384 111
1176 313 1324 378 OPERA.
1842 323 1886 384 tio

300 471 542 550 ritativejuxta
560 470 787 552 possedomus
801 471 853 534 illi
867 470 1100 537 subministre—
1153 474 1216 548 Qul
1229 489 1309 537 vero
1322 471 1516 536 scandalum
1531 470 1640 548 movit,
1663 473 1694 536 et
1710 487 1889 552 persesuen·

299 575 364 637 tur.
377 574 491 634 Avena
512 571 623 634 tamen
646 569 700 634 vel
719 570 811 634 aliud
830 571 866 633 iu
885 572 957 634 loco
981 588 1097 635 avenae
1152 573 1232 635 dare
1257 572 1412 644 voluerit,
1435 570 1541 634 totum
1561 571 1637 634 aute
1661 571 1748 648 pedes
1768 577 1890 640 scandali·
1950 623 1951 626 ,

304 669 489 750 hospitibus
504 685 572 732 nou
595 669 702 743 detur,
718 669 748 730 si
762 668 887 732 suerint
901 671 935 731 in
950 671 1095 742 civitate,
1151 670 1216 734 zati
1230 672 1346 749 petens
1360 669 1493 733 veniam
1511 685 1548 731 se
1570 669 1731 746 emendati
1743 671 1771 733 et
1781 671 1805 734 si
1814 677 1888 737 semel

297 769 353 832 vel
369 768 500 847 oppido,
513 767 567 831 vel
582 767 639 830 ubi
660 766 791 830 venalis
810 767 1013 842 inveniatur,
1031 768 1097 830 nisi
1152 785 1219 832 non
1234 768 1365 841 suffieit,
1382 784 1487 847 risque
1507 767 1560 832 ter
1575 767 1656 830 illud
1677 767 1754 830 idem
1766 769 1854 832 iaciat
1866 773 1890 834 si

296 865 381 930 sorte
396 866 547 944 religiosi
557 867 624 928 sint
638 866 797 945 hospites,
809 865 862 928 vel
877 867 972 938 tales,
985 867 1042 946 qui
1054 867 1096 928 ad
1150 882 1230 930 vero
1242 866 1306 930 hoc
1331 867 1367 932 in
1390 866 1558 946 publicum
1572 866 1707 938 venerii,
1722 882 1891 946 quaecunque

295 981 431 1028 manum
445 981 512 1026 non
531 964 686 1036 habeant,
706 964 739 1026 et
752 980 819 1026 non
833 981 944 1027 emere
956 965 1094 1042 possint.
1151 967 1306 1029 secutura
1334 964 1435 1029 luerit
1453 963 1645 1043 pomanus
1675 963 1742 1026 hec
1764 964 1795 1027 iit
1815 966 1889 1043 prior,

297 1065 332 1127 Si
345 1064 456 1126 autem
471 1063 619 1142 hospites
642 1063 796 1126 venalem
811 1079 878 1126 non
893 1063 1094 1136 invenerint,
1151 1064 1280 1126 scilicet
1294 1065 1371 1126 ante
1392 1062 1493 1141 pedes
1502 1062 1647 1125 ministri
1660 1062 1785 1140 petendo
1795 1063 1891 1124 venian
1950 1065 1951 1072 ’

296 1162 329 1226 et
341 1162 375 1223 in
389 1162 485 1224 domo
500 1178 565 1240 qua
581 1163 727 1240 suscepti
751 1161 877 1224 suerint
892 1161 1093 1234 inveniatur,
1150 1163 1251 1226 totius
1264 1163 1416 1240 eorporis
1428 1161 1633 1233 extensione,
1652 1161 1685 1222 et
1700 1161 1892 1238 postessecun·
1951 1152 1952 1155 ’

296 1260 519 1336 congruenter
546 1259 595 1320 eis
622 1258 820 1336 praebeatur.
848 1259 968 1322 Nullus
993 1259 1097 1322 irater
1151 1260 1228 1324 dum
1240 1239 1313 1342 eiius
1326 1259 1500 1323 arbitrium
1515 1258 1714 1321 emendetur.
1842 1305 1846 1316 .

295 1358 402 1420 laicus
417 1358 469 1420 vel
493 1357 634 1420 clericus
657 1358 711 1430 sit,
736 1357 765 1418 si
786 1357 859 1418 lieri
879 1357 996 1436 potest,
1022 1357 1096 1421 sine
1189 1359 1352 1422 Generale
1373 1357 1554 1437 capitulum
1577 1359 1678 1420 semel
1694 1357 1728 1417 in
1747 1369 1819 1418 anno
1835 1355 1893 1416 celr-

295 1456 430 1537 proprio
445 1455 570 1531 oslloio;
584 1455 614 1516 si
627 1456 701 1534 quis
715 1471 794 1518 vero
807 1455 961 1517 laborare
975 1454 1095 1516 uolue-
1149 1459 1274 1522 bretur.
1292 1457 1384 1531 Quod
1407 1455 1601 1518 deridebat
1622 1455 1658 1516 in
1678 1453 1790 1517 octana
1802 1457 1892 1516 Pente-

294 1556 349 1628 rit,
367 1555 400 1616 et
413 1553 568 1632 potuerit,
586 1553 695 1616 locum
710 1553 820 1631 ipsum
836 1553 991 1614 deserere
1004 1569 1096 1614 com·
1150 1557 1268 1620 costes.
1293 1556 1328 1617 Si
1352 1570 1412 1634 pro
1440 1554 1638 1616 necessitate
1660 1553 1767 1620 domus
1786 1551 1894 1614 debitun

294 1651 449 1732 pellatur,
463 1669 538 1713 cum
553 1651 723 1729 apostolus
738 1652 836 1724 dicat,
849 1639 906 1730 qui
920 1666 987 1714 non
1001 1650 1097 1714 labo-
1149 1653 1283 1733 aliquod
1297 1653 1397 1716 fuerit
1408 1652 1667 1716 contrahendum
1687 1651 1771 1729 prius
1785 1651 1815 1711 iu
1825 1651 1894 1727 eapi-

297 1753 428 1813 ratuon
442 1749 630 1812 manducat.
1149 1753 1219 1815 tulo
1243 1751 1402 1816 iratribus
1430 1751 1645 1829 proponatur,
1674 1750 1793 1812 etcum
1814 1763 1896 1810 eoruu
1950 1799 1951 1838 3

334 1852 354 1928 5
375 1850 405 1911 5.
430 1847 605 1911 Silentium
631 1847 808 1910 observent
829 1863 961 1925 semper
983 1847 1018 1928 in
1037 1864 1096 1910 ec-
1149 1851 1375 1923 tiatconsilio,
1396 1850 1430 1913 et
1452 1848 1605 1912 assensui
1620 1849 1658 1909 ut
1674 1847 1731 1920 sic,
1745 1845 1896 1922 etsnpicio-
1950 1865 1951 1878 ¹

295 1948 397 2012 clesia
413 1963 485 2020 sua,
503 1961 634 2024 semper
656 1945 692 2007 in
713 1945 901 2018 refectorio,
916 1961 1047 2023 semper
1059 1946 1093 2007 iu
1148 1965 1209 2012 nes
1231 1951 1266 2012 et
1285 1947 1565 2010 murmurationes
1593 1946 1764 2010 evitentur.
1784 1943 1815 2006 Si
1832 1941 1898 2020 quis-

293 2045 498 2109 dormitorio.
520 2047 568 2106 De
589 2044 788 2106 necessariis
802 2045 913 2106 tamen
930 2044 1030 2106 liceat
1043 2043 1095 2107 lo-
1149 2064 1248 2126 quam
1262 2047 1303 2110 de
1317 2045 1503 2108 substantia
1517 2045 1636 2108 domus
1650 2039 1823 2106 violentiam
1834 2040 1897 2101 isca

294 2145 351 2224 qui
377 2144 413 2206 in
440 2143 517 2204 aliis
543 2141 747 2220 temporibus
771 2142 869 2219 aptis,
897 2143 931 2204 et
952 2143 1093 2206 remissa
1148 2146 1203 2220 rit,
1226 2147 1260 2209 et
1277 2144 1320 2208 ad
1346 2145 1494 2224 judicem
1519 2141 1703 2221 oportuerit
1725 2138 1836 2211 reterri,
1852 2152 1898 2199 nou

293 2258 375 2305 voce
398 2241 579 2314 humiliter,
605 2240 639 2301 et
664 2239 818 2315 honeste;
843 2241 877 2302 et
895 2241 990 2303 extra
1012 2257 1094 2319 prae·
1148 2245 1225 2307 ante
1239 2244 1303 2308 hoo
1317 2244 1385 2317 liat,
1402 2257 1501 2322 quam
1522 2241 1697 2304 caritative
1719 2234 1897 2300 illeairatri-

293 2341 381 2403 diota
396 2339 469 2402 loca
480 2338 602 2417 ubique
617 2354 726 2400 sermo
740 2353 855 2400 eorum
868 2339 912 2400 sit
921 2338 1091 2412 honestus,
1146 2342 1209 2404 bus
1224 2343 1342 2421 primo,
1350 2342 1424 2420 post
1438 2340 1479 2402 ab
1494 2338 1697 2404 aliisvioinis
1709 2335 1844 2399 similiter
1854 2346 1900 2393 ma

292 2439 410 2502 etsine
431 2437 600 2500 scandalo.
619 2435 779 2498 Similiter
797 2437 961 2499 eteorum
983 2437 1091 2499 omnis
1147 2441 1277 2503 neatur.

293 2536 409 2610 status,
425 2536 548 2613 gestus,
563 2533 643 2606 vita,
657 2533 746 2596 actio
762 2533 795 2596 et
819 2533 932 2596 omnia
947 2534 1015 2596 alia
1030 2533 1093 2598 ho·
1186 2541 1206 2616 3
1226 2543 1256 2602 6.
1280 2538 1405 2602 dilectio
1427 2536 1573 2600 ministri
1593 2551 1655 2615 par
1678 2545 1835 2597 commuue
1849 2527 1899 2588 lra-

293 2635 388 2698 nesta
409 2633 445 2694 in
466 2633 516 2694 eis
531 2633 752 2710 reperiantur.
769 2632 957 2709 Capitulum
976 2633 1005 2694 si
1018 2632 1091 2695 fleri
1145 2638 1235 2701 trum
1250 2637 1427 2701 eonsilium
1438 2637 1516 2700 fiat:
1532 2651 1594 2698 nec
1607 2633 1748 2711 eligatur
1761 2625 1900 2691 secundun

292 2731 412 2812 potest,
427 2729 567 2807 singulis
583 2729 758 2792 dominicis
772 2728 888 2791 diebus
899 2729 935 2792 in
950 2730 1091 2806 singulis
1146 2735 1492 2813 dignitatemgeneris,
1504 2731 1751 2796 sedsecundum
1760 2720 1902 2791 vitanen
1950 2767 1951 2776 .

293 2829 444 2893 domibus
459 2827 612 2889 minister
626 2826 871 2889 cumfratribus
885 2827 955 2888 suis
968 2829 1089 2902 teneat,
1145 2835 1215 2896 tum
1233 2835 1267 2898 et
1285 2832 1459 2911 sapientie
1481 2831 1678 2894 doctrinam.
1701 2827 1759 2890 Ille
1778 2839 1844 2886 vero
1862 2817 1901 2896 tili

293 2928 326 2990 et
339 2926 380 2989 de
394 2927 538 3004 negotiis
552 2925 668 2987 domus
682 2926 716 2989 et
726 2925 838 2987 domui
849 2924 919 2987 sive
934 2925 1090 2989 iratribus
1145 2931 1290 3009 eligitur,
1306 2930 1462 2994 sacerdos
1476 2929 1531 3003 sit,
1547 2928 1600 2992 vel
1616 2928 1756 2992 clericus
1769 2917 1901 2986 ordinibus

292 3025 389 3098 datis,
404 3026 441 3088 ut
458 3024 497 3086 ad
514 3023 774 3102 redemptionem
795 3023 1002 3102 captivorum
1016 3026 1089 3088 ter-
1145 3033 1242 3108 aptus
1265 3031 1298 3093 et
1314 3028 1359 3092 sit
1376 3028 1567 3108 professus:
1592 3027 1745 3089 minister
1764 3015 1901 3092 sonamite
1950 3037 1951 3068 2

290 3123 428 3202 tiapars
441 3122 627 3200 deputetur,
651 3121 771 3184 iratres
789 3121 953 3196 ministro,
974 3122 1008 3185 et
1021 3123 1089 3185 mi·
1145 3131 1262 3208 maior,
1284 3128 1355 3190 sive
1367 3127 1488 3200 minor,
1500 3124 1658 3188 sacerdos
1680 3124 1732 3186 sit
1756 3113 1903 3196 111101111-

291 3220 396 3284 nister
409 3220 568 3283 iratribus
592 3219 756 3282 rationem
778 3218 921 3282 fideliter
937 3219 1088 3285 reddant.
1145 3227 1250 3290 nister
1275 3225 1501 3288 confessiones
1525 3223 1668 3286 iratrum
1695 3219 1829 3282 omnium
1845 3226 1903 3273 coh·

291 3319 487 3382 Nonsolum
507 3316 667 3380 iratribus
689 3317 746 3378 sed
769 3317 802 3378 et
824 3316 960 3380 familiae
974 3318 1089 3394 domus
1144 3324 1377 3402 gregationum
1391 3322 1540 3402 ejusdem
1552 3321 1685 3384 ordinis
1696 3318 1805 3381 audire
1814 3309 1901 3390 potest.

291 3432 351 3496 pro
366 3417 550 3496 capacitate
572 3431 633 3477 sua
656 3407 811 3478 similiter
829 3415 970 3491 singulis
983 3416 1091 3478 domi·
1144 3423 1254 3486 Minoi·
1273 3439 1354 3487 vero
1376 3422 1529 3484 minister
1550 3419 1701 3483 omnium
1722 3414 1904 3478 irammsua

292 3515 379 3578 uicis
392 3514 519 3587 diebus,
537 3513 566 3578 si
583 3513 658 3575 deri
681 3513 799 3592 potest,
818 3513 1006 3577 exhortatio
1019 3515 1087 3588 flat,
1142 3520 1261 3584 domus
1275 3520 1391 3583 audiat
1404 3517 1649 3594 contessionem
1660 3510 1825 3578 dummodo
1833 3517 1905 3568 vere·

291 3614 416 3694 etquid
432 3613 752 3688 credereautagere
767 3611 919 3686 debeant,
933 3613 1090 3691 simplici·
1144 3619 1264 3682 cundia
1289 3618 1422 3696 repetiti
1449 3631 1607 3682 exossam
1636 3611 1835 3677 occasionem
1858 3600 1903 3664 mi·

289 3711 342 3776 ter
355 3712 553 3775 moneantur
566 3731 573 3772 ι
588 3711 628 3773 de
643 3709 796 3773 omnibus
808 3709 906 3772 rebus
922 3710 954 3772 et
964 3711 1090 3775 elamo-
1143 3717 1385 3795 nimepraeheat
1396 3715 1525 3778 tardius
1534 3713 1685 3792 praelatis
1695 3703 1903 3774 suisveluiuus

289 3810 382 3874 ribus
397 3811 433 3872 in
446 3809 591 3888 capitulo
613 3808 734 3872 iratres
749 3809 954 3887 judicentur.
968 3809 1088 3872 Nullus
1142 3831 1225 3894 pure
1239 3831 1338 3894 quam
1353 3814 1469 3878 deceat
1482 3811 1674 3884 confitendi,
1699 3805 1830 3872 sollicite
1847 3809 1903 3862 tem

288 3907 429 3972 fratrum
447 3907 584 3970 fratrem
610 3923 707 3968 suum
730 3907 765 3968 in
787 3905 919 3984 publico
942 3908 1086 3982 accuset,
1143 3913 1294 3976 minister
1305 3911 1488 3992 prevideat,
1505 3911 1541 3973 ut
1553 3910 1721 3989 praecepta
1733 3901 1853 3982 regula.
1869 3894 1904 3955 ⁵1·

289 4005 358 4068 uisi
385 4005 470 4067 bene
493 4005 599 4083 possit
622 4003 775 4082 probare.
801 4005 864 4076 Qui
886 4005 996 4067 autem
1023 4003 1088 4068 hoc
1142 4011 1198 4074 cut
1212 4012 1324 4074 caeteri
1337 4010 1470 4080 batres,
1493 4023 1554 4088 per
1576 4007 1692 4070 omnia
1703 4001 1816 4069 teneat
1830 3993 1904 4060 Post·

288 4102 405 4166 ieoerit
427 4117 559 4181 poenam
583 4100 710 4173 subeat,
731 4117 830 4179 quam
852 4116 930 4164 reus
949 4102 1085 4177 subiret,
1142 4125 1241 4188 quam
1255 4124 1335 4173 vero
1348 4109 1474 4172 electus
1486 4106 1587 4170 fuerit
1598 4105 1628 4168 si
1651 4122 1696 4167 ex
1709 4104 1801 4180 oulpa
1814 4087 1905 4170 deponi

288 4199 318 4262 si
333 4199 486 4263 convinci
502 4199 671 4276 potuisset,
688 4197 754 4260 nisi
764 4199 917 4262 minister
928 4216 972 4262 ex
985 4215 1087 4264 causa
1141 4207 1312 4280 meruerit,
1326 4221 1386 4285 per
1398 4209 1559 4286 madorem
1574 4204 1766 4267 ministrum
1777 4204 1907 4263 convoca·

288 4310 364 4360 cum
378 4313 418 4360 eo
439 4291 633 4376 dispensare
645 4294 799 4359 voluerit.
821 4298 928 4376 siqui
941 4299 1086 4362 scanda-
1141 4307 1185 4369 tis
1196 4305 1303 4369 tribus
1324 4305 1378 4368 vel
1402 4306 1546 4383 quatuor
1567 4301 1733 4366 ministris
1757 4289 1905 4360 minoribus

287 4395 368 4469 lum,
397 4395 450 4459 vel
477 4394 602 4473 aliquid
638 4394 829 4473 hujusmodi
862 4395 1002 4460 iecerint
1033 4398 1087 4461 vel
1141 4404 1337 4482 deponatur,
1353 4405 1387 4466 et
1400 4402 1499 4476 alius,
1512 4399 1569 4481 qui
1581 4401 1705 4477 dignus
1717 4398 1771 4467 sit,
1783 4395 1846 4457 loco
1854 4389 1906 4463 ejus

288 4493 390 4574 (quod
402 4493 502 4574 absit)
521 4492 715 4556 seinvicem
739 4495 974 4571 percusserint,
987 4496 1085 4573 iuxta
1141 4501 1349 4580 subrogetur.
1364 4501 1487 4563 sivero
1503 4515 1562 4577 pro
1577 4499 1763 4561 remotione
1774 4495 1906 4555 terrarm
1952 4543 1953 4548 ,

287 4593 462 4655 arbitrium
486 4591 641 4665 ministri,
665 4592 785 4670 majori
806 4593 859 4655 vel
875 4593 998 4654 minori
1010 4594 1087 4656 vin-
1139 4601 1193 4664 val
1205 4601 1272 4662 alia
1282 4615 1384 4662 causa
1394 4597 1585 4662 rationabili
1596 4600 1707 4676 major
1718 4583 1907 4656 ministerhoc
1952 4555 1953 4636 l

286 4691 384 4754 dictae
398 4691 603 4770 subjaceant.
631 4690 666 4752 Si
688 4690 762 4768 quis
784 4689 888 4753 frater
899 4691 934 4752 in
948 4689 1085 4754 tratrem
1139 4698 1251 4762 facere
1264 4712 1330 4760 non
1346 4695 1477 4776 poterit,
1494 4695 1657 4757 ministris
1676 4689 1847 4755 minorihus
1859 4691 1908 4781 maj

286 4790 485 4870 peccaverit,
501 4787 727 4850 idestoontra
748 4787 897 4861 fratrem,
918 4788 950 4850 id
968 4789 1085 4860 osteo
1139 4797 1255 4875 gisque
1279 4795 1448 4872 religiosis
1477 4793 1677 4868 committat;
1715 4794 1749 4853 et
1779 4779 1853 4864 quod
1871 4771 1907 4837 illl
1952 4783 1953 4800 ¹

285 4888 358 4950 8⁰10
373 4888 510 4959 sciente,
527 4886 583 4964 qui
597 4886 757 4964 iniuriam
769 4902 887 4965 pastus
902 4887 963 4961 est,
978 4888 1084 4951 susti·
1138 4892 1280 4956 iecerint
1293 4891 1491 4956 auctoritate
1512 4889 1651 4968 majoris
1675 4889 1784 4950 ratum
1806 4877 1905 4942 ialee·
1952 4897 1953 4930 ³

287 4987 366 5051 neat
386 4985 561 5063 patienter,
583 4984 662 5048 licet
688 4984 732 5046 sit
753 4983 929 5061 innocens;
955 4987 1083 5050 etcum
1138 4991 1203 5054 tur.
1220 4992 1328 5067 Major
1341 5005 1421 5052 vero
1443 4987 1597 5050 minister
1618 4986 1647 5048 si
1669 5000 1732 5064 pro
1748 4972 1907 5045 excessibus
1952 4991 1953 5054 3

287 5083 452 5162 quieverit
471 5081 647 5143 commotio
667 5081 866 5152 animorum,
890 5081 1033 5162 benigne
1051 5086 1085 5148 et
1138 5088 1354 5166 corrigendus
1364 5087 1419 5150 vel
1431 5085 1645 5164 deponendus
1658 5084 1704 5147 sit
1717 5095 1775 5160 per
1784 5075 1906 5158 quatuor,
1952 5071 1953 5096 ³

285 5181 432 5244 fraterne
444 5179 662 5250 commoueat,
675 5180 708 5243 et
719 5180 879 5258 corripiat
891 5197 966 5243 eum
979 5198 1083 5260 usque
1137 5186 1358 5265 autquinque
1371 5185 1542 5248 ministros
1556 5181 1709 5262 eiusdem
1728 5175 1846 5243 ordinis
1855 5181 1910 5272 na·
1952 5235 1953 5238 ,

285 5280 338 5345 ter
351 5279 440 5342 inter
454 5293 490 5338 se
502 5278 535 5339 et
546 5276 655 5354 ipsum
669 5277 787 5350 solum,
805 5280 838 5341 et
855 5280 1083 5358 poenitentiam
1137 5285 1190 5362 gis
1218 5283 1385 5360 religiosis
1414 5282 1477 5344 hoc
1500 5281 1569 5354 flat,
1599 5280 1656 5358 qui
1685 5280 1767 5343 tuuc
1791 5269 1910 5336 aucton·
1952 5275 1953 5288 ¹

285 5392 387 5456 agere
400 5376 441 5438 de
456 5375 643 5448 commisso,
655 5378 687 5440 et
706 5375 904 5439 asimilibus
921 5378 956 5439 in
971 5379 1085 5456 poste·
1137 5382 1205 5446 tate
1219 5381 1387 5458 generalis
1402 5378 1539 5458 capituli
1555 5377 1597 5440 ad
1611 5377 1676 5438 hoc
1700 5372 1786 5449 elegi
1803 5359 1909 5430 debent
1952 5461 1953 5464 Ἴ

281 5493 359 5550 ¹rum
372 5474 549 5538 abstinere.
573 5475 711 5547 Quodsi
737 5491 804 5537 non
820 5475 976 5545 audierit,
994 5477 1083 5540 dicat
1176 5481 1196 5558 5
1216 5483 1247 5542 7.
1271 5480 1306 5542 Si
1317 5479 1390 5557 quis
1412 5477 1511 5553 hujus
1526 5475 1652 5538 ordinis
1668 5473 1772 5536 irater
1787 5479 1853 5530 esse
1864 5471 1911 5566 vo·
1952 5521 1953 5552 ἶ

284 5573 449 5646 ministro,
474 5574 508 5636 et
525 5573 583 5635 ille
606 5575 767 5653 corripiat
788 5589 864 5636 eum
886 5575 1013 5638 secreto
1028 5591 1083 5638 se-
1137 5579 1249 5650 luerit,
1266 5577 1373 5656 primo
1386 5591 1446 5654 per
1459 5566 1833 5648 anuumcumexpensis
1846 5569 1909 5660 sula

173 5733 177 5742 .
285 5673 428 5736 cundum
443 5671 529 5751 quod
553 5669 674 5736 viderit
697 5671 797 5734 saluti
822 5673 894 5750 ejus
911 5673 1079 5750 expedire.
1137 5675 1394 5754 praetervictum
1410 5672 1525 5736 habitu
1549 5687 1620 5744 suo,
1640 5669 1676 5732 et
1700 5663 1844 5730 omuibus
1857 5663 1911 5716 suit
1952 5665 1953 5684 1
