4014 6312
73 391 143 452 5011

76 551 117 611 16
144 546 292 627 partibus
317 545 386 610 illis
410 547 556 612 officium
580 549 757 626 legationis
780 563 881 614 exer-

75 665 174 717 cens,
194 647 333 726 praefato
355 647 520 724 episcopo,
542 648 575 709 et
594 647 788 727 quibusdam
804 649 879 710 aliis

76 745 286 814 convocatis,
308 745 344 807 16
358 745 449 822 ipsos
464 748 588 808 Fauen.
607 746 640 809 et
655 763 769 809 eorum
784 763 879 809 corn-

75 845 187 922 plices
203 859 262 921 pro
277 842 500 906 destructione
523 843 689 922 praedictae
705 847 882 907 1666666-

76 943 236 1018 pronien.
253 940 415 1014 ecclesiae,
433 942 786 1006 excommunicationis
804 959 883 1004 sen·-

74 1040 222 1101 tentiam
237 1039 439 1116 protulisset,
457 1040 655 1118 sepedictus
669 1040 882 1118 Albergettus

76 1152 144 1212 per
165 1137 305 1197 nuncios
326 1138 595 1200 suosmandavit
608 1138 674 1215 ipsi
693 1139 883 1218 episcopoa

76 1233 264 1311 praesentia
291 1233 372 1297 dicti
393 1235 495 1312 legati
516 1251 663 1310 reverso,
687 1237 881 1298 6166666-

77 1331 320 1394 municationis
344 1332 377 1393 61
397 1333 564 1396 interdicti
583 1335 776 1407 sententias,
800 1350 883 1415 quas

77 1429 116 1490 in
135 1428 255 1505 ipsum,
272 1429 472 1506 etjudicem,
497 1447 536 1494 ac
552 1431 712 1496 familiam
727 1448 833 1505 suam,
851 1433 884 1495 et

78 1525 253 1588 civitatem
273 1529 398 1590 Fauen.
415 1529 609 1607 protulerat,
630 1545 669 1592 ac
684 1529 785 1591 aliam
801 1546 884 1608 quo-

79 1641 146 1702 qne
172 1625 273 1688 latam
292 1624 326 1686 in
351 1627 524 1688 mulierem
547 1627 723 1704 quamdam
743 1644 804 1705 pro
830 1643 881 1700 eo,

79 1722 171 1798 quod
183 1723 359 1800 quamdam
375 1724 524 1788 ccclesiae
540 1741 609 1786 suae
622 1725 755 1788 domum
769 1727 884 1788 contra

73 1820 248 1897 Justitiam
268 1819 393 1882 detinet
413 1821 587 1895 violenter,
608 1823 681 1884 sine
695 1823 884 1885 conditione

78 1917 234 1999 qualibet
259 1918 438 1992 relaxaret,
462 1935 524 1982 nec
544 1920 729 1998 impediret,
755 1919 886 2000 quomi-

80 2032 148 2076 nus
166 2015 271 2092 ipsius
287 2016 436 2078 ecclesiae
451 2017 602 2080 homines
616 2019 805 2096 impositam
821 2018 885 2080 sibi

79 2113 260 2175 collectam
275 2114 497 2188 exsolverent,
510 2115 592 2178 et'de
606 2117 738 2178 statutis
751 2117 885 2178 concilii

79 2212 152 2273 toto
169 2211 317 2288 tempore
339 2212 391 2274 sui
410 2212 584 2288 regiminis
600 2215 803 2278 mentionem
819 2231 885 2276 non

80 2308 222 2380 faceret,
250 2309 364 2370 66116
392 2309 538 2388 aliquem
564 2315 636 2389 ojus
657 2311 886 2389 jurisdictioni

81 2405 272 2482 subjectum
303 2409 655 2470 excommunicationis
687 2409 886 2472 seutentiam

82 2503 326 2582 promulgaret.

125 2603 304 2680 Quumque
339 2602 427 2664 idem
457 2602 632 2680 episcopus
660 2603 778 2666 nolens
815 2606 886 2685 ejus

82 2701 226 2763 malitiae
254 2701 455 2772 consentire,
482 2700 618 2765 6116661
651 2701 769 2773 eidem,
800 2702 885 2782 quod

84 2797 263 2876 superbis
289 2797 442 2860 omnibus
461 2797 497 2859 in
518 2799 648 2876 aliquos
665 2800 755 2861 viros
779 2799 888 2861 ecclo-

83 2895 242 2958 siasticos
279 2896 569 2972 compromitteret,
595 2896 768 2960 eteorum
797 2896 888 2958 arbi-

83 2993 270 3056 triumsine
285 2993 508 3070 refragatione
522 2994 667 3072 qualibet
682 2993 885 3066 observaret,

84 3089 410 3166 dictusAlbergettus
426 3090 536 3152 verbis
544 3091 709 3168 justitiam
717 3092 769 3154 vel
783 3091 890 3170 aequi-

86 3189 192 3250 tatem
208 3187 401 3250 sonantibus
416 3188 576 3250 obturans
588 3205 687 3252 aures
698 3188 731 3251 61
741 3189 889 3250 661666

86 3302 194 3358 more,
218 3301 258 3348 ac
278 3285 318 3346 de
338 3285 475 3347 maloin
493 3289 587 3364 pejus
610 3287 805 3359 corruendo,
826 3287 889 3349 de-

85 3384 282 3447 monstrans
295 3399 330 3444 se
352 3400 453 3461 super
479 3385 639 3447 talentum
668 3384 793 3463 plumbi
815 3401 889 3448 cum

86 3483 269 3560 iniquitate
279 3481 405 3554 sedere,
416 3482 603 3544 sacristiam
615 3483 777 3544 Fanensis
788 3484 891 3545 eccle-

88 3581 165 3652 siae,
181 3579 217 3640 16
232 3596 296 3657 qua
307 3580 403 3642 erant
414 3596 553 3656 corpora
572 3581 775 3648 sanctorum,
792 3580 891 3642 indu-

87 3680 217 3749 menta,
242 3676 330 3751 libri,
354 3679 387 3739 et
404 3680 526 3741 caetera
545 3677 772 3740 ecclesiastica
787 3693 891 3740 orna-

89 3777 222 3843 menta,
258 3791 332 3836 cum
357 3775 503 3852 capella,
534 3776 569 3838 61
593 3775 790 3852 quibusdam
815 3775 890 3836 aliis

89 3873 193 3934 rebus
215 3873 319 3950 ipsius
343 3873 502 3951 episcopi,
527 3889 567 3935 ac
594 3873 711 3936 Hostia
737 3871 785 3954 (1)
810 3875 889 3934 uni-

89 3987 192 4033 uersa
217 3970 386 4032 canonicae
411 3970 583 4035 securibus
605 3971 717 4049 frangi
740 3971 828 4045 fecit,
852 3988 891 4033 ac

90 4085 145 4130 res
162 4067 287 4130 ibidem
303 4069 457 4131 inventas
472 4068 649 4142 conscribi,
667 4069 700 4132 61
714 4069 892 4132 canonicos

91 4167 131 4228 de
157 4167 234 4242 ipsa
262 4167 424 4227 canonica
453 4166 543 4244 ejici,
560 4167 741 4230 subtractis
766 4166 891 4230 eisdem

92 4262 249 4325 omnibus
262 4263 440 4325 alimentis.
455 4264 580 4326 Deinde
589 4265 734 4326 ministri
744 4265 891 4343 ejusdem

92 4361 126 4420 in
140 4359 331 4438 episcopale
346 4359 507 4438 palatium
528 4361 705 4433 irruentes,
725 4363 759 4422 et
779 4376 892 4422 came-

92 4474 166 4518 ram
191 4458 297 4534 ipsius
319 4458 466 4535 episcopi
490 4457 680 4534 frangentes
708 4458 890 4530 securibus,

94 4555 234 4628 scrinia,
251 4555 420 4632 inquibus
436 4555 611 4633 privilegia
627 4559 660 4619 61
674 4555 893 4620 instrumenta

95 4654 310 4730 episcopatus
322 4653 430 4730 posita
447 4655 554 4726 erant,
572 4655 704 4732 penitus
720 4653 894 4732 confrege-

96 4751 189 4822 runt,
212 4766 251 4811 ac
273 4750 473 4828 expulerunt
501 4751 710 4829 capellanum
732 4754 765 4814 et
779 4768 895 4814 omnes

96 4848 283 4910 servientes
298 4848 403 4926 ipsius
418 4849 617 4927 episcopide
631 4849 768 4927 palatio,
780 4851 893 4936 etsolo

95 4948 186 5010 inter
202 4947 333 5009 Satanae
349 4947 510 5010 satellites
526 4951 729 5021 remanente,
755 4966 895 5028 quorum

96 5061 185 5106 unus
212 5044 319 5106 adbuc
346 5044 562 5108 humanitatis
592 5046 718 5126 aliquid
748 5047 896 5110 retinens

96 5143 163 5203 sibi
178 5141 264 5205 dixit
276 5143 311 5204 16
326 5158 420 5212 aure,
435 5144 521 5221 quod
539 5143 698 5222 praefatus
723 5143 898 5222 Alberget-

97 5243 151 5302 tus
174 5257 251 5302 eum
279 5239 434 5304 mutilare
462 5243 603 5304 firmiter
621 5244 849 5322 proposuerat,
868 5245 896 5306 si

99 5355 139 5400 ea
164 5339 261 5401 nocte
287 5340 323 5401 in
346 5339 419 5416 ipso
439 5339 564 5420 palatio
588 5342 786 5415 remaneret,
801 5341 898 5405 vuude

99 5437 188 5498 idern
213 5438 388 5516 episcopus
410 5435 451 5499 de
473 5438 545 5500 viro
567 5439 755 5518 iniquitatis
779 5441 898 5503 merito

101 5535 216 5612 iniqua
246 5552 462 5613 praesumens,
486 5537 597 5598 statim
617 5537 701 5614 fugit
724 5539 765 5600 ad
792 5539 898 5602 altare

139 5737 180 5810 11)
198 5739 365 5812 legendum
378 5747 526 5814 putamus:
539 5739 620 5797 ostia.

710 389 936 452 66166666.
959 391 1038 452 um.
1064 393 1109 476 11„
1673 399 1733 456 616

934 551 1071 628 majoris
1106 552 1262 614 Ecclesiae
1296 550 1502 618 vestimentis
1540 557 1574 616 et
1606 554 1731 618 calcea·

935 649 1054 711 montis
1075 649 1238 722 omnibus,
1256 651 1342 727 quod
1366 652 1467 714 61166
1489 652 1599 714 dicere
1626 653 1732 729 pudor

936 749 996 816 661,
1013 748 1174 825 spoliatus
1192 770 1199 808 ι
1216 747 1327 826 ibique
1341 765 1415 812 cum
1431 749 1612 826 septemde
1624 750 1731 828 ipsius

935 845 1000 908 loci
1020 845 1191 908 canonicis
1213 847 1247 907 et
1261 861 1375 908 eorum
1400 847 1527 910 familia
1549 849 1732 924 permansit

937 943 1042 1004 tribus
1057 941 1174 1005 diebus
1189 944 1222 1006 61
1245 943 1397 1008 noctibus
1424 947 1496 1007 sine
1522 961 1620 1023 pano,
1639 947 1730 1020 rino,

936 1057 1034 1120 aqna,
1051 1041 1084 1104 et
1099 1041 1250 1104 omnibus
1264 1041 1442 1112 alimentis,
1459 1043 1566 1104 valvis
1582 1045 1732 1106 ecclesiae

937 1139 1078 1202 confixis
1094 1139 1198 1203 clavis
1212 1140 1330 1202 ferreis
1346 1139 1386 1200 de
1407 1141 1500 1213 foris,
1515 1157 1556 1202 ne
1571 1142 1654 1218 ipsis
1669 1159 1732 1219 pa-

937 1238 1022 1299 teret
1036 1253 1202 1314 egressus,
1218 1238 1249 1300 61
1260 1237 1449 1302 custodibus
1462 1239 1626 1316 deputatis
1643 1241 1733 1302 circa

937 1335 1043 1413 ipsam
1060 1333 1235 1398 ecclesiam
1247 1351 1289 1398 ne
1303 1351 1363 1412 per
1375 1335 1537 1398 fenestras
1552 1337 1659 1412 panis
1676 1338 1735 1398 aut

938 1433 1085 1494 edulium
1117 1433 1207 1495 aliud
1231 1432 1421 1496 inferretur.
1451 1435 1622 1496 Postremo
1645 1435 1734 1495 idern

938 1533 1114 1610 episcopus
1141 1531 1174 1593 in
1206 1531 1397 1608 hujusmodi
1431 1532 1548 1594 mortis
1578 1533 1734 1608 angustia

938 1629 1076 1704 positus,
1092 1627 1180 1690 facta
1202 1629 1439 1706 protestatione
1460 1645 1573 1691 coram
1589 1627 1660 1705 ipso
1679 1629 1735 1690 al-

938 1726 1014 1799 tari,
1041 1729 1073 1790 et
1094 1727 1264 1788 canonicis
1291 1726 1477 1798 antedictis,
1505 1742 1547 1788 ne
1576 1726 1735 1804 praejudi-

939 1825 1030 1886 caret
1044 1823 1197 1888 ecclesiae
1212 1824 1297 1901 qnod
1313 1827 1380 1886 166
1400 1826 1491 1887 certo
1507 1824 1623 1886 mortis
1644 1827 1734 1886 metu

921 1963 922 1968 κ
939 1921 1049 1984 facere
1064 1921 1253 1998 cogebatur,
1269 1921 1446 1994 consensit,
1469 1923 1504 1983 ut
1525 1922 1665 1984 mortem
1680 1921 1734 1982 ef-

940 2019 1077 2096 fugeret,
1093 2019 1172 2081 dicti
1188 2020 1372 2096 Albergetti
1386 2019 1600 2096 petitionibus
1615 2034 1736 2096 supra-

941 2117 1049 2180 dictis.
1076 2117 1239 2181 Praefatus
1253 2133 1333 2178 vero
1355 2117 1485 2194 legatus
1507 2133 1581 2178 curn
1606 2117 1678 2178 baec
1693 2117 1735 2178 ad

940 2231 1039 2278 aures
1055 2219 1128 2293 ejus
1149 2216 1303 2293 impietas
1320 2215 1535 2293 pervenisset,
1557 2215 1599 2276 ad
1625 2217 1734 2276 Seno-

940 2313 1134 2390 galliensem
1152 2313 1320 2376 civitatem
1342 2313 1484 2376 festinus
1503 2313 1677 2384 accedens,
1699 2313 1736 2372 in

940 2412 1050 2489 ipsum
1071 2412 1276 2488 potestatem,
1300 2411 1459 2472 6116166
1486 2411 1663 2471 consilium
1687 2408 1737 2471 ci·

940 2509 1053 2572 vitatis
1068 2509 1229 2570 Fanensis
1245 2508 1438 2570 solemniter
1448 2507 1671 2584 promulgavit
1682 2523 1737 2568 ex-

941 2604 1249 2668 communicationis
1260 2604 1470 2675 sententiam,
1479 2603 1572 2668 salva
1583 2619 1623 2666 aa
1638 2619 1737 2681 quarn

942 2719 1001 2779 pro
1029 2701 1116 2764 facto
1141 2700 1287 2779 praefatae
1318 2701 1665 2780 Forosemproniensis
1687 2715 1738 2762 ec·

942 2800 1052 2860 616616
1066 2799 1188 2861 tulerat
1202 2799 1237 2860 in
1251 2798 1394 2860 eosdem.
1412 2798 1504 2860 Licet
1517 2797 1619 2873 igitur
1640 2811 1738 2874 poena

943 2897 1092 2958 severior
1114 2897 1216 2960 tantis
1241 2896 1418 2958 deberetur
1446 2893 1649 2967 excessibus
1676 2909 1738 2955 nos

942 2997 1054 3057 tamen
1067 2995 1192 3056 mitiori
1216 2995 1356 3066 utentes,
1383 2994 1423 3054 ad
1446 3009 1593 3072 praesens
1608 2991 1739 3069 praefati

943 3091 1044 3169 legati
1060 3093 1258 3153 sententiam
1274 3091 1670 3168 auctoritateApostolica
1683 3104 1741 3150 ro-

943 3191 1110 3263 boramus,
1123 3193 1155 3252 61
1172 3189 1339 3252 civitatem
1354 3189 1547 3266 praedictam
1562 3187 1741 3251 districtis-

945 3290 1028 3351 simo
1041 3287 1236 3366 subjicimus
1255 3287 1442 3349 interdicto.
1464 3286 1676 3364 AdJicientes,
1703 3286 1739 3346 ut

945 3382 1102 3461 praelatus
1130 3382 1340 3459 Albergettus
1381 3385 1414 3444 et
1447 3381 1624 3458 complices
1649 3383 1738 3457 ejus,

945 3483 1045 3544 etiam
1060 3481 1153 3543 finito
1176 3481 1227 3541 sui
1242 3481 1415 3557 regiminis
1435 3482 1595 3558 ternpore,
1611 3479 1740 3540 nibilo-

945 3581 1056 3641 minus
1078 3580 1193 3642 eadem
1217 3579 1381 3641 sententia
1405 3579 1592 3650 teneantur,
1620 3593 1682 3638 nec
1699 3575 1741 3636 ab

946 3693 986 3738 66
1001 3676 1129 3754 possint
1141 3676 1280 3749 absolvi,
1294 3676 1360 3736 nisi
1375 3675 1596 3754 personaliter
1607 3675 1741 3752 propter

946 3775 1008 3835 boo
1023 3774 1064 3835 ad
1092 3775 1209 3852 Sedem
1234 3774 1387 3836 venerint
1411 3773 1647 3850 Apostolioam,
1671 3770 1741 3840 ,nisi

946 3873 1060 3934 forsan
1079 3873 1115 3933 in
1138 3871 1253 3934 mortis
1273 3871 1414 3934 articulo
1439 3871 1627 3946 constituti;
1651 3885 1740 3932 uxo-

946 3987 1017 4032 rem
1042 3986 1183 4048 quoque,
1208 3985 1248 4032 ac
1276 3969 1437 4032 familiam
1465 3972 1538 4046 ejus
1567 3967 1742 4030 sententiaa

947 4068 1141 4146 suincimus
1166 4069 1355 4142 interdicti,
1373 4067 1571 4130 anctoritate
1593 4081 1743 4144 praesen-

947 4167 1029 4231 tium
1042 4166 1243 4239 inhibentes,
1256 4169 1293 4228 ut
1302 4166 1450 4244 quandiu
1470 4165 1667 4243 saepedictus
1677 4165 1740 4226 Al-

946 4265 1115 4344 bergettus
1132 4263 1169 4326 in
1197 4265 1309 4343 aliqua
1334 4265 1480 4337 ciuitate,
1511 4263 1658 4334 castello,
1683 4277 1743 4324 seu

947 4363 1028 4425 villa
1038 4363 1257 4440 personaliter
1275 4361 1387 4434 fuerit,
1409 4361 1521 4424 nullus
1533 4361 1579 4422 ibi
1594 4361 1743 4422 divinum

948 4463 1129 4538 praesumat
1142 4461 1286 4524 officinm
1313 4460 1493 4532 celebrare,
1515 4460 1549 4520 et
1562 4458 1591 4520 si
1613 4458 1687 4534 quis
1712 4457 1743 4518 ei

948 4559 1091 4637 alicujus
1116 4558 1328 4636 obligationis
1350 4557 1484 4618 vinculo
1502 4558 1553 4618 est
1564 4555 1743 4616 adstrictus

949 4674 1016 4720 666
1041 4657 1196 4720 teneatur
1219 4655 1327 4717 eidem
1347 4655 1395 4716 sie
1412 4654 1516 4730 ligato
1533 4653 1744 4730 aliquatenus

949 4755 1160 4836 respondere.
1175 4754 1225 4840 Ad
1239 4754 1310 4814 baeo
1323 4752 1383 4812 sub
1405 4767 1503 4829 poena
1516 4750 1745 4813 excommnni-

950 4854 1090 4916 cationis
1114 4851 1359 4914 districtissime
1382 4850 1583 4922 iuhibemus,
1611 4865 1653 4912 ne
1677 4848 1744 4909 ali-

950 4965 1014 5028 qua
1030 4949 1160 5018 civitas,
1185 4947 1368 5020 castellum,
1386 4963 1446 5010 seu
1472 4946 1552 5008 villa
1583 4944 1746 5023 saepedic-

951 5050 1019 5110 tum
1041 5047 1267 5123 Albergettum
1292 5046 1360 5108 ullo
1376 5060 1520 5123 unquam
1540 5045 1687 5121 tempore
1709 5041 1745 5104 in

951 5147 1125 5217 rectorem,
1141 5160 1203 5223 seu
1217 5145 1414 5221 potestatem
1432 5144 1589 5215 assumat,
1610 5141 1747 5202 santen-

951 5245 1015 5306 tias
1029 5245 1058 5305 si
1073 5259 1155 5321 quas
1177 5242 1263 5312 forte
1282 5241 1382 5316 idem,
1406 5242 1459 5304 rel
1486 5241 1607 5318 aliquis
1630 5237 1749 5300 auoto-

953 5343 1051 5404 ritate
1069 5342 1175 5420 ipsius
1199 5340 1384 5419 protulerit,
1402 5340 1549 5418 quandiu
1574 5337 1674 5398 fuerit
1697 5336 1745 5398 sic

954 5441 1088 5518 ligatus,
1105 5441 1320 5502 decernentes
1341 5439 1456 5501 irritas
1468 5440 1500 5499 et
1513 5437 1640 5507 inanes,
1654 5434 1746 5496 nullo

954 5555 1098 5617 linquam
1107 5538 1255 5617 tempore
1267 5536 1447 5600 valituras:
1465 5534 1525 5596 sub
1535 5549 1632 5611 poena
1646 5532 1746 5594 61166
