3986 6304
259 305 317 366 103

258 479 349 536 cans,
364 463 400 525 ut
416 477 490 523 cum
507 476 546 522 eo
561 460 775 537 dignaremur
794 460 1055 527 misericorditer

258 562 463 638 dispensare.
478 559 638 631 Quocirca
653 557 848 621 discretioni
860 561 980 622 vestrae
995 578 1055 639 per

258 658 441 737 apostolica
455 657 579 734 scripta
601 657 808 729 mandamus,
831 658 1007 734 quatenus,
1025 659 1054 720 si

889 301 1063 367 aonoau
1086 305 1129 367 111
1152 308 1298 370 oreas.
1830 320 1876 382 104

1109 469 1273 544 quatenus
1285 468 1362 532 illos
1375 469 1432 548 qui
1446 472 1683 548 possessiones,
1697 471 1746 536 vel
1759 489 1816 548 res,
1831 493 1878 539 seu

1109 565 1224 628 domos
1242 567 1479 645 predictorum
1490 649 1492 654 ι
1502 567 1652 644 fratrum,
1667 571 1717 632 vel
1731 570 1877 636 bominum

1110 679 1245 725 suorum
1266 665 1491 728 irreverenter
1509 668 1700 738 invaserint,
1716 670 1769 730 aut
1785 686 1820 731 ea
1832 671 1878 732 in·
1970 687 1971 710 i

258 755 365 818 eidem
381 755 529 816 ecclesiae
545 755 706 818 noveritis
717 753 886 830 expedire,
902 756 1052 817 eumdem
1105 763 1197 838 Juste
1223 762 1427 825 detinuerint
1455 781 1528 841 quae
1554 765 1717 842 predictis
1744 765 1880 829 fratribus
1970 757 1971 784 *

257 857 286 917 J.
321 855 416 931 quasi
452 854 492 914 de
526 869 612 916 novo
647 852 844 914 auctoritate
881 854 996 915 nostra
1019 853 1054 914 in

257 952 371 1014 eadem
393 951 553 1023 ecclesia,
583 949 711 1011 sublato
735 950 969 1026 appellationis
996 951 1056 1012 ob-

257 1050 394 1120 staculO,
409 1048 513 1126 recipi
529 1048 671 1120 faciatis
686 1049 836 1124 injuncta
856 1049 921 1125 ipsi
942 1049 1053 1126 poeni·

256 1148 359 1210 tentia
373 1163 472 1224 quam
485 1146 636 1208 videritis
651 1146 818 1222 expedire.
832 1147 924 1218 Quod
940 1147 968 1207 si
985 1163 1051 1208 non

256 1261 381 1318 omnes,
413 1247 488 1317 etc,
522 1244 587 1305 duo
615 1245 772 1316 vestrum,
807 1245 895 1307 etc...
932 1247 1051 1308 Datum

257 1346 371 1406 Rornae
386 1343 474 1419 apud
486 1345 518 1402 S.
531 1343 676 1414 Petrum,
689 1341 842 1402 kalendis
855 1341 1052 1415 decembris,

257 1439 467 1518 pontificatus
482 1439 588 1502 nostri
603 1454 691 1502 anuo
706 1439 825 1517 primo.

566 1669 747 1758 LXXVII

259 1877 310 1936 Ad
323 1877 616 1949 orrclrtcptsoopam
638 1878 852 1944 Rcracasem,
872 1877 906 1936 et
931 1875 1057 1950 ταρτα-

298 1987 426 2048 pancos
448 1973 482 2033 et
502 1973 636 2034 obbutcs
666 1973 700 2034 et
717 1975 871 2047 priores,
898 1976 1053 2044 decanos,

297 2073 555 2132 urrchtdioconos
585 2070 620 2131 et
650 2073 803 2132 oliorum
834 2073 1056 2132 ecclesiarum

298 2168 462 2242 praelatos
494 2182 563 2241 per
598 2171 803 2229 lismensem
837 2170 1057 2242 prouinciam

298 2265 512 2328 constitutor.

561 2361 574 2416 1
590 2359 651 2419 dec.
670 2361 748 2418 lale.

1110 874 1152 919 ex
1174 859 1371 922 testamento
1397 861 1630 924 decedentibus
1658 863 1877 941 relinquuntur,
1970 857 1971 918 i

1110 973 1170 1018 seu
1181 958 1215 1018 in
1231 958 1321 1035 ipsos
1334 958 1464 1032 fratres,
1480 960 1789 1038 contraapostolicae
1800 963 1879 1024 Sedis
1970 1027 1971 1032 ,

1109 1056 1248 1128 indulta,
1265 1057 1463 1119 sententiam
1477 1059 1816 1121 excommunicationis
1833 1063 1880 1121 aut
1970 1059 1971 1112 i

1110 1154 1277 1216 interdicti
1303 1157 1576 1234 praesumpserint
1600 1158 1815 1234 promulgare,
1839 1157 1883 1218 vel

1110 1251 1256 1313 decimas
1271 1252 1311 1314 de
1330 1252 1512 1327 laboribus,
1528 1254 1568 1315 de
1583 1255 1681 1317 terris
1691 1254 1807 1316 babille
1820 1257 1884 1317 auto

1110 1349 1292 1410 Concilium
1308 1352 1475 1426 generale,
1489 1367 1548 1414 seu
1567 1353 1829 1415 nutrimentorum
1842 1352 1885 1430 ip·
1970 1341 1971 1410 ἶ

1110 1461 1235 1519 sorum,
1256 1449 1375 1525 spretis
1390 1449 1588 1528 ApostolIcae
1607 1449 1700 1512 Sedis
1723 1449 1886 1527 privilegiis
1970 1457 1971 1520 l

1112 1545 1324 1622 extorquent,
1350 1545 1532 1608 moniti0ne
1558 1547 1745 1624 praemissa,
1768 1547 1795 1607 si
1818 1547 1887 1608 laici
1970 1581 1971 1632 3

1110 1640 1248 1715 fuerint,
1268 1642 1398 1719 publice
1427 1643 1574 1706 candelis
1598 1645 1746 1707 accensis
1769 1659 1887 1706 excom·
1970 1633 1971 1648 ¹

1109 1739 1344 1802 manicationis
1367 1741 1531 1804 sententia
1553 1743 1751 1820 percellatis,
1773 1743 1883 1804 sivero

1110 1837 1225 1899 clerici
1240 1839 1293 1900 vel
1317 1839 1469 1900 canonici
1490 1841 1662 1917 regulares
1680 1855 1737 1903 seu
1751 1839 1886 1902 monachi

1111 1935 1246 2005 fuerint,
1267 1951 1324 1998 eos
1348 1937 1570 2014 appellatione
1591 1939 1718 2001 remota
1738 1937 1777 2000 ab
1795 1937 1889 1999 officio

1111 2033 1143 2096 et
1152 2033 1313 2096 beneflcio
1325 2035 1545 2113 suspendatis.
1553 2037 1713 2100 Neutrum
1724 2035 1889 2098 relaxaturi

1111 2131 1308 2194 sententiam
1322 2132 1426 2196 donec
1440 2133 1609 2211 praedictis
1623 2134 1779 2197 fratribus
1790 2132 1891 2211 plena-

1110 2229 1160 2290 rie
1175 2229 1409 2292 satisfecerint.
1425 2233 1465 2293 et
1483 2233 1553 2294 tam
1575 2231 1655 2294 laici
1677 2247 1772 2311 quam
1792 2227 1890 2292 clerici

1111 2328 1288 2389 saeculares
1303 2329 1359 2406 qui
1373 2343 1433 2406 pro
1452 2329 1599 2391 violenta
1622 2346 1777 2392 manuum
1797 2329 1890 2406 injec-

1110 2425 1201 2488 tione
1217 2426 1439 2489 anathematis
1453 2428 1588 2491 viuculo
1605 2427 1731 2490 inerint
1744 2425 1890 2496 innodati,

1111 2537 1185 2584 cum
1204 2522 1385 2585 dioecesani
1411 2523 1558 2602 episcopi
1583 2525 1705 2588 litteris
1729 2523 1892 2587 adsedem
1970 2523 1971 2608 l

1109 2621 1332 2698 apostolicam
1358 2622 1531 2684 venientes
1561 2621 1602 2683 ab
1632 2623 1747 2685 eodem
1773 2621 1891 2684 vinculo

372 2502 507 2566 [Analecta
520 2502 588 2554 luris
600 2502 725 2554 Pontificii
742 2501 775 2553 ad
788 2515 850 2553 anu.
864 2503 947 2566 islep

262 2618 484 2692 Archiepiscopo
499 2618 645 2688 ilamensi,
657 2625 685 2675 et
697 2617 889 2692 suffraganeis
902 2617 974 2691 eius,
988 2625 1055 2688 eta,

296 2708 476 2781 praecipit,ut
486 2708 549 2764 illos
563 2707 610 2778 qui
626 2707 822 2778 possessiones
834 2715 864 2764 ct
883 2721 929 2764 ree
939 2705 1056 2765 fratrum

298 2797 485 2866 Fusuiaceu.,
507 2796 701 2854 cisterciensis
722 2794 844 2864 ordinis,
869 2796 1057 2853 irreverenter

297 2885 468 2955 invaserint,
496 2890 566 2953 eiu,
593 2881 895 2942 excommunicationis
915 2885 1056 2942 sententia

295 2973 460 3046 percellant,
477 2979 532 3030 etc.

296 3109 475 3181 Honorius,
501 3109 576 3180 etc,
607 3107 857 3170 venerabilibus
885 3107 1054 3178 fratribus,

259 3207 510 3284 archiepiscopo
531 3209 667 3268 Remen.
684 3207 722 3273 et,
734 3206 955 3282 suffraganeis
973 3207 1054 3277 suis,

258 3307 291 3366 et
312 3305 442 3366 dilectis
457 3303 535 3364 tiliis
556 3303 739 3375 abbatibus,
759 3304 935 3380 prioribus,
957 3304 1057 3366 deca-

257 3403 321 3474 niS,
345 3401 606 3473 archidiaconis,
627 3401 660 3462 et
679 3400 820 3461 aliarum
840 3401 1055 3463 ecclesiarum

258 3499 406 3577 praelatis
437 3514 496 3575 per
526 3501 663 3560 Reman.
694 3499 898 3576 provinciam
927 3500 1055 3561 consti·

256 3597 348 3659 tutis

294 3697 369 3756 Non
386 3691 510 3772 absque
525 3693 639 3756 dolore
655 3695 764 3756 cordis
779 3696 813 3757 et
827 3693 970 3773 plurima
983 3696 1057 3757 tur-

255 3791 389 3856 batione
421 3793 598 3854 didicimus
632 3792 718 3870 quod
746 3793 793 3855 ita
819 3793 855 3854 in
888 3792 1055 3870 plerisque

254 3890 404 3968 partibus
424 3891 650 3954 ecclesiastiea
672 3905 815 3952 censura
841 3890 1053 3964 dissolvatur,

256 3989 289 4048 et
304 3989 473 4050 canonicae
494 3988 667 4049 sententiae
682 3987 843 4049 severitas
864 3987 1052 4058 enervetur,

257 4085 367 4146 utviri
382 4083 533 4158 religiosi
548 4085 580 4146 et
597 4084 631 4144 hi
645 4085 790 4145 maxime
805 4083 861 4160 qui
877 4099 937 4159 per
959 4085 1054 4145 Sedis

255 4180 452 4256 apostolicae
468 4180 643 4256 privilegia
661 4181 780 4257 majori
794 4181 906 4243 donati
921 4182 998 4243 sunt
1011 4181 1055 4242 li-

255 4278 395 4350 bertate,
417 4277 539 4354 passim
555 4293 574 4338 a
590 4275 856 4339 malefactoribus
875 4279 944 4338 suis
959 4279 1052 4356 inju-

255 4376 324 4436 rias
353 4375 540 4437 sustineant
560 4374 592 4435 et
613 4375 766 4451 rapinas,
789 4375 865 4435 dum
884 4376 942 4436 vir
956 4376 1053 4438 inve-

255 4474 346 4535 nitur
355 4474 411 4552 qui
421 4473 644 4548 congruuillis
652 4472 856 4550 protectione
867 4471 1051 4547 subveniat,

254 4573 286 4634 et
313 4589 373 4651 pro
406 4572 547 4634 fovenda
580 4587 763 4649 pauperum
794 4571 984 4633 innocentia
1017 4588 1053 4633 se

254 4687 385 4733 murum
424 4669 627 4732 defensionis
665 4670 818 4747 opponat.
857 4669 1053 4746 specialiter

253 4770 374 4841 autem,
394 4768 505 4830 dilecti
521 4769 582 4830 ulii
597 4768 699 4830 abbas
719 4767 752 4829 et
768 4767 888 4830 fratres
903 4768 1051 4828 Fusnia-

253 4881 338 4938 cen„
355 4867 583 4928 cisterciensis
598 4866 737 4935 ordinis,
754 4867 948 4928 Laudunen.
964 4865 1051 4927 dioe-

254 4962 351 5034 cesis,
369 4963 436 5024 tam
452 4963 492 5023 de
507 4963 734 5041 frequentibus
748 4965 882 5041 injuriis
898 4980 995 5042 quam
1011 4963 1051 5026 de

252 5060 325 5136 ipso
354 5059 547 5136 quotidiano
575 5059 705 5123 defectu
732 5063 872 5139 justitiae
901 5077 1049 5139 conque-

251 5158 373 5228 rentes,
402 5156 651 5218 universitatem
679 5159 825 5220 vestram
847 5160 967 5221 litteris
991 5175 1052 5236 pe-

251 5255 377 5318 tierunt
394 5253 586 5330 apostolicis
610 5256 763 5328 excitari,
781 5259 816 5318 ut
835 5259 881 5319 ita
896 5258 1051 5320 videlicet

251 5350 1049 5417 eisintribulatiouecontramalefactoreseorum

250 5449 400 5528 prompta
427 5448 573 5512 debeatis
602 5450 875 5526 magnanimitate
904 5468 1047 5514 consur-

248 5564 338 5625 gere.
359 5546 501 5626 Ideoque
520 5547 731 5610 universitati
747 5550 866 5612 vestrae
881 5565 940 5627 per
954 5565 1050 5627 apos·

249 5646 350 5708 tolica
365 5645 487 5722 scripta
501 5645 696 5708 mandamus
709 5646 807 5722 atque
822 5647 1044 5723 praecipimus,

1111 2721 1300 2781 mereantur
1314 2719 1452 2781 absolvi.
1468 2723 1588 2782 Terras
1607 2721 1718 2784 autem
1732 2722 1767 2783 in
1785 2719 1890 2798 quibus
1970 2765 1971 2808 ἦ

1110 2816 1197 2878 bona
1224 2816 1364 2879 fratrum
1390 2817 1623 2896 praedictorum
1651 2819 1705 2888 vel
1736 2817 1890 2881 hominum

1111 2931 1247 2976 suorum
1277 2930 1337 2994 ρετ
1366 2915 1559 2978 violentiam
1590 2917 1725 2980 detenta
1759 2915 1888 2985 fuerunt,

1111 3012 1259 3089 quaudiu
1275 3012 1323 3075 ibi
1338 3013 1425 3084 sunt,
1442 3013 1609 3076 interdicti
1633 3015 1804 3077 sententIae
1825 3028 1895 3087 sup·
1970 3005 1971 3084 ξ

1111 3111 1251 3186 ponatis.
1267 3113 1385 3173 Datum
1399 3115 1512 3174 Romae
1527 3112 1613 3190 apud
1630 3115 1663 3174 S.
1682 3115 1822 3183 Petrum,
1839 3109 1894 3170 ka·
1970 3101 1971 3186 ζ

1110 3207 1216 3270 leudis
1236 3209 1659 3288 decembris,poutiflcatus
1684 3211 1788 3274 nostri
1813 3221 1889 3270 anno

1111 3321 1228 3383 primo.

1411 3476 1611 3565 LXXVIII

1275 3683 1327 3741 Ad
1340 3685 1536 3756 episcopum
1547 3685 1736 3744 Lucanum.

1410 3839 1504 3897 idac.
1520 3839 1599 3898 lule.

1161 4017 1269 4081 [liegest.
1283 4017 1327 4067 lib.
1340 4018 1359 4076 l,
1371 4017 1445 4082 epist.
1458 4016 1498 4068 87.
1509 4017 1565 4068 llss.
1576 4017 1613 4068 La
1627 4017 1706 4068 Porta
1722 4017 1756 4068 du
1769 4015 1856 4076 Theti}

1109 4140 1250 4213 Episcopo
1265 4143 1380 4198 Lucano
1395 4141 1521 4211 mandat,
1535 4157 1571 4199 uc
1586 4143 1648 4215 ipse
1662 4143 1781 4202 infamet
1793 4149 1838 4200 aut
1851 4139 1890 4196 iu-

1145 4227 1246 4285 famari
1272 4230 1416 4301 permittat
1437 4229 1594 4290 monachos
1618 4231 1679 4290 ord.
1704 4231 1843 4290 Floreusis
1862 4225 1894 4284 de

1144 4318 1262 4374 crimine
1290 4317 1409 4377 haeresis
1434 4319 1585 4376 occasione
1613 4320 1679 4382 libri,
1702 4321 1817 4380 abbatis
1837 4319 1897 4376 loa·

1144 4405 1232 4464 chim.

1148 4571 1313 4632 Honorius
1339 4572 1524 4648 episcopus,
1553 4572 1629 4644 etc,
1661 4571 1818 4648 episcopo
1839 4571 1899 4630 Lu-

1109 4683 1204 4730 cano.

1146 4767 1195 4827 Ad
1210 4766 1416 4827 audientiam
1439 4767 1587 4828 nostram
1607 4767 1768 4830 noveritis
1788 4779 1899 4845 perve-

1106 4864 1206 4935 nisse,
1225 4863 1310 4940 quod
1330 4863 1402 4940 ipse
1417 4863 1568 4926 abbatem
1589 4867 1621 4926 et
1644 4865 1824 4926 monachos
1844 4877 1897 4922 or-

1106 4961 1193 5021 dinis
1209 4961 1298 5021 riori
1319 4961 1359 5022 de
1381 4961 1519 5023 ortmine
1540 4963 1708 5023 haereticae
1730 4957 1898 5040 pravitatis

1106 5058 1259 5131 infamas,
1282 5059 1315 5120 et
1336 5059 1437 5119 atuis
1461 5060 1625 5136 permittis
1650 5060 1791 5122 subditis
1815 5056 1899 5119 infa-

1106 5157 1202 5228 mari,
1220 5171 1352 5217 sumens
1367 5158 1577 5219 occasionem
1588 5175 1630 5220 ex
1640 5175 1680 5220 eo
1693 5159 1781 5236 quod
1796 5153 1896 5218 felicis

1106 5255 1273 5316 memoriae
1307 5256 1519 5316 Innocentius
1554 5273 1640 5334 papa
1674 5257 1897 5333 praedecessor

1106 5353 1218 5415 noster
1232 5351 1381 5414 libellum
1397 5353 1468 5414 sive
1484 5354 1673 5426 tractatum,
1691 5369 1788 5431 quem
1800 5349 1896 5414 abbas

1103 5449 1254 5513 Joachim
1277 5451 1425 5529 ejusdem
1449 5451 1577 5513 ordinis
1601 5452 1773 5514 institutor
1798 5447 1896 5510 edidit

1104 5551 1218 5610 contra
1243 5549 1438 5625 magistrum
1460 5551 1594 5610 Petrum
1618 5549 1836 5612 lombardum
1858 5544 1896 5604 de

1104 5647 1229 5708 unitate
1264 5663 1322 5708 seu
1349 5647 1494 5710 essentia
1529 5647 1713 5722 Trinitatis,
1750 5641 1894 5722 generali
