3982 6302
254 324 315 385 367

255 481 377 546 dicitur
391 498 427 545 se
448 498 522 549 esse
544 483 645 546 vitem
660 499 786 558 veram,
809 485 897 550 sicut
910 486 1050 549 audistis

253 582 289 642 in
311 581 374 644 hoc
389 582 562 658 evangelio
581 583 688 645 :Vitis
711 599 790 647 vera
809 586 975 647 veraciter
988 585 1051 648 luit

255 680 416 752 Christus,
433 681 509 758 quia
525 681 604 743 iecit
617 681 740 743 honum
754 683 880 756 vinum,
896 699 962 744 non
977 700 1050 745 ace-

253 781 334 852 tum,
350 779 434 840 sicut
449 779 572 856 legitur
586 780 621 841 in
636 781 828 856 Evangelio
842 782 929 858 quod
940 781 1051 844 Chris·

253 874 307 936 tus
329 875 392 937 luit
405 876 565 938 invitatus
582 877 624 938 ad
640 878 773 955 nuptias
789 894 864 939 cum
885 881 991 941 matre
1013 879 1048 940 in

252 971 365 1034 Chana
383 973 532 1034 Galileee.
547 977 584 1034 ln
599 975 695 1036 initio
710 975 881 1052 signorum
911 991 1046 1038 suorum

251 1085 372 1149 aquam
381 1073 588 1134 convertitin
597 1073 723 1146 vinum,
734 1089 800 1136 non
808 1074 1047 1152 qualecumque

251 1167 309 1230 sed
324 1169 459 1241 honum,
476 1169 562 1231 sicut
574 1169 655 1231 dicit
665 1171 921 1234 architriclinus
939 1193 946 1232 :
964 1175 1051 1260 Ser7

251 1269 343 1329 ueste·
358 1269 483 1329 boetem
491 1271 623 1340 einum,
639 1283 746 1343 esque
759 1272 869 1332 adhuc
881 1267 991 1349 (Joan.
1007 1286 1045 1342 11,

253 1362 305 1441 10)
321 1363 485 1441 quatenus
499 1381 586 1427 nova
601 1366 679 1429 vitis
694 1382 817 1429 novum
836 1368 950 1429 vinum
970 1365 1048 1429 iun·

157 1481 163 1493 ·
251 1460 355 1523 deret.
370 1464 436 1524 Ista
450 1464 541 1534 vitis,
561 1464 657 1537 idest,
674 1465 825 1528 Christus
839 1464 940 1527 habet
953 1464 1047 1528 fruo-

251 1561 306 1620 tus
320 1558 541 1634 dulcissimos,
555 1579 622 1624 non
637 1578 782 1633 amaros,
796 1563 854 1640 qui
866 1563 945 1625 lecit
964 1578 1046 1626 uvas

251 1658 284 1718 et
296 1673 362 1718 nou
371 1657 587 1721 lambruscas.
601 1660 694 1722 Unde
705 1660 786 1723 dicit
796 1660 1047 1738 perEcclesias-

250 1755 353 1816 ticum
375 1777 383 1814 z
403 1761 477 1832 Ego
490 1761 590 1830 quasi
610 1759 913 1832 uitissructtficaet
928 1763 1047 1821 cccvi-

251 1853 359 1915 tatem
370 1857 486 1916 odoris
504 1853 605 1933 (Eccl.
621 1871 714 1927 ων,
734 1855 788 1935 23)
804 1856 893 1933 quia,
911 1857 998 1918 sicut
1012 1857 1046 1918 in

250 1966 328 2012 arca
343 1951 478 2014 luerunt
492 1953 651 2015 animalia
670 1953 794 2014 munda
811 1957 845 2015 et
862 1954 1044 2026 immunda,

250 2047 339 2110 itaet
354 2049 493 2112 invinea
508 2049 689 2113 sunthonae
701 2051 786 2112 vites
801 2051 940 2114 etmalae
950 2051 1044 2114 vites.

250 2147 356 2208 Vinea
370 2148 420 2210 est
434 2149 594 2222 Ecclesia,
611 2149 698 2211 hona
715 2149 793 2212 vitis
807 2149 870 2211 fuit
882 2149 1043 2222 Christus,

251 2245 307 2321 qui
323 2244 385 2307 luit
398 2246 609 2325 principium.
623 2251 724 2310 Bonae
736 2248 820 2310 vites
832 2248 909 2312 suut
918 2247 1000 2326 justi
1013 2249 1047 2310 et

250 2345 347 2406 electi
364 2345 419 2422 qui
442 2347 548 2408 secuti
563 2347 640 2408 sunt
653 2363 739 2408 eum.

290 2443 374 2504 Vitis
388 2443 471 2504 laisa
487 2446 537 2506 est
551 2460 731 2522 synagoga.
748 2445 846 2506 Malae
866 2445 951 2508 vites
968 2444 1046 2507 sunt

237 2539 369 2611 ¹Judaei,
386 2539 504 2618 iniqui,
521 2541 665 2618 reprobi,
682 2541 715 2602 et
729 2542 1045 2620 peccatoressyna-

249 2651 333 2712 goga
349 2653 415 2698 non
434 2638 590 2714 produxit
607 2638 728 2700 honum
749 2640 876 2710 vinum,
890 2639 948 2700 sed
968 2655 1046 2702 ace-

248 2735 328 2794 tum.
346 2735 420 2794 Non
445 2735 533 2795 enim
547 2735 662 2796 vinnm
685 2736 744 2796 sed
770 2736 868 2796 iidem
894 2735 1044 2799 Christus

248 2831 390 2903 sitiebat,
408 2832 493 2892 sicut
505 2831 664 2893 habemus
679 2833 714 2893 in
727 2833 883 2910 passione
898 2834 1042 2906 Domini,

249 2929 382 3006 quando
394 2929 544 2991 Christus
559 2930 643 2992 dixit
659 2953 668 2991 r
682 2932 781 3004 Sttw,
804 2931 838 2993 et
859 2933 939 2994 tunc
960 2948 1042 3010 por-

250 3027 408 3088 rexerunt
432 3028 603 3104 spongiam
632 3045 706 3090 cum
730 3029 836 3091 aceto.
868 3032 1042 3108 synagoga

249 3126 378 3186 tantum
393 3124 456 3186 hoc
471 3125 580 3198 dabat,
593 3126 679 3204 quod
693 3126 845 3188 habehat.
860 3129 943 3200 Quid
954 3129 1042 3191 enim

249 3225 377 3284 acetum
394 3223 458 3283 nisi
467 3239 581 3284 eorum
593 3224 744 3286 doctrina
754 3240 879 3298 amara,
897 3227 1041 3298 acetosa,

249 3335 390 3382 erronea
418 3321 450 3381 et
472 3324 665 3383 venenosa?
687 3325 773 3398 Ergo
800 3338 865 3383 non
887 3323 1044 3400 produxit

248 3419 374 3492 vinum,
387 3418 443 3479 sed
456 3420 597 3481 acetum.
609 3422 697 3480 Deus
711 3421 899 3496 expectavit
910 3421 945 3482 ut
959 3421 1044 3482 iace·

248 3519 300 3578 ret
311 3533 402 3588 uvas,
413 3516 534 3578 etlecit
543 3515 761 3586 lambruseas,
769 3518 949 3580 secundum
957 3519 1043 3597 quod

247 3613 370 3691 legitur
391 3615 424 3675 in
440 3615 584 3678 Jeremia
610 3636 618 3676 ε
635 3616 740 3677 Vinea
755 3631 829 3678 mea
845 3616 960 3690 electa,
982 3633 1042 3693 ege

244 3715 278 3775 te
291 3713 448 3790 plantavi,
464 3713 626 3790 quomodo
642 3729 803 3775 conversa
818 3730 853 3777 es
865 3715 901 3775 in
916 3716 1044 3776 amari-

246 3811 393 3872 tudinem
409 3812 486 3872 vitis
495 3812 631 3872 alienae!
646 3809 727 3890 (Jer.
740 3827 776 3883 11,
789 3810 855 3892 21.)
869 3815 907 3874 nt
917 3814 1020 3874 isaias
1034 3834 1041 3873 ι

250 3909 429 3984 Expectavi
443 3909 478 3970 ut
490 3908 615 3970 iaceret
626 3925 719 3982 uvas,
736 3910 768 3971 et
782 3909 860 3971 iecit
874 3910 1042 3971 lambrus-

249 4022 316 4078 cas,
334 4005 412 4082 quia
432 4021 600 4081 synagoga
612 4006 803 4067 Judaeorum
816 4006 909 4082 prius
924 4007 1044 4068 occidit

248 4102 438 4180 prophetas,
455 4105 568 4178 postea
590 4101 756 4164 Christum
775 4101 952 4174 crucifixit,
971 4104 1045 4164 Ste-

250 4200 395 4276 phanum
424 4198 596 4275 lapidavit,
623 4199 798 4276 Apostolos
822 4199 855 4260 et
880 4201 1044 4275 martyres

249 4297 370 4358 multos
385 4296 563 4367 interemit,
581 4296 667 4357 sicut
681 4296 821 4372 legimus
843 4297 878 4356 in
893 4297 1045 4372 Evange-

249 4394 294 4456 lio
312 4415 319 4455 :
336 4394 564 4466 «Jerusalem,
594 4394 795 4465 Jerusalem,
823 4408 896 4470 quae
920 4393 1043 4454 occidis

248 4491 443 4570 Prophetas,
460 4492 493 4552 et
517 4490 645 4568 lapidas
667 4501 736 4562 eos,
758 4491 814 4568 qui
836 4490 877 4551 ad
896 4492 928 4551 te
950 4491 1043 4552 missi

249 4593 325 4652 sunt
340 4589 497 4670 »(Matth.
507 4605 604 4662 xmn,
614 4588 679 4671 37).
691 4589 769 4649 Pius
780 4588 938 4648 Dominus
947 4587 1044 4664 plan-

248 4690 296 4766 git
310 4689 464 4750 duritiem
477 4686 627 4763 reprobae
642 4685 797 4756 civitatis,
814 4699 886 4762 quae
902 4683 984 4745 adeo
995 4685 1043 4744 in·

248 4787 407 4848 duruerat
420 4787 455 4846 in
473 4785 628 4862 peccatis,
646 4785 682 4846 ut
703 4784 735 4846 et
750 4782 932 4858 Prophetas
948 4782 1041 4842 occi-

249 4881 351 4952 deret,
368 4883 401 4942 et
414 4883 589 4944 Dominum
604 4881 850 4958 prophetarum,
868 4880 900 4941 et
910 4878 1041 4956 lapida-

247 4977 839 5053 reteosquimittebanturadsalutem
850 4976 1039 5038 multorum.

249 5074 312 5137 Sed
329 5074 550 5151 quianullum
573 5072 715 5148 legimus
730 5089 750 5134 a
767 5074 892 5136 Judaeis
907 5071 1056 5148 lapide·-

247 5177 316 5236 tum
326 5172 390 5232 nisi
401 5170 531 5230 beatum
542 5167 756 5244 Stephanum,
768 5169 901 5246 proprie
910 5169 1042 5239 videtur

247 5271 288 5334 de
311 5272 384 5347 ipso
406 5281 600 5345 expressum
626 5264 689 5326 hoc
709 5265 946 5327 testimonium.
970 5267 1040 5327 Nec

247 5369 367 5428 mirum
383 5365 411 5426 si
427 5359 715 5442 pluraliterdixitz
730 5361 927 5434 Jerusalem,
942 5363 1042 5424 Jeru-

246 5465 360 5535 salem,
377 5461 530 5539 repetitio
543 5459 593 5522 est
611 5455 858 5534 conquestionis
876 5458 929 5519 vel
950 5474 1041 5520 com-

246 5561 449 5631 minationis,
465 5557 559 5637 quasi
574 5553 921 5624 diceretzJerusalem,
938 5557 1040 5630 egote

247 5658 403 5726 constitui
415 5655 587 5723 Dominam
596 5651 757 5734 gentium,
768 5647 952 5730 principem
963 5665 1041 5732 pro-

716 326 891 390 HONORII
915 329 959 388 111
982 329 1130 390 OPERA.
1147 359 1185 374 ·-
1201 327 1434 392 SERMONES.
1823 329 1872 392 368
1974 403 1975 420 ¹

1102 487 1300 550 vinciarum.
1323 487 1388 550 Sed
1412 485 1490 566 qula
1511 485 1634 556 occidis
1658 485 1827 566 Prophetas
1845 489 1874 552 et

1105 585 1278 648 Dominum
1307 585 1558 663 prophetarum,
1588 585 1769 661 demergam
1791 587 1820 648 te
1843 588 1873 647 iu

1103 682 1281 744 infernum.
1295 684 1493 755 Jerusalem,
1507 683 1667 746 honoravi
1678 685 1711 745 te
1723 684 1834 760 templo
1846 685 1874 744 et

1104 769 1288 843 sacerdotio
1301 783 1334 842 et
1345 782 1440 858 regni
1454 781 1624 857 dignitate,
1639 781 1694 842 sed
1709 781 1783 857 quia
1796 781 1873 858 lapi·

1103 879 1162 940 das
1179 894 1236 940 eos
1251 880 1308 956 qui
1329 880 1504 942 mittuntur
1518 879 1559 940 ad
1573 883 1605 941 te
1624 895 1689 941 non
1709 878 1873 955 relinquam

1101 977 1137 1036 in
1153 979 1184 1038 te
1198 977 1341 1055 lapidem
1356 993 1456 1054 super
1467 977 1621 1054 lapidem,
1638 977 1714 1054 quia
1729 976 1757 1036 si
1767 976 1873 1036 milvus

1101 1073 1137 1134 in
1152 1075 1245 1147 coelo,
1260 1076 1369 1136 turtur
1377 1076 1410 1136 et
1421 1075 1564 1136 hirundo
1577 1074 1794 1151 cognoverunt
1803 1074 1876 1135 tem-

1102 1189 1163 1249 pus
1181 1173 1344 1234 adventus
1367 1172 1431 1246 sui,
1456 1173 1493 1234 tu
1513 1187 1593 1234 vero
1620 1187 1685 1234 non
1710 1169 1877 1247 cognovisti

1100 1272 1230 1347 tempus
1242 1269 1446 1332 visitationis
1460 1271 1537 1332 tuae.

1141 1369 1216 1430 Non
1231 1368 1406 1429 astantem
1421 1367 1673 1444 intelligendum
1687 1365 1768 1445 quod
1783 1364 1877 1426 Domi·

1102 1475 1164 1521 nus
1177 1461 1327 1523 dixerit:
1349 1463 1547 1535 Jerusalem,
1572 1463 1764 1531 Jerusalem,
1785 1459 1877 1522 muris

1101 1560 1134 1620 et
1148 1559 1310 1631 aedidciis,
1327 1560 1384 1620 sed
1399 1560 1510 1637 potius
1522 1559 1759 1623 habitatoribus
1773 1557 1878 1620 civita·

1100 1657 1156 1718 tis.
1172 1657 1281 1721 Judaei
1295 1657 1374 1720 tunc
1388 1659 1559 1734 ejecerunt
1573 1659 1746 1728 Christum,
1761 1655 1877 1734 quando

1102 1770 1176 1816 eum
1201 1755 1404 1828 occiderunt,
1426 1757 1512 1819 sicut
1534 1756 1616 1819 dicit
1633 1755 1827 1834 Apostolus:
1848 1755 1880 1813 Sl

1100 1855 1348 1930 cognovissent,
1369 1869 1559 1928 numquam
1572 1857 1756 1916 omninum
1772 1852 1880 1928 clerte

1100 1951 1358 2022 crucirtoca'sseet
1382 1949 1508 2029 (icor.
1532 1967 1569 2023 11,
1595 1951 1642 2029 8).
1667 1947 1881 2027 cognoverunt

1102 2064 1183 2124 ergo
1196 2064 1283 2120 eum,
1293 2050 1402 2110 etnon
1413 2051 1650 2125 cognoverunt.
1665 2043 1881 2125 cognoverunt

1101 2161 1177 2206 eum
1202 2163 1276 2208 esse
1304 2147 1482 2218 Christum,
1509 2147 1566 2208 sed
1585 2164 1653 2209 non
1671 2141 1881 2222 cognoverunt

1101 2260 1176 2304 eum
1192 2260 1267 2306 esse
1288 2246 1403 2306 Deum.
1420 2245 1503 2317 Quia
1518 2243 1676 2308 videbant
1693 2261 1765 2306 eum
1779 2241 1880 2304 divina

1101 2342 1263 2404 miracula
1298 2342 1484 2412 facientem,
1517 2341 1696 2404 credebant
1726 2358 1797 2404 eum
1815 2353 1878 2402 esse

1101 2440 1278 2502 Christmn.
1296 2439 1379 2512 Quia
1393 2439 1550 2502 videbant
1571 2456 1647 2501 eum
1671 2441 1810 2502 humana
1823 2453 1879 2514 pa·-

1100 2535 1878 2611 tientem,iamemvidelicet,inlirmitatesetalia,
1974 2603 1975 2612 ἵ

1100 2653 1166 2699 non
1179 2638 1406 2714 cognoverunt
1424 2653 1499 2700 eum
1514 2653 1588 2700 esse
1602 2640 1717 2710 Deum,
1742 2636 1823 2697 sicut
1834 2634 1880 2692 le-
1974 2663 1975 2718 q

1099 2735 1189 2810 gitur
1208 2735 1243 2796 in
1267 2733 1352 2797 libro
1364 2735 1542 2813 Sapientiae
1559 2756 1566 2794 :
1587 2734 1785 2798 Eoecaeeaeit
1798 2734 1881 2794 enim
1906 2721 1908 2726 ’

1099 2837 1174 2895 illos
1186 2833 1323 2895 malitia
1336 2836 1491 2908 ipsorum
1504 2832 1596 2911 (Sap.
1610 2831 1723 2913 11,21).

1138 2931 1293 3007 Legimus
1322 2930 1406 3007 quod
1436 2932 1577 3006 quatuor
1602 2933 1680 2992 sunt
1699 2925 1881 2992 differentia
1974 2963 1975 2970 κ

1098 3027 1368 3104 cognoscentium
1379 3029 1412 3090 et
1421 3043 1488 3088 non
1498 3029 1765 3104 cognoscentium
1776 3027 1881 3087 Deum.
1974 3035 1975 3110 f

1099 3126 1304 3202 Cognoscere
1316 3127 1427 3188 autem
1441 3124 1607 3187 Creatoris
1622 3128 1674 3188 est
1692 3125 1816 3187 felicem
1832 3121 1846 3181 l
1863 3151 1881 3168 -

1098 3237 1184 3283 cere.
1202 3226 1408 3299 Cognoscere
1430 3223 1551 3294 autem,
1567 3226 1740 3295 creaturae,
1757 3223 1796 3282 de
1810 3233 1881 3296 per·
1974 3241 1975 3282 2

1098 3322 1193 3397 cepta
1205 3320 1363 3383 felicitate
1379 3321 1505 3396 gratias
1518 3335 1629 3396 agere.
1646 3323 1752 3398 Igitur
1761 3317 1884 3397 quidam
1974 3345 1975 3408 ᾗ

1098 3418 1378 3494 cognoscuntura
1399 3420 1479 3486 Deo,
1501 3419 1535 3480 et
1553 3419 1758 3494 cognoscunt
1778 3420 1884 3484 Deum,
1974 3455 1975 3472 2

1098 3515 1206 3577 sancti
1228 3515 1386 3578 videlicet
1417 3516 1545 3593 angeli,
1567 3516 1624 3594 qui
1648 3516 1692 3578 ab
1718 3532 1757 3578 eo
1779 3513 1885 3576 felices
1974 3529 1975 3596 3

1098 3613 1176 3675 lacti
1189 3615 1262 3691 ejus
1284 3629 1414 3692 semper
1428 3613 1582 3675 laudibus
1596 3615 1729 3682 vacant,
1749 3615 1781 3676 et
1797 3611 1886 3674 obse-
1974 3639 1975 3700 3

1098 3713 1186 3789 quiis
1197 3711 1399 3774 deserviunt.
1413 3712 1551 3784 Quidam
1559 3727 1638 3774 vero
1649 3710 1887 3790 cognoscuntur

1098 3813 1205 3882 aDeo,
1218 3826 1280 3871 nec
1287 3810 1491 3888 «cognoscunt
1502 3813 1789 3889 Deum,pauperes
1801 3807 1887 3870 vide-

1098 3905 1176 3968 licet
1191 3908 1385 3980 necessarii,
1398 3923 1480 3985 quos
1494 3923 1556 3968 neo
1566 3909 1661 3986 copia
1675 3924 1787 3970 rerum
1800 3904 1885 3972 ditat,

1099 4019 1160 4064 nec
1175 4005 1318 4065 servitus
1338 4004 1451 4066 divina
1475 4004 1652 4067 beatificat.
1669 4005 1808 4078 Quidam
1830 4017 1885 4062 co-
1974 4007 1975 4010 ’

1098 4101 1303 4174 gnoseuntur
1334 4115 1353 4160 a
1389 4102 1467 4174 Deo,
1502 4103 1559 4164 sed
1592 4119 1659 4164 non
1692 4098 1887 4180 cognoscunt

1099 4199 1213 4267 Deum,
1239 4195 1358 4257 divites
1381 4197 1536 4261 videlicet
1563 4200 1662 4277 hrrjus
1685 4200 1810 4272 saeculi,
1834 4195 1887 4274 qui

1099 4291 1242 4369 acceptis
1257 4293 1388 4370 quidem
1399 4295 1516 4372 opibus
1531 4297 1680 4370 affluunt,
1699 4299 1755 4360 sed
1771 4311 1888 4360 carna-

1099 4389 1185 4449 libus
1198 4391 1305 4466 pressi
1318 4391 1492 4455 desideriis
1503 4411 1681 4472 numquam
1696 4413 1755 4458 cor
1768 4396 1809 4456 ad
1824 4408 1888 4455 coe-

1098 4486 1194 4548 lestia
1203 4489 1418 4564 suspendunt.
1427 4491 1565 4562 Quidam
1577 4495 1780 4569 cognoscunt
1789 4495 1887 4554 Deum

1097 4584 1130 4645 et
1146 4599 1211 4645 non
1227 4589 1470 4662 cognoscuntur
1484 4603 1504 4649 a
1520 4592 1600 4662 Deo,
1616 4607 1780 4669 pauperes
1794 4589 1886 4651 vide-

1096 4682 1174 4744 licet
1188 4682 1380 4754 voluntarii,
1395 4699 1476 4759 quos
1492 4701 1553 4748 neo
1564 4687 1748 4762 tribulati0,
1765 4705 1826 4750 nec
1836 4701 1888 4747 an-

1096 4779 1216 4854 gustia,
1241 4795 1302 4840 nec
1325 4779 1392 4840 alia
1413 4797 1552 4860 quaeque
1579 4786 1729 4862 pericula
1754 4783 1889 4864 possunt
1974 4859 1975 4862 Ἴ

1096 4891 1253 4952 separare
1279 4877 1476 4940 acharitate
1495 4881 1630 4954 Christi,
1652 4885 1709 4960 qui
1733 4885 1887 4944 nimirum

1096 4973 1208 5034 multis
1230 4972 1336 5033 modis
1359 4975 1539 5050 probantur
1553 4979 1714 5054 adversis,
1733 4981 1887 5057 durisque

1095 5069 1278 5145 fatigantur
1296 5069 1576 5136 tribulationibus.
1593 5079 1642 5138 Ex
1659 5093 1800 5156 quorum
1815 5091 1889 5154 per-

1096 5182 1177 5228 sona
1201 5167 1348 5244 loquitur
1373 5171 1548 5235 Psalmista
1572 5196 1580 5234 :
1604 5179 1774 5238 Dominus
1799 5180 1889 5237 Deus

1095 5279 1203 5335 meus,
1220 5268 1353 5338 respice
1367 5270 1404 5328 te
1414 5283 1479 5340 mc,
1493 5281 1602 5343 quere
1611 5287 1667 5334 me
1678 5271 1889 5348 dereliquisti

1096 5359 1165 5439 (Ps.
1174 5361 1225 5430 21,
1237 5361 1282 5439 2).
1297 5363 1383 5424 Num
1397 5366 1474 5441 quid
1485 5367 1644 5444 incogniti
1654 5370 1820 5442 videntur,
1833 5367 1887 5446 qui

1094 5458 1192 5518 orant
1219 5460 1255 5518 ut
1282 5461 1521 5537 respicianturi
1546 5467 1783 5529 Verumtamen
1814 5465 1888 5527 licet

1095 5553 1283 5621 humaniter
1298 5557 1468 5634 incogniti,
1486 5561 1563 5623 licet
1577 5562 1738 5634 derelicti,
1755 5565 1820 5642 ipsi
1832 5565 1886 5626 ta-

1094 5665 1169 5712 men
1184 5653 1286 5714 Deum
1308 5659 1519 5731 cognoscunt.
1542 5661 1580 5724 at
1600 5676 1643 5722 ex
1664 5677 1807 5745 persona
1827 5675 1886 5722 co·
