4014 6312
229 343 286 404 ait
846 337 1022 402 Honorati
1044 335 1089 400 111
1112 335 1260 402 OPERA.
1820 335 1883 400 512

230 495 583 566 excommunicationis
610 491 794 562 districtius
822 497 1021 572 inhibemus,
1078 499 1168 563 tione
1178 497 1388 576 incoepimus,
1402 497 1553 560 nolentes
1564 497 1755 576 relinquere
1763 499 1884 576 imper·

229 601 362 680 nequis
388 615 463 662 cum
484 597 692 660 Fanensibus
718 597 905 668 antedictis,
920 597 1023 659 donec
1079 598 1211 668 lectrum,
1235 595 1445 675 praebendam
1471 612 1569 674 quam
1593 595 1689 658 bonae
1712 596 1884 658 memoriae

230 715 330 776 super
341 692 523 777 praemissts
536 696 642 758 eidem
653 696 823 773 episcopo,
837 697 871 756 ot
881 695 1024 756 Faneusi
1079 695 1238 772 magister
1251 695 1441 773 Raynaldus
1457 693 1680 756 subdiaconus
1696 697 1730 757 ot
1740 694 1885 772 capella-

230 797 380 859 ecclesian
423 811 568 872 congrue
607 793 848 866 satisfecerint,
889 791 1024 870 aliquod
1079 809 1141 854 nus
1157 795 1270 856 noster
1289 793 1325 854 in
1338 792 1481 855 ecclesia
1495 795 1608 855 vestra
1623 789 1776 865 obtinuit,
1794 801 1885 870 prae-

229 895 410 972 praesumat
436 893 670 956 commercium
693 905 861 954 exercere.
883 891 1024 969 Ideoque
1079 891 1167 953 dicto
1178 891 1324 954 iohanni
1347 890 1388 952 de
1408 906 1511 952 manu
1525 893 1640 954 nostra
1666 891 1881 964 contulimus,

229 993 440 1055 universitati
461 993 580 1054 vestrae
607 1005 667 1068 per
690 989 879 1068 apostolica
902 989 1024 1067 scripta
1080 988 1166 1068 quod
1180 1005 1361 1066 gravamen
1372 989 1523 1050 ecclesiae
1533 989 1654 1051 vestrae
1665 1005 1732 1050 nou
1741 989 1885 1066 potestis

230 1090 398 1153 invirtute
412 1088 608 1152 obedieutiae
624 1088 782 1150 districtae
800 1087 1025 1165 precipiendo
1080 1088 1203 1161 dicere,
1219 1087 1276 1150 sed
1291 1088 1454 1160 levamen,
1470 1103 1545 1150 cum
1558 1064 1779 1166 personarum
1790 1089 1885 1164 ejus-

230 1187 438 1260 mandamus,
460 1189 623 1265 quatenus
648 1186 772 1263 singuli
794 1196 853 1263 per
874 1185 1025 1248 civitates
1080 1186 1154 1248 dem
1167 1185 1317 1248 ecclesiae
1328 1201 1504 1248 numerum
1517 1201 1583 1247 non
1594 1186 1809 1258 auxerimus;
1827 1181 1885 1245 sed

231 1287 263 1348 et
278 1286 438 1348 dioeceses
450 1291 578 1347 vestras
593 1285 734 1361 singulis
750 1284 869 1345 diebus
882 1283 1027 1344 domini·
1080 1286 1225 1347 vestrum
1239 1300 1299 1362 pro
1314 1285 1486 1356 exmaneo,
1503 1287 1536 1346 et
1550 1284 1663 1345 notum
1678 1281 1773 1344 vobis
1788 1281 1888 1343 dede·

230 1385 279 1446 cis
303 1385 336 1446 et
363 1383 491 1445 festivis
516 1399 576 1460 per
596 1399 654 1445 vos
676 1383 708 1444 et
728 1381 876 1444 subditos
895 1383 1025 1443 vestros
1080 1383 1185 1444 rimus
1214 1399 1273 1460 pro
1305 1383 1429 1460 ignoto.
1457 1384 1598 1460 ideoque
1615 1397 1676 1459 per
1693 1380 1887 1458 apostolica

231 1481 303 1543 baec
316 1481 508 1544 solemniter
522 1481 740 1557 publicantes,
751 1495 792 1542 ea
808 1479 1023 1557 precipiatis,
1081 1479 1174 1544 vobis
1197 1481 1320 1559 scripta
1335 1479 1559 1560 precipiendo
1574 1479 1783 1550 mandamus,
1802 1495 1889 1556 qua-

230 1581 265 1640 et
279 1578 421 1650 faciatis,
438 1579 596 1656 quantum
618 1578 760 1640 inrobis
783 1577 893 1650 fucrit,
915 1577 1025 1638 drmi-
1080 1581 1176 1640 tenus
1200 1578 1400 1656 recipientes
1424 1579 1576 1641 eumdem
1589 1578 1643 1639 vel
1656 1579 1731 1655 ejus
1748 1570 1887 1637 nomine

231 1678 285 1739 ter
312 1676 493 1738 observari.
525 1676 733 1738 Denuntietis
764 1676 864 1737 etiam
902 1674 1026 1738 eisdem
1082 1676 1329 1753 procuratorem
1351 1677 1386 1738 iu
1408 1667 1605 1738 canonicum
1624 1677 1657 1738 et
1676 1675 1711 1736 iu
1730 1672 1884 1746 fratrem,

233 1773 441 1835 Fanensibus
456 1773 585 1850 quodsi
600 1773 656 1834 diu
675 1773 710 1834 iu
733 1789 792 1834 sua
817 1773 1027 1835 contumacia
1081 1775 1177 1854 eique
1188 1775 1322 1837 stallum
1337 1775 1373 1836 in
1386 1775 1498 1848 chore,
1515 1775 1671 1836 stlocum
1685 1773 1887 1849 incapitulo

231 1871 497 1948 perduraverint,
514 1872 669 1948 poterunt
683 1881 749 1932 non
769 1870 934 1932 immerito
954 1869 1026 1931 ior·
1077 1874 1175 1951 juxta
1202 1873 1356 1935 ecclesias
1377 1874 1498 1935 vestra
1526 1870 1806 1935 consuetudinem
1826 1885 1886 1930 as-

233 1969 360 2030 midare
391 1984 433 2030 ne
462 1968 628 2030 civitatem
661 1969 811 2046 ipsorum
847 1968 1026 2045 episcopali
1082 1968 1262 2046 signantes,
1280 1969 1388 2048 ipsum
1409 1968 1557 2031 fraterna
1576 1969 1725 2032 tractetis
1746 1968 1784 2028 iu
1815 1969 1886 2028 Do-

233 2065 394 2142 dignitate
410 2053 589 2144 privemus,
616 2066 704 2127 utin
730 2081 795 2143 quo
817 2065 1027 2143 deliquerunt
1082 2063 1173 2128 mino
1188 2067 1338 2139 caritate,
1367 2065 1509 2129 scientes
1533 2081 1594 2128 uos
1613 2064 1742 2128 dilectis
1763 2063 1885 2125 tiliis...

228 2162 321 2239 justo
329 2159 458 2240 judicio
471 2163 662 2240 puniantur,
684 2178 723 2223 ac
747 2177 863 2226 eorum
878 2162 1027 2224 insolen-
1083 2165 1304 2237 cancellario,
1335 2165 1369 2226 et
1403 2166 1572 2242 magistris
1605 2163 1825 2234 BonoamicO,
1858 2163 1889 2222 et

231 2260 313 2322 tiam
324 2260 582 2338 comprimemus
606 2261 753 2338 potentia
773 2259 901 2322 brachii
920 2275 1029 2321 saecu-s
1083 2262 1222 2324 Girardo
1233 2261 1441 2324 dedentiaco
1452 2263 1621 2324 canonicis
1631 2261 1816 2322 Bituricen.
1830 2275 1890 2336 per

235 2357 327 2419 laris.
1083 2360 1214 2421 nostros
1249 2359 1379 2422 dedisse
1405 2361 1533 2422 litteras
1559 2361 1596 2420 in
1619 2359 1807 2436 praeceptiS,
1839 2361 1887 2428 ut,

272 2457 391 2517 Datum
403 2455 586 2528 Ferentini,
611 2455 750 2532 septimo
763 2456 925 2518 kalendas
937 2455 1029 2517 octo-
1082 2458 1177 2520 vobis
1193 2459 1227 2520 in
1247 2458 1392 2520 mandati
1409 2458 1514 2520 nostri
1536 2457 1731 2519 executione
1745 2471 1891 2518 cessan-

235 2551 316 2625 bris,
329 2551 540 2630 pontificatus
550 2553 655 2614 nostri
670 2569 758 2615 anno
774 2553 930 2616 secundo.
1084 2555 1181 2624 tibus,
1197 2555 1263 2633 ipsi
1276 2571 1336 2616 vos
1352 2555 1392 2616 ad
1403 2555 1436 2616 id
1448 2571 1507 2632 per
1517 2570 1693 2617 censuram
1706 2553 1889 2614 ecclesias-

275 2648 755 2727 Datdie25septembris1217,
765 2649 977 2727 pontii.anno
986 2651 1026 2710 11.
1083 2653 1183 2715 ticam
1210 2651 1339 2714 sublato
1362 2652 1539 2730 cujuslibet
1561 2650 1839 2714 contradictionis
1859 2651 1890 2710 et

1084 2743 1318 2828 appellationis
1341 2743 1575 2827 impedimento
1590 2748 1802 2826 compellant.
1825 2743 1891 2809 Da-

540 2827 724 2913 XXXVH
1084 2851 1153 2910 tum
1170 2847 1337 2909 Ferentini
1354 2851 1448 2909 sexto
1461 2847 1620 2909 kalendas
1636 2838 1780 2910 octobris
1797 2857 1888 2907 anno

1052 2945 1241 3008 secunde.

1125 3046 1162 3104 ln
1177 3043 1329 3106 eumdem
1343 3043 1413 3106 fere
1437 3043 1570 3105 modum
1585 3037 1743 3120 scriptum
1758 3041 1814 3102 est
1834 3057 1891 3101 su-

1085 3140 1362 3218 perdocendam,
1376 3140 1489 3202 verbis
1502 3141 1726 3218 competenter
1737 3139 1888 3200 mutatis.

1087 3239 1177 3311 Quod
1193 3239 1222 3300 si
1246 3254 1313 3300 uon
1328 3253 1452 3311 omnes,
1471 3231 1544 3311 eto,
1563 3231 1627 3300 duo
1647 3240 1808 3309 vestrum,
1824 3239 1887 3298 etc.

273 2979 325 3039 Ad
344 2979 550 3054 episcopum,
573 2973 741 3040 decanum
757 2979 791 3040 et
805 2971 993 3053 capitalium

491 3079 758 3139 Lenwvicertses.

521 3197 556 3256 16
568 3205 640 3271 sept.
659 3199 738 3256 latr.

281 3301 390 3368 [Regest.
403 3301 448 3353 lib.
462 3303 493 3362 ll,
507 3302 581 3368 epist.
592 3303 648 3354 too.
660 3305 719 3354 liss.
730 3305 766 3354 La
778 3305 854 3354 Porto
863 3303 897 3354 du
906 3304 1000 3370 Theti-I

264 3408 382 3468 Mandat
392 3418 423 3468 ut
434 3410 568 3468 clericum
578 3412 603 3468 1.
620 3410 649 3468 in
663 3410 834 3468 canonicum
845 3411 994 3485 recipiant.
1383 3423 1588 3514 XXXVIII

273 3536 540 3648 Honoriusetc„
557 3536 743 3600 venerabili
759 3537 859 3650 ⁸fratri
876 3539 1031 3650 episcopo
1126 3581 1179 3640 Ad
1199 3579 1356 3640 abbatem
1378 3577 1601 3654 mammis
1623 3578 1800 3639 gmon·
1816 3577 1852 3636 et

233 3635 266 3697 et
299 3635 429 3697 dilectis
462 3635 598 3709 decano,
636 3636 669 3699 et
694 3636 839 3714 capitulo
879 3637 1033 3698 Lemovi-

233 3747 322 3794 oens,
1229 3679 1396 3738 daucum
1411 3676 1445 3736 et
1458 3678 1748 3738 archidiaconum.

273 3828 358 3891 Olim
373 3828 467 3892 vobis
482 3829 612 3892 dedisse
632 3831 811 3892 recolimus
836 3831 871 3892 in
893 3829 1033 3892 manda·
1371 3797 1492 3870 Mm-
1510 3797 1589 3855 ¹²¹⁷·

232 3925 287 3998 tis,
312 3927 348 3987 ut
374 3926 529 3988 dilectum
551 3928 655 3988 fllium
682 3927 867 3990 ,johannem
897 3928 1032 3990 fratrem
1134 3912 1241 3978 [Regnat.
1253 3912 1297 3963 lib.
1309 3913 1340 3971 ll,
1351 3911 1427 3977 epist.
1440 3909 1495 3961 638.
1508 3912 1564 3963 llss.
1578 3911 1613 3962 Lu
1623 3911 1699 3962 Porta
1709 3911 1743 3961 du
1753 3909 1850 3973 Theti]

234 4022 345 4085 dilecti
365 4023 426 4084 tilii
452 4025 605 4100 magistri
627 4027 681 4085 W.
709 4025 832 4087 notarii
847 4026 951 4086 nostri
972 4041 1032 4102 pro
1088 4031 1178 4088 Litern
1194 4029 1311 4086 remittit
1325 4027 1516 4086 dirimendam
1532 4029 1605 4086 inter
1618 4027 1772 4086 canonicos
1785 4028 1816 4086 S.
1830 4029 1885 4086 Ve-

233 4119 422 4180 revereutia
448 4121 574 4188 nostra,
601 4122 634 4182 et
653 4120 768 4182 obtutu
792 4121 939 4199 ejusdem
961 4138 1034 4182 ma·
1122 4117 1195 4176 desti
1210 4126 1238 4176 et
1250 4117 1423 4176 abbatissam
1438 4116 1606 4176 monialium
1619 4117 1887 4174 ecclesiastibus

233 4216 329 4292 gistri
352 4217 548 4293 reciperetis
562 4217 595 4277 in
612 4219 808 4279 canonicum
824 4221 983 4289 vestrum,
1000 4220 1034 4280 et
1123 4206 1201 4264 dissil·
1596 4271 1599 4276 .

233 4312 381 4382 tratrem,
391 4313 580 4376 nonobesse
592 4315 723 4392 quidem
732 4320 851 4378 vestrae
860 4317 1032 4380 credentes
1128 4316 1306 4387 Honorius,
1328 4317 1402 4390 etc,
1418 4315 1548 4378 dilectis
1569 4315 1646 4377 tiliis
1667 4315 1776 4378 abbati
1793 4317 1882 4377 Lon-

233 4411 395 4485 ecclesiae,
410 4412 467 4473 sed
482 4412 649 4490 prodesse,
665 4431 765 4491 quum
784 4415 891 4476 eidem
906 4415 1033 4478 lohan—
1087 4415 1232 4492 gipontis
1263 4415 1475 4476 suessionen.
1506 4413 1671 4487 dioecesis,
1693 4412 1828 4485 decano,
1852 4411 1882 4472 et

234 4509 286 4571 nis
316 4509 474 4572 honestas
503 4511 536 4572 et
562 4512 703 4574 scientia
731 4511 972 4590 suffragentur,
1001 4513 1034 4574 et
1087 4515 1116 4575 J.
1134 4512 1370 4574 archidiacono
1387 4512 1601 4574 suessionen.

233 4607 391 4685 praetatus
400 4609 568 4685 magister,
579 4611 635 4687 qui
651 4626 720 4671 suaa
731 4611 848 4673 merito
859 4610 1032 4688 probitatis
1128 4609 1321 4672 constitutis
1346 4606 1382 4671 in
1411 4611 1590 4686 praesentia
1615 4608 1730 4671 nostra
1755 4607 1880 4668 dilectis

233 4703 340 4778 nobis,
364 4709 396 4768 et
415 4706 573 4769 iratribus
588 4708 712 4771 nostris
730 4711 844 4784 gratus
859 4709 910 4772 est
929 4709 963 4772 et
976 4725 1034 4772 ac·
1088 4706 1166 4769 tiliis
1181 4707 1210 4770 J.
1228 4707 1388 4770 canonico
1408 4708 1558 4770 ecclesiae
1574 4707 1680 4769 sancti
1696 4705 1836 4774 vedasti,
1849 4705 1882 4763 et
1981 4751 1982 4780 ,

234 4805 358 4881 ceptus,
386 4805 480 4867 vobis
499 4805 614 4883 stipsi
640 4807 791 4868 ecclesiae
811 4809 907 4884 grata
929 4809 1034 4885 possit
1089 4807 1131 4868 bd.
1155 4805 1348 4884 presbytero
1376 4807 1634 4884 procuratori...
1658 4805 1880 4867 abbatissaeac
1981 4835 1982 4866 t

235 4901 392 4978 obsequia
426 4901 595 4964 exhibere.
631 4906 697 4965 Vos
732 4905 843 4967 autem
878 4906 1032 4968 mandato
1088 4905 1282 4966 monialium
1308 4904 1458 4966 ecclesiae
1479 4905 1583 4967 sancti
1606 4904 1774 4968 Benedicti
1788 4899 1881 4962 auri-

104 5069 108 5078 ,
226 4999 349 5066 ¹nostro
375 4999 408 5060 et
435 5000 672 5062 monitionibus
700 5018 842 5088 eorum„
859 5020 940 5082 quos
969 5003 1032 5066 sibi
1088 4998 1878 5075 niacen.,Laudunendioecesis,dilectumdlium

234 5095 416 5159 monitores
442 5098 671 5172 concedimus,
700 5143 859 5163 ........
883 5103 1032 5180 recipere
1088 5104 1126 5164 R.
1144 5101 1352 5178 capellanum
1380 5101 1528 5161 nostrum
1548 5099 1772 5161 concessimus
1785 5095 1879 5157 audi·
1981 5115 1982 5138 i

233 5211 300 5257 non
337 5195 480 5258 curastis
516 5196 684 5270 eumdem,
726 5198 850 5262 habere
884 5202 1032 5263 volentes
1087 5202 1204 5271 torem,
1230 5213 1343 5260 coram
1367 5213 1433 5275 quo
1455 5197 1543 5260 idem
1557 5199 1587 5260 J.
1604 5195 1782 5274 proposuit,
1798 5191 1877 5271 quod

232 5293 834 5359 vestraeinobedientiaevelamentum
849 5289 1032 5376 quodidem
1088 5297 1166 5359 olim
1193 5297 1283 5374 ipso,
1319 5296 1352 5358 et
1385 5295 1582 5373 quibusdam
1616 5293 1693 5357 aliis
1721 5288 1878 5356 canonicis

232 5391 394 5454 beneficia
418 5393 568 5470 quaedam
589 5394 738 5456 noscitur
759 5394 920 5471 obtinere,
937 5397 1033 5474 quasi
1087 5396 1193 5459 eidem
1210 5395 1316 5457 sancti
1326 5394 1461 5456 vedasti
1476 5393 1639 5466 ecclesiae,
1651 5391 1756 5454 felicis
1768 5402 1879 5450 memo-

234 5489 372 5551 cuilibet
382 5492 534 5553 assecuto
549 5491 661 5570 aliqua
674 5491 835 5555 beneficia
850 5479 1032 5572 praeclusus
1087 5494 1147 5556 riae
1173 5493 1367 5556 innocentio
1391 5509 1485 5570 papae
1513 5490 1749 5570 praedecessori
1772 5485 1876 5548 nostro

234 5587 279 5650 sit
304 5587 412 5651 aditus
438 5589 480 5649 ad
502 5595 641 5668 majora.
666 5593 735 5653 Nos
756 5595 868 5656 autem
890 5592 977 5671 quod
992 5593 1032 5656 de
1087 5591 1329 5663 intimantibus,
1347 5591 1433 5669 quod
1448 5607 1550 5668 quum
1566 5589 1682 5652 eadem
1696 5583 1826 5650 ecclesia
1841 5582 1876 5641 in
1981 5641 1982 5648 ,

233 5686 292 5748 1110
308 5685 497 5764 specialiter
510 5688 661 5764 praedicti
680 5691 830 5768 magistri
846 5692 1033 5756 considera·
1088 5708 1153 5770 qua
1169 5692 1219 5754 est
1234 5689 1460 5756 duodenarius
1476 5689 1713 5754 canonicorum
1730 5695 1874 5748 numerus

1961 5825 1982 6260 l
