3982 6302
86 359 99 424 ὅ
686 349 915 414 EPIS'I'OLAE.
938 349 1017 411 LIB.
1040 347 1066 408 Ι.
1679 347 1699 404 6

113 516 187 578 llam
220 509 446 586 suffraganeis
481 507 633 574 ecclesiae
671 513 852 574 Ravenna·

87 611 172 676 tensis.

113 711 186 772 llere
202 704 431 782 Suffraganeis
447 703 597 766 ecclesiae
612 705 756 766 Pisanae.

115 809 185 869 item
200 802 442 864 Mediolanensi
456 803 561 864 electo
576 803 612 864 et
632 799 852 880 suffraganeis

87 922 147 984 ejus.

116 1002 188 1064 llam
200 997 404 1060 Patriarchae
419 997 623 1075 Aquileiensi
635 998 668 1060 et
683 997 853 1074 suffraga-

88 1113 230 1174 uersejus.

116 1198 189 1258 item
201 1192 405 1255 patriarchae
412 1190 574 1254 Gradensi
587 1191 620 1255 et
631 1191 855 1298 suffraganeis

88 1311 151 1372 epus.

117 1391 189 1452 llam
202 1387 430 1464 suffraganeis
444 1387 595 1449 ecolesiae
607 1389 626 1450 J
628 1386 719 1448 ader.

117 1489 192 1550 item
204 1485 463 1563 archiepiscopo
481 1485 668 1562 Spalatensi
683 1485 716 1546 et
730 1483 856 1546 suffra-

89 1586 179 1662 ganeis
193 1587 277 1662 ejus.

115 1685 191 1744 itam
200 1678 458 1758 archiepiscopo
467 1679 680 1767 antivarensi
694 1679 727 1742 et
741 1677 859 1741 suffra·

88 1781 278 1856 ganeisejus

115 1879 191 1939 ltere
202 1875 472 1952 archiepiscopis
490 1875 522 1937 et
534 1875 699 1955 episcopis
712 1889 859 1954 perreg-

88 1991 147 2035 aum
160 1973 351 2050 Hungariae.

115 2070 405 2134 ltemPatriarchae
421 2069 797 2148 Constantinopolitano.

115 2171 192 2230 item
203 2167 471 2245 archiepiscopis
486 2169 519 2231 et
537 2169 701 2247 episcopis
717 2183 777 2246 per
796 2169 858 2230 ΟΡ.

86 2265 241 2344 inperium
258 2265 459 2327 constitutis

116 2365 194 2425 item
202 2361 473 2440 archiepiscopis
488 2363 521 2425 et
534 2363 698 2442 episcopis
712 2378 772 2442 per
783 2379 861 2440 reg-

87 2477 149 2521 num
159 2459 365 2522 Alamanniae
381 2460 579 2522 constitutis.

115 2559 192 2620 item
204 2557 468 2636 archiepiscopo
483 2557 646 2635 Nesgensi
667 2555 719 2638 (i).
733 2557 767 2620 et
789 2556 862 2619 sul-

84 2654 329 2734 traganeiseJus.

32 2772 33 2778 ¹
114 2756 193 2816 item
207 2754 471 2833 archiepiscopo
495 2753 661 2817 Laudensi
685 2753 718 2817 et
738 2753 862 2816 suffra-

84 2853 177 2923 ganeis
192 2856 280 2930 ejus.

111 2950 189 3011 item
227 2949 405 3012 Universis
435 2949 599 3029 episcopis
629 2965 689 3029 per
721 2965 862 3027 regnum

82 3045 188 3120 lnghae
204 3047 408 3109 constitutis.

30 3227 33 3235 Ι
111 3144 189 3206 item
199 3144 377 3223 Episcopis
389 3160 449 3222 per
458 3160 597 3221 regnum
610 3144 729 3206 scotia
741 3143 862 3206 consti·

81 3239 155 3301 tutis.

111 3338 190 3400 Item
200 3339 477 3418 archiepiscopis
490 3339 524 3402 et
537 3339 701 3418 episcopis
716 3357 776 3422 per
789 3340 863 3402 His·

79 3435 193 3506 pariam
209 3437 415 3500 constitutis

434 3625 494 3710 III

20 3781 23 3818 ²
78 3809 117 3866 ta
144 3813 401 3886 imperatorem
435 3812 861 3887 constantinopolitanum.

385 3924 579 3998 mama

124 4043 227 4111 [liegest.
238 4048 291 4110 lib,
308 4049 329 4108 l,
341 4047 414 4114 epist.
429 4048 452 4099 li.
465 4049 522 4100 blss.
533 4049 648 4102 barole
661 4049 696 4100 da
705 4049 801 4116 Thell]

79 4173 202 4248 sanificat
226 4183 256 4241 ei
284 4181 500 4256 promotionem
520 4197 614 4252 suam,
635 4199 691 4256 qua
714 4183 795 4242 tertia
817 4184 864 4243 die

104 4275 313 4335 postmortem
351 4271 510 4328 Innocentii
542 4279 640 4330 secuta
670 4279 714 4331 est
746 4273 864 4346 pulchra

20 4389 26 4396 -
103 4355 220 4425 epistota.

852 4405 862 4432 Ι

905 523 1012 572 manae
1046 503 1116 570 tilio
1147 505 1284 584 speciali
1316 505 1480 583 primitias
1512 504 1703 568 litterarum

905 606 1096 668 nostrarum
1111 604 1267 666 duximus
1285 602 1510 676 destinandas,
1529 602 1700 664 excellen-

906 705 987 767 tiam
1001 705 1092 766 tuam
1104 701 1260 779 rogantes
1275 701 1410 774 attente,
1427 700 1460 762 et
1480 699 1652 762 monentes
1668 699 1701 761 et

907 801 1121 864 exhortantes
1135 801 1171 860 in
1185 799 1335 872 Domino,
1350 799 1385 860 in
1397 799 1628 860 remissionem
1639 798 1700 860 tibi

907 899 1135 978 peccaminum
1157 897 1373 975 injungendo,
1399 896 1561 974 quatenus
1583 911 1701 974 sacro-

908 997 1058 1059 sanctam
1073 999 1256 1058 Romanam
1267 994 1447 1056 Ecclesiam
1462 995 1600 1056 matrem
1610 993 1702 1055 tuam

908 1095 1021 1158 taliter
1034 1094 1201 1155 honorare
1214 1092 1359 1164 studeas,
1376 1108 1415 1154 ac
1427 1092 1527 1154 etiam
1542 1089 1700 1163 revereri,

910 1193 996 1272 quod
1015 1193 1080 1255 tuae
1095 1191 1280 1253 devotionis
1301 1190 1440 1252 affectus
1461 1205 1527 1251 uon
1551 1189 1703 1251 videatur

910 1291 1100 1353 nullatenus
1121 1288 1278 1366 tepuisse,
1305 1289 1374 1350 sed.
1389 1287 1575 1364 suscepisse
1593 1287 1703 1364 potius

911 1389 1162 1458 incrementum,
1182 1385 1344 1464 nobisque
1367 1385 1408 1447 ad
1423 1385 1573 1461 regimen
1593 1388 1703 1460 Apos-

910 1486 1019 1550 tolicae
1036 1484 1130 1547 Sedis
1145 1482 1322 1561 assumptis
1337 1483 1476 1546 Domino
1496 1480 1704 1558 disponente,

912 1585 1010 1663 prout
1031 1582 1125 1645 decet
1137 1580 1336 1644 catholicum
1350 1579 1534 1657 principem
1549 1579 1706 1642 assistere

912 1681 1093 1754 humiliter,
1110 1679 1144 1741 et
1161 1679 1288 1741 devote.
1304 1680 1372 1742 Nos
1391 1676 1480 1739 enim
1504 1676 1617 1749 inhia,
1633 1693 1708 1754 quae

913 1780 954 1842 ad
969 1781 1063 1842 tuum
1079 1777 1230 1856 spectant
1243 1777 1403 1838 honorem
1418 1777 1577 1853 quantum
1591 1775 1627 1836 in
1640 1777 1707 1837 Deo

913 1893 1089 1956 possumus
1101 1876 1244 1937 libenter
1258 1874 1470 1946 intendimus
1487 1873 1520 1936 et
1534 1872 1624 1934 circa
1636 1889 1709 1951 per·

915 1992 1031 2038 sonam
1051 1977 1142 2038 tuam
1157 1974 1304 2053 paternae
1327 1972 1473 2051 gerimus
1497 1972 1627 2035 viscera
1646 1987 1708 2034 ca-

914 2070 1050 2154 ritatis(
1071 2071 1096 2152 ).
1432 2073 1435 2079 '

955 2214 1035 2278 Pari
1061 2214 1192 2277 ratione
1219 2214 1379 2292 scriptum
1412 2213 1463 2276 est
1489 2212 1612 2276 Siciliae
1638 2212 1711 2288 regi

915 2313 1087 2390 designato
1097 2311 1302 2390 imperatori,
1314 2311 1463 2373 Poloniae
1473 2310 1611 2372 ducibus
1622 2309 1712 2370 aliis·

916 2428 980 2490 que
993 2409 1129 2488 regibus
1143 2412 1177 2472 et
1189 2408 1406 2488 principibus.

1283 2587 1340 2674 IV

915 2761 968 2822 Ad
998 2760 1210 2821 cardinalem
1243 2757 1363 2819 Sancti
1389 2755 1538 2820 Martini
1564 2755 1714 2833 epotum

1216 2857 1254 2917 ln
1274 2857 1409 2932 nuptio.

1131 2987 1216 3046 Anno
1231 2987 1301 3046 lale
1316 2983 1397 3062 (suas
1411 2984 1500 3060 date).

974 3111 1085 3178 [liegest.
1099 3110 1145 3162 lib.
1158 3111 1182 3172 l,
1192 3110 1265 3176 epist.
1277 3111 1302 3160 o.
1315 3110 1372 3161 blaa.
1385 3111 1422 3162 La
1434 3110 1512 3162 Porta
1523 3109 1558 3160 du
1572 3109 1666 3172 Thell]

917 3225 1072 3287 Confirmat
1093 3227 1121 3284 ei
1146 3225 1320 3300 legationem
1344 3233 1372 3284 et
1390 3223 1508 3284 maudut
1530 3232 1561 3282 ut
1583 3223 1712 3282 hortetur

956 3330 1055 3390 regem
1070 3315 1193 3388 Angliae,
1206 3315 1361 3373 vassallum
1376 3315 1514 3372 Romanae
1528 3313 1673 3385 Ecclesia,
1688 3321 1717 3371 et

954 3403 1196 3480 crucesignatum,
1213 3411 1471 3482 necousternetur.¹

958 3533 1125 3594 Honorius
1140 3531 1326 3611 episcopus,
1342 3545 1459 3593 servus
1472 3545 1642 3594 servorum
1654 3529 1714 3592 Dei

917 3633 946 3694 J.
958 3630 1010 3692 tit.
1025 3632 1059 3692 S.
1072 3628 1210 3692 Martini
1220 3627 1414 3706 presbytero
1425 3627 1599 3700 cardinali,
1614 3629 1716 3703 Apos-

918 3727 1026 3790 tolicae
1043 3725 1137 3789 Sedis
1151 3725 1273 3802 legato,
1289 3724 1431 3786 salutem
1447 3724 1480 3786 et
1497 3724 1715 3801 apostolicam

917 3823 1193 3887 benedictionem.

957 3925 1097 4000 Magnus
1103 3921 1273 3994 Dominus
1283 3919 1502 3984 etlaudabilis
1513 3919 1622 3994 nimis,
1635 3921 1710 3994 etc„

919 4021 956 4082 ut
968 4019 1003 4080 in
1018 4019 1158 4097 epistola
1173 4021 1214 4092 li,
1230 4034 1335 4097 usque
1349 4019 1528 4094 assumpta
1531 4061 1591 4079 .....
1606 4020 1716 4080 Devo-

919 4118 1044 4180 tlonem
1058 4117 1150 4180 tuam
1162 4117 1351 4180 nostrarum
1360 4115 1547 4178 litterarum
1558 4115 1715 4194 primitiis

919 4214 1074 4276 duximus
1108 4214 1347 4277 consolandam
1378 4213 1446 4276 iuis
1476 4211 1645 4275 laboribus
1680 4215 1715 4274 et

919 4312 1082 4390 angustiis
1107 4310 1247 4390 paterno
1270 4311 1510 4389 compatientes
1539 4311 1661 4374 affectu
1682 4313 1715 4372 et

919 4409 1096 4472 sollicitam
1132 4409 1340 4486 diligentiam
1379 4425 1419 4471 ac
1454 4408 1713 4470 sollicitudinem

21 4592 24 4599 Ι
106 4497 265 4565 Honorius
306 4503 502 4581 episcopus,
540 4520 656 4566 servus
691 4521 863 4568 servorum
918 4507 1294 4584 circumspectamquam
1309 4505 1535 4568 incommissae
1545 4505 1606 4567 tibi
1616 4507 1713 4582 lega-

80 4589 132 4662 bei,
145 4597 263 4664 dilecto
291 4601 335 4662 in
362 4601 493 4663 Christo
517 4601 588 4663 lilio
609 4605 645 4663 Β.
670 4602 864 4681 imperatori
917 4605 1018 4668 tionis
1036 4604 1146 4667 officio
1162 4603 1354 4666 adhibuisse
1368 4603 1575 4680 dignosceris
1594 4603 1630 4663 in
1645 4605 1713 4664 Do-

81 4686 434 4776 lbnstantinopolitano
447 4697 569 4760 illustri
580 4699 720 4761 salutem
729 4701 762 4763 et
770 4717 865 4779 apos·
919 4704 1008 4765 mino
1024 4701 1432 4765 commendantes.Verum
1447 4701 1525 4778 quia
1540 4699 1628 4774 linis,
1644 4716 1711 4762 non

81 4783 186 4853 bacam
199 4795 491 4858 benedictionem.
918 4799 1180 4878 pugna‚cor0nat
1191 4798 1423 4859 discretionem
1434 4798 1712 4870 tuam,monemus

18 4891 22 4899 '
107 4885 232 4965 llagnus
258 4893 443 4965 Dominus,
472 4892 553 4965 etc,
584 4893 620 4955 ut
646 4893 682 4954 in
708 4896 803 4973 epist.
820 4899 861 4971 ΙΙ,
918 4899 951 4960 et
973 4897 1190 4959 exhortamur
1214 4895 1339 4958 attente
1358 4911 1418 4972 per
1439 4895 1629 4972 apostolica
1651 4895 1712 4958 tibi

82 4991 449 5066 asqueussumpta...,et
461 4990 738 5069 deuotionequam
746 4992 788 5054 ad
796 4997 866 5057 Ro-
918 4995 1039 5072 scripta
1048 4995 1061 5066 ,¹
1095 4992 1290 5054 mandamus
1328 4993 1491 5070 quatenus
1527 5009 1570 5054 ex
1607 4996 1712 5056 morte

81 5087 388 5150 mmmaeclestam
401 5087 767 5172 habuissedignosceris
782 5091 862 5153 dili-
917 5091 1047 5170 praefati
1062 5089 1316 5169 praedecessoris
1338 5090 1443 5154 nostri
1457 5106 1524 5153 non
1539 5091 1714 5169 dejiciatur

83 5179 169 5243 arar
180 5183 353 5264 inspecta,
369 5183 431 5246 tibi
445 5185 604 5263 tanquam
619 5186 776 5250 Ecclesiae
791 5191 862 5252 Ro·
918 5189 1048 5252 animus
1067 5189 1143 5251 tuus
1165 5187 1221 5250 sed
1249 5187 1368 5265 spiritu
1392 5187 1595 5252 fortitudinis
1617 5204 1712 5251 reas-

108 5331 139 5418 (Ι)
156 5339 338 5414 adjiciuntur
374 5339 415 5414 (in
439 5345 562 5426 liegesto
581 5343 740 5426 Pontificio)
762 5346 863 5404 litterae
917 5351 1010 5408 Terrae
1029 5347 1141 5406 Sancta
1161 5345 1309 5404 invasores
1324 5345 1530 5404 excurrentium
1549 5346 1596 5416 sit,
1612 5351 1711 5405 contra

86 5397 329 5498 *trapeamrem
366 5414 723 5496 constantinopolitanum,
760 5417 864 5488 quibus
918 5419 1131 5478 Graecorumim
1172 5425 1216 5474 tus
1234 5417 1595 5488 ordinatissimorum
1617 5415 1709 5476 dessi-

86 5474 862 5567 athohraeEcelestaegubeirnaculrsseadmotumdoeet,
917 5490 1037 5557 derium,
1072 5503 1106 5547 ac
1148 5503 1245 5546 eruum
1269 5487 1306 5546 ad
1330 5488 1477 5560 pristinam
1501 5488 1710 5546 inhumanam

88 5549 322 5637 taeduerngens
347 5555 449 5611 tuendi
467 5554 555 5637 divim
571 5557 695 5613 numinis
710 5556 863 5616 edomandi
917 5561 1074 5620 Ecclesiam
1103 5559 1293 5617 reverentiam
1324 5571 1508 5616 amoremne
1537 5557 1709 5616 servandum

90 5611 301 5708 Etlttsrratreorum
336 5625 637 5708 fastusprmperiique
659 5628 804 5686 orientalis
827 5645 863 5687 ex
917 5640 960 5693 est
973 5631 1147 5692 cohortatus.
1162 5628 1217 5706 (ha
1232 5630 1315 5688 Porta
1329 5630 1368 5687 de
1389 5571 1489 5702 leotz.

91 5693 211 5754 barethu
229 5713 264 5758 ex
285 5712 362 5758 arce
385 5696 550 5756 llrrnrssrma
579 5712 609 5754 rn
633 5699 805 5762 Sarracenos
828 5715 863 5760 ac
1202 5733 1204 5736 ·
