4080 6316
307 303 367 364 so
684 374 688 383 ,
927 313 1341 381 111111111111
1869 338 1914 400 aa
1999 329 2000 356 ¹

307 464 377 522 tum
399 463 573 526 audaciam
597 467 839 531 molestationis
862 474 1023 546 assumat,
1045 488 1105 535 nos
1160 474 1396 556 losoppressos
1413 481 1503 544 tueri
1517 484 1678 558 tenemur,
1691 487 1780 552 tanto
1799 492 1827 552 ei
1846 509 1914 556 con·

307 558 342 619 in
369 561 630 625 consolationem
659 564 784 627 doloris
811 570 844 630 et
874 571 1105 646 angustiarum
1160 576 1315 652 patiendo
1352 577 1529 657 benignius
1569 599 1669 661 super
1703 585 1808 650 dolore
1829 590 1914 669 hujus
1999 613 2000 622 ¹

307 656 440 719 tuarum
450 658 616 732 solatium,
626 663 715 724 tuam
727 666 1104 742 etpnpillorumtuorum
1161 675 1259 748 modi,
1288 678 1410 754 quanto
1446 694 1560 742 rumor
1590 681 1698 744 obitus
1718 684 1781 746 viri
1803 689 1849 748 sui
1870 707 1914 752 nos
1999 691 2000 764 ξ

307 771 477 834 personna,
491 773 529 818 ac
544 775 682 835 reguum
695 763 867 838 praelatum
884 765 944 826 sub
960 769 1103 844 Aposto-
1159 771 1387 836 vehementius
1396 776 1615 841 conturbavit.
1625 779 1727 842 Valde
1737 797 1828 858 super
1836 784 1915 862 ipsius
1999 787 2000 850 3

306 852 380 913 licae
392 854 487 915 Sedis
501 856 533 916 et
547 860 660 919 nostra
673 861 878 936 protectione
893 865 1102 942 suscipimus,
1159 868 1445 934 molestationibus
1483 876 1652 950 angimur,
1681 893 1746 940 non
1782 880 1914 944 immerito
1999 873 2000 878 ’

305 950 517 1026 etpraesentis
528 955 642 1032 scripti
654 959 838 1032 patrocinio
849 963 1100 1036 communimus,
1158 965 1385 1043 formidantes,
1395 973 1484 1045 ne,si
1494 972 1567 1035 haec
1577 974 1784 1038 dissimulare
1793 979 1913 1054 selinus,

304 1048 489 1111 districtius
499 1050 699 1124 inhibentes,
714 1057 839 1134 nequis
851 1074 910 1120 161
921 1062 955 1122 et
963 1075 1102 1137 regnum
1158 1064 1300 1130 districti
1319 1069 1443 1146 judicis
1464 1069 1676 1134 incurramus
1700 1073 1857 1148 offensam,
1873 1081 1915 1156 qui

304 1145 477 1223 praelatum
489 1153 800 1226 praesumattemere
810 1156 1000 1220 molestare.
1010 1159 1102 1220 Nulli
1157 1163 1444 1230 dissimulantibus
1459 1167 1619 1246 injuriam
1634 1169 1750 1234 talium
1760 1175 1844 1250 quasi
1854 1193 1914 1254 spe-

304 1259 383 1321 ergo
399 1250 521 1310 nostrae
536 1250 763 1325 protectionis,
781 1254 813 1315 et
825 1253 1035 1318 inhibitionis
1049 1257 1102 1320 in·
1156 1261 1288 1325 cialiter
1322 1265 1363 1326 ad
1399 1265 1506 1344 ipsum
1535 1268 1710 1345 pertineat,
1735 1271 1913 1348 imprecatur,
1999 1299 2000 1318 ¹

303 1341 460 1420 fringere,
486 1347 548 1410 616.
580 1347 615 1408 Si
639 1349 712 1425 quis
736 1353 867 1425 autem,
892 1355 954 1416 etc.
982 1355 1100 1418 Datum
1156 1364 1341 1438 praesertim
1356 1381 1457 1443 quum
1481 1367 1593 1431 valere
1615 1369 1828 1446 periculosum
1842 1373 1913 1434 eris-
1999 1375 2000 1378 ’

302 1441 470 1514 Laterani,
488 1445 605 1521 quarto
620 1445 695 1507 idus
707 1447 797 1525 julii,
814 1465 903 1512 anno
918 1452 1073 1517 seeundo.
1154 1461 1249 1532 teret,
1280 1461 1479 1526 Christianis
1513 1467 1785 1544 prosequentibus
1809 1485 1915 1534 1111111

1155 1558 1288 1631 Christi,
1305 1560 1438 1623 utterra
1449 1561 1520 1636 illa,
1537 1563 1615 1624 dum
1630 1565 1694 1642 ipsi
1714 1567 1816 1627 crucis
1831 1569 1915 1630 inten-
1999 1613 2000 1648 q

567 1614 828 1705 CCCXXVIII
1154 1656 1236 1719 dunt
1250 1658 1396 1734 negotia,
1411 1660 1612 1724 turbaretur.
1631 1662 1772 1741 Ideoque
1786 1663 1915 1726 fraterni·
1999 1663 2000 1716 ἰ

329 1747 381 1806 Ad
390 1747 618 1820 prepositum
633 1751 666 1810 ct
678 1753 866 1824 capitutum
877 1757 1067 1822 Seccowea.
1154 1755 1213 1817 tati
1226 1756 1292 1817 tuae
1306 1773 1365 1834 per
1380 1758 1568 1834 apostoliea
1585 1761 1710 1838 scripta
1729 1762 1915 1838 praecipiendo
1999 1805 2000 1832 ;

609 1864 628 1920 g
639 1862 691 1936 jul.
706 1865 785 1924 liis.
1154 1853 1360 1926 mandamus,
1375 1856 1536 1933 quatenus
1547 1857 1698 1934 reginam
1713 1858 1850 1920 eamdem
1860 1876 1916 1920 cun
1999 1903 2000 1920 2

470 1966 572 2031 [rusca
587 1969 840 2036 pip10m‚sty,pae‚1‚
859 1974 926 2040 pq]
1153 1949 1232 2011 liliis
1244 1950 1315 2016 suis
1331 1951 1457 2018 habens
1472 1953 1638 2032 inquibus
1653 1972 1728 2018 cum
1741 1959 1805 2018 Deo
1818 1959 1915 2035 poteris
1999 1947 2000 1996 ἶ

300 2063 349 2122 itis
368 2064 512 2139 signiticat
531 2081 563 2124 se
580 2067 796 2143 archiepiscopo
812 2072 1011 2148 salzburgensi
1025 2089 1094 2133 eon·
1153 2049 1350 2126 Pmpensms
1363 2052 1636 2162 ⁰⁰mm0¹¹d³t³JU1
1653 2068 1717 2164 ⁰⁰⁸·
1729 2069 1786 2116 ¹¹⁰⁰
1807 2071 1864 2116 ”⁰¹¹
1875 2070 1917 2116 Γθ·

331 2151 443 2211 cedisse
465 2153 629 2215 laenitatem
652 2159 782 2233 erigendi
798 2160 827 2218 in
851 2177 951 2220 eorum
973 2165 1095 2224 ecclesia
1151 2161 1253 2221 &¹1⁰¹ss
1269 2147 1495 2224 praediciuma
1520 2150 1775 2228 mallgflaflifflffl
1791 2157 1916 2230 limitias

333 2243 529 2316 episcopatum
543 2247 774 2308 seccowensem.
1152 2244 1340 2308 incursibus
1353 2249 1386 2312 et
1398 2247 1568 2322 defendas,
1584 2249 1630 2310 lta
1646 2253 1684 2314 ut
1693 2249 1740 2312 ibi
1755 2265 1857 2314 omnes
1870 2249 1915 2310 sub

338 2361 430 2432 Quod
445 2362 647 2426 venerahilis
660 2365 764 2428 frate,-
785 2369 899 2431 nostor
918 2371 1096 2434 sambur,
1151 2345 1207 2406 tua
1222 2344 1393 2406 manentes
1409 2344 1602 2409 defensione
1627 2347 1738 2409 securi
1756 2347 1795 2409 ab
1813 2347 1858 2408 bis
1875 2348 1915 2424 qui

300 2460 413 2532 gensis
434 2460 716 2541 ampqepjsoopus,
744 2481 811 2527 non
840 2483 912 2539 sua,
940 2469 998 2530 sed
1022 2487 1095 2548 Μ
1150 2455 1207 2502 611
1222 2441 1306 2504 sorte
1318 2442 1495 2504 molestare
1511 2447 1785 2522 praesumpserint
1798 2444 1915 2508 indebite
1999 2481 2000 2488 κ

301 2555 510 2630 (1111311910,
529 2557 629 2638 (pagg
643 2577 763 2638 supra,
776 2563 800 2624 q,
818 2567 859 2637 Π,
874 2566 937 2628 θοι,
954 2566 1041 2648 315.)
1149 2554 1217 2600 nou
1232 2541 1406 2652 vexentur,
1422 2543 1578 2651 11111611
1593 2545 1773 2654 negotium,
1785 2543 1860 2622 quod
1873 2559 1916 2618 per

655 2679 656 2684 1
1150 2637 1213 2698 hoc
1227 2640 1332 2715 posstt
1345 2641 1510 2717 impediri,
1525 2640 1566 2701 de
1586 2641 1681 2702 lacsir
1696 2658 1760 2704 non
1780 2640 1914 2704 turbetur.

587 2729 805 2820 CCCXXIX
1149 2735 1218 2796 Nos
1244 2737 1332 2798 enim
1357 2737 1509 2798 omnibus
1535 2739 1593 2816 qui
1612 2741 1730 2802 contra
1745 2755 1801 2800 eos
1815 2736 1915 2816 aliquid

335 2870 387 2929 Ad
407 2871 589 2945 Peccatum
602 2875 827 2936 Albonensem
844 2879 1050 2951 epirotarum.

600 2993 634 3050 li
645 2994 697 3067 iul.
715 2996 794 3054 lilii.

301 3097 364 3158 [blas
383 3096 475 3154 Latris,
492 3097 601 3148 ilistoire
627 3100 658 3150 de
673 3101 724 3152 lile
737 3101 768 3151 de
781 3103 889 3170 Chypre,
904 3110 921 3156 t.
934 3107 977 3165 lii,
989 3123 1014 3174 p.
1024 3107 1092 3170 olo]

314 3183 349 3264 iu
363 3205 472 3264 Alicem
484 3206 615 3280 reginam
629 3209 712 3282 Cypri
724 3223 758 3268 ac
769 3209 842 3268 filios
855 3210 917 3285 ejus
930 3221 1072 3288 protegat.

335 3324 502 3388 Honorius
542 3325 729 3402 episcopus,
763 3343 879 3390 servus
919 3346 1092 3394 servorum

1148 2930 1249 2992 tionis
1261 2932 1500 3010 plenitudinem
1516 2933 1691 2997 iaciemus,

1189 3030 1307 3090 Datum
1328 3032 1498 3101 Laterani,
1514 3035 1556 3094 lV
1574 3033 1647 3094 idus
1669 3033 1760 3112 julii,
1778 3047 1855 3094 anno
1876 3045 1917 3090 se-

1149 3127 1268 3192 cundo.

1446 3254 1644 3344 CCCXXX

1144 2833 1233 2910 juris
1245 2849 1281 2894 se
1300 2833 1424 2896 babere
1439 2839 1638 2917 proponunt,
1657 2837 1809 2900 exbiberi
1822 2836 1916 2897 eisra-
1999 2893 2000 2902 ,

295 3420 366 3492 Dei,
383 3418 564 3482 albanensi
587 3421 754 3503 episcopo,
780 3426 1092 3504 apostolicaesedis
1207 3397 1260 3456 Ad
1274 3399 1457 3459 “mmm
1471 3401 1644 3472 episcopos
1659 3400 1870 3462 mmmm·
1968 3507 1971 3516 ι
1999 3429 2000 3486 t

294 3518 413 3596 legato.
1444 3517 1477 3580 tt
1494 3519 1544 3593 jul.
1567 3521 1646 3579 1118.

334 3619 498 3680 Memores
532 3618 717 3682 devotionis
740 3620 831 3683 illius
857 3639 967 3700 quam,
993 3624 1093 3688 clarae
1279 3635 1813 3702 [1111111111111111111111]

293 3716 463 3778 mOmOFiae
492 3732 553 3777 1¹81
577 3717 676 3794 Cypri
698 3718 740 3778 ad
769 3721 882 3782 110391
909 3723 1092 3785 ROmanaffl
1148 3743 1197 3801 liis
1224 3742 1369 3815 signifieat
1396 3755 1428 3800 se
1452 3750 1591 3813 rectores,
1613 3745 1793 3802 consiliarios
1817 3741 1916 3802 civitais

294 3813 477 3874 Ecclesiam
492 3814 644 3876 noscitur
663 3815 832 3888 habuisse,
855 3818 1037 3882 carissimae
1057 3821 1093 3884 in
1183 3831 1424 3900 Placentinorum,
1447 3839 1476 3888 et
1496 3846 1598 3888 omnes
1615 3833 1689 3890 alios
1704 3834 1751 3906 qui
1770 3831 1803 3890 ad
1821 3833 1913 3902 111111-
1999 3841 2000 3904 3

295 3911 425 3972 Christo
450 3911 527 3974 liiiae
555 3912 682 3981 relictae
697 3929 777 3987 suae,
794 3916 894 3992 Cypri
906 3918 1030 3994 reginae
1045 3917 1092 3980 il·
1183 3918 1308 3978 ualidum
1331 3916 1913 3982 0111616116161111111116111111111
1999 3911 2000 3964 ἒ

294 4009 476 4082 insulsae
500 4026 636 4072 suorum
662 4013 809 4073 omniurn
828 4029 896 4075 non
917 4029 1092 4091 possumus
1183 4015 1286 4066 caetero
1301 4010 1485 4080 sumpserint,
1507 4010 1811 4068 excommunicationis
1824 4006 1914 4065 1111111
1999 4019 2000 4066 1

295 4107 458 4178 oblivisci,
478 4109 511 4169 61
532 4124 633 4184 quum
652 4110 801 4172 eamdem
823 4111 984 4188 reginam,
1008 4114 1093 4176 sicut
1183 4095 1330 4156 innodare.
1356 4098 1472 4156 Mandat
1491 4106 1522 4156 ut
1538 4113 1687 4170 praemissa
1711 4099 1821 4158 tirmiter
1837 4097 1913 4154 obser*

294 4222 355 4283 pro
368 4206 457 4266 certo
472 4205 635 4278 tenemus,
648 4222 707 4282 pro
722 4209 826 4271 morte
839 4209 929 4286 regis
941 4211 1091 4288 praedicti
1181 4193 1259 4244 Vim·
1897 4298 1902 4310 Ι

294 4303 360 4366 viri
374 4302 437 4374 sui,
455 4318 494 4364 eo
512 4301 630 4364 lortius
643 4303 848 4368 circumdent
864 4309 1039 4384 angustiae,
1059 4311 1092 4372 et
1186 4303 1913 4408 Ηο1ο11116111οορ11,1611111611611111,

295 4399 542 4464 doloranimum
552 4417 649 4462 suum
660 4405 770 4478 angat,
779 4419 843 4482 quo
855 4404 918 4467 sibi
930 4407 963 4468 et
977 4406 1091 4470 liberis
1146 4402 1391 4466 venerabilibus
1413 4402 1571 4464 fratribus
1586 4404 1757 4468 universis
1776 4403 1914 4478 episeopis

295 4501 363 4562 suis
378 4500 515 4577 gravius
529 4515 571 4561 ex
582 4499 756 4571 bocsentit
770 4501 943 4567 imminere
956 4504 1092 4583 dispen-
1146 4499 1365 4573 bombardiae,
1381 4500 1521 4564 salutem
1541 4501 1575 4562 et
1597 4502 1810 4580 apostolicam
1833 4497 1915 4560 bene·
1999 4537 2000 4546 ,

294 4599 396 4672 dium,
413 4613 453 4660 ac
463 4613 602 4674 regnum
623 4598 722 4676 Cypri
736 4599 827 4664 videt
841 4601 914 4665 sine
928 4603 1091 4678 regimine
1145 4599 1335 4662 dictionem.

293 4695 513 4774 periculosius
529 4695 702 4768 fluctuare,
725 4712 766 4758 ac
783 4697 977 4760 sicutnobis
992 4700 1091 4762 inno-
1185 4696 1316 4758 Miserae
1341 4695 1540 4758 conditionis
1570 4696 1720 4758 esistunt
1747 4693 1913 4796 perditionis
1999 4711 2000 4792 s

291 4795 367 4868 tuit,
390 4793 525 4872 quidam
551 4793 683 4855 accensi
712 4794 929 4872 malignitatis
958 4797 1088 4872 ardore,
1145 4793 1216 4868 tilii,
1234 4794 1367 4872 reprobi
1381 4792 1578 4866 Placentini,
1596 4794 1653 4872 qui
1670 4793 1786 4856 baculo
1800 4787 1912 4898 arundi-
1999 4837 2000 4872 3

292 4893 399 4970 ipsam
416 4894 553 4970 ejusque
566 4891 652 4954 tilios
673 4907 712 4954 ac
732 4908 871 4969 regnum
889 4895 1098 4978 praedictum
1144 4909 1208 4954 neo
1220 4894 1334 4956 contra
1350 4893 1526 4956 Dominum
1539 4893 1720 4956 innitentes
1734 4892 1767 4952 in
1778 4885 1912 4994 Medicis·
1999 4919 2000 4958 ,

292 4995 416 5054 temere
431 4989 609 5050 molestare
631 4993 845 5066 praesumant,
861 4992 917 5070 qui
930 4991 1090 5057 deberent
1144 4991 1297 5052 nensium
1308 4990 1631 5068 superbiaconsueta
1642 4993 1769 5068 ponunt
1783 4988 1911 5099 fiduciam
1999 5027 2000 5072 ἶ

291 5089 401 5168 potius
425 5087 488 5148 boc
514 5087 724 5168 necessitatis
746 5090 905 5168 tempore,
933 5090 1088 5154 obmissis
1143 5105 1243 5168 supra
1259 5105 1305 5162 se,
1318 5090 1505 5166 quaerentes
1521 5090 1556 5150 iu
1570 5089 1714 5150 aliorum
1726 5090 1842 5166 injuria
1854 5081 1912 5158 glo-
1999 5131 2000 5184 3

291 5189 378 5262 aliie,
395 5185 529 5264 negotio
554 5186 727 5248 intendere
750 5187 915 5264 crucifixi,
932 5189 1019 5268 quod
1033 5190 1089 5252 to·
1142 5188 1235 5249 riari.
1254 5189 1348 5249 Certe
1364 5194 1430 5252 non
1452 5187 1500 5248 sic
1522 5186 1684 5248 dictorum
1703 5183 1909 5289 Mediolaneu-
1999 5199 2000 5256 3

218 5283 220 5294 '
289 5290 342 5351 tus
371 5287 441 5348 lere
469 5285 610 5364 populus
639 5285 854 5354 christianus,
880 5287 1087 5365 praeterendo
1143 5287 1229 5349 sium
1250 5286 1476 5362 arrogantiam
1500 5285 1625 5346 imitari
1649 5281 1909 5353 deberentulju-

288 5385 371 5447 illud
385 5385 529 5462 PPOPffiS
545 5383 754 5456 utilitatibus,
779 5400 973 5462 promovere
988 5385 1085 5448 labo·
1142 5386 1282 5446 ramenti
1300 5383 1393 5445 nobis'
1409 5399 1514 5460 nuper
1524 5383 1665 5448 exbihiti
1675 5384 1784 5444 essent
1796 5387 1907 5458 prorsus
1999 5401 2000 5462 3

288 5485 357 5558 rat;
379 5497 439 5543 uos
464 5481 519 5559 qui
543 5484 614 5558 ejus
639 5483 745 5543 vicem
764 5481 798 5542 in
819 5482 918 5544 terris
938 5484 1085 5558 gerimus
1142 5483 1246 5555 obliti,
1264 5485 1377 5544 contra
1391 5479 1528 5542 dilectos
1545 5481 1631 5542 tilios
1648 5484 1872 5542 Cremonenses
1884 5471 1908 5530 et

289 5580 345 5660 qui
358 5582 410 5644 est
423 5579 634 5640 moerentium
647 5580 847 5648 consolator,
861 5579 895 5643 et
909 5596 952 5642 61
966 5580 1085 5644 debitae
1141 5584 1339 5642 Parmenses
1367 5579 1534 5640 hostiliter
1562 5577 1777 5656 procedendo.
1807 5569 1908 5644 Quibus
1999 5581 2000 5616 l

288 5677 460 5744 servitutis
476 5675 585 5738 cilicio
597 5675 726 5750 viduae,
744 5677 911 5756 orphanos
922 5679 955 5741 et
969 5678 1083 5756 pupil-
1140 5678 1369 5758 injunximuS,
1394 5679 1569 5758 postquam
1592 5675 1713 5740 nostris
1738 5665 1906 5754 juraveruut
