4082 6342
100 351 158 414 511
729 356 957 418 EPISTOLAE.
982 358 1059 418 LIB.
1084 359 1123 419 ΙΙ.
1617 383 1620 390 ·
1692 367 1751 429 542

99 515 198 591 cujus
229 513 280 574 est
308 509 457 574 Christus
481 515 599 591 caput,
630 513 778 592 corporis
804 519 899 595 cnjus
954 530 1027 594 qua
1046 533 1113 578 uon
1130 517 1288 582 invocant
1302 533 1421 582 nomen
1444 524 1526 600 ejus.
1547 523 1595 586 Ad
1617 525 1749 590 laudem

100 611 228 688 singuli
243 625 356 672 sumus
371 611 530 684 membra,
542 609 655 674 forsan
665 613 728 674 bac
736 614 808 690 ipsa
816 615 899 676 bora
954 617 987 676 et
1001 615 1141 691 gloriam
1163 631 1257 678 suam
1279 617 1468 696 confringet
1486 637 1611 684 cornua
1630 641 1751 701 pecca·

99 707 250 786 gloriosa
274 724 334 786 pro
363 709 427 770 ilde
453 709 575 771 Christi
594 712 776 772 certamina
797 712 898 785 ineat,
953 715 1072 776 torum.

100 807 239 884 suisque
254 802 407 868 diflidens
422 807 562 880 viribus,
579 823 619 869 ac
633 808 673 870 de
687 810 758 870 sola
768 810 899 872 virtutis
994 811 1135 889 Ideoque
1164 829 1223 890 per
1244 815 1432 890 Apostolioa
1470 817 1592 896 scripta
1619 821 1750 885 caritati

101 901 250 984 [diviuae]
267 905 483 966 miseratione
503 905 685 980 confidens,
702 908 743 968 ad
762 906 901 968 eamia-
953 909 1074 970 vestrae
1102 910 1323 988 praecipiendo
1361 913 1555 976 mandamus
1588 920 1750 994 quatenus

98 1002 199 1062 cilius
209 1002 452 1080 impetrandam
461 1003 649 1065 nostrarum
659 1003 820 1079 suffragia
828 1019 901 1064 ora·
954 1005 1018 1068 boc
1043 1023 1116 1068 curn
1139 1008 1313 1072 devotione
1328 1010 1438 1072 debita
1452 1013 1524 1073 fieri
1538 1013 1681 1090 faciatis,
1705 1017 1750 1079 ita

98 1099 410 1176 tionumexposcatl
426 1103 513 1162 Sane
527 1115 686 1178 noscam
701 1101 899 1163 adnostram
955 1105 1041 1180 quod
1062 1105 1200 1182 quilibet
1223 1109 1381 1180 vestrum,
1410 1109 1476 1170 nisi
1494 1113 1584 1188 justo
1610 1113 1752 1190 impedi-

98 1197 290 1273 pervenerit
314 1198 470 1260 notitiam
489 1198 565 1260 illos
584 1213 644 1275 per
663 1201 788 1261 terram
808 1214 899 1276 prae-
955 1203 1065 1264 mento
1079 1205 1267 1277 excusetur,
1282 1205 1414 1269 intersit
1435 1208 1504 1268 suis
1519 1208 1653 1271 indutus
1668 1211 1753 1273 insi-

98 1295 223 1356 dictam
238 1295 393 1367 intrasse,
409 1295 555 1356 animam
566 1299 712 1357 nostram
723 1297 900 1358 effudimus
954 1300 1074 1375 gnibus
1090 1301 1275 1378 etpedibus
1290 1303 1400 1376 nudis,
1418 1304 1580 1382 quatenus
1599 1309 1751 1386 exemplo

99 1407 214 1454 coram
226 1395 306 1464 Deo,
323 1392 416 1453 illum
429 1408 488 1470 per
502 1393 611 1471 ipsum
623 1395 658 1454 in
677 1395 900 1472 lacrymarum
954 1399 1065 1460 vestro
1087 1399 1128 1460 ad
1144 1399 1230 1460 idem
1245 1402 1443 1476 provocetur
1458 1401 1588 1465 devotio
1603 1405 1754 1468 subdito·

97 1489 270 1551 effluentia
285 1489 510 1568 deprecantes,
525 1491 575 1563 Et,
600 1491 678 1569 quia
696 1491 736 1553 de
760 1492 899 1554 merito·
955 1511 1039 1556 rum.
1075 1496 1235 1572 Religiosi
1272 1499 1382 1560 autem
1415 1499 1449 1560 in
1480 1500 1563 1562 locis
1592 1503 1753 1565 solitariis

97 1603 175 1647 rum
202 1587 361 1663 qualitate
399 1587 648 1661 diffidebamus,
677 1590 745 1651 tam
776 1589 901 1651 clerum
956 1595 1196 1656 commorantes
1211 1594 1274 1657 boo
1288 1596 1323 1656 in
1341 1596 1495 1660 claustris
1518 1598 1638 1661 snis'eo
1652 1601 1755 1662 devo-

100 1701 202 1761 quam
218 1685 375 1761 populum
392 1685 490 1746 Urbis
502 1687 756 1748 convocavimus
767 1687 802 1748 in
816 1687 902 1748 basi·
954 1689 1021 1752 tius
1054 1693 1288 1769 exsequantur,
1313 1709 1376 1770 quo
1394 1695 1499 1771 magis
1528 1712 1547 1757 a
1572 1685 1753 1758 mundanis

98 1782 171 1842 lica
195 1782 389 1856 salvatoris,
406 1784 505 1860 atque
519 1784 596 1846 inde
620 1785 662 1846 ad
676 1785 901 1848 venerandam
956 1787 1151 1851 tumultibus
1173 1793 1250 1852 sunt
1266 1791 1440 1853 immunes.
1467 1793 1621 1855 subditos
1641 1796 1753 1856 autern

98 1880 255 1954 gloriosae
283 1880 399 1943 matris
428 1884 500 1960 ejus
534 1882 728 1955 Ecclesiam,
754 1882 902 1960 praelatis
956 1886 1094 1958 vestros,
1112 1887 1181 1948 tam
1194 1903 1415 1966 maresquam
1427 1889 1592 1963 mulieres,
1612 1891 1753 1954 sollicite

99 1977 266 2054 capitibus
281 1977 454 2040 beatorum
477 1981 568 2042 Petri
592 1983 625 2042 et
639 1981 747 2053 Pauli,
763 1980 902 2058 pedibus
957 1983 1130 2056 moneatis,
1147 1983 1183 2046 ut
1203 1985 1329 2048 adhaec
1344 1985 1505 2060 iacienda,
1523 2004 1590 2049 uon
1607 1989 1643 2048 in
1662 1990 1754 2052 veste

99 2075 212 2148 nudis,
228 2075 524 2153 processionaliter
541 2078 675 2151 ivimus,
692 2080 728 2140 ut
743 2078 900 2156 praelatis,
957 2082 1068 2144 tammr
1083 2083 1228 2158 pretiosa
1250 2099 1309 2146 seu
1331 2084 1398 2146 alio
1412 2086 1506 2146 inani
1519 2086 1609 2148 cultu
1627 2103 1753 2148 conve-

99 2177 184 2236 Jesu
199 2174 322 2236 Christi
337 2189 476 2236 assensu
492 2176 524 2239 et
549 2179 622 2253 ejus
644 2177 821 2238 Genitriois
843 2176 904 2238 ob-
957 2179 1061 2252 niant,
1079 2181 1136 2240 sed
1156 2179 1191 2241 in
1213 2195 1252 2242 eo
1269 2197 1440 2260 perquem
1456 2183 1582 2260 seipsos
1597 2183 1639 2244 ad
1653 2183 1756 2247 devo-

100 2273 208 2344 tentu,
235 2288 415 2350 supernum
443 2275 697 2351 impetraremus
726 2275 900 2346 auxilium,
957 2278 1081 2339 tionem
1096 2277 1208 2340 mutuo
1224 2280 1414 2355 provocent,
1431 2280 1472 2341 ad
1488 2279 1536 2360 (l)
1551 2281 1754 2344 humiliatio·

101 2369 145 2430 ad
154 2369 240 2446 quod
255 2372 370 2432 nostra
384 2387 451 2432 non
464 2371 618 2433 sufficere
635 2371 753 2434 merita
768 2373 902 2434 scieba·
959 2389 1033 2436 nem
1043 2374 1210 2436 internam
1225 2377 1403 2438 exterioris
1418 2376 1550 2438 habitus
1568 2378 1755 2440 bumilitate

101 2483 189 2528 mus.
213 2470 347 2539 Verum,
380 2468 457 2545 quia
483 2485 543 2546 per
571 2485 627 2530 eos
660 2469 764 2531 totius
790 2469 902 2547 populi
958 2471 1193 2545 demonstrent,
1213 2489 1375 2536 memores
1399 2475 1486 2550 quod
1509 2475 1684 2548 Ninivitas,
1714 2475 1755 2537 de

102 2563 282 2626 christiani
301 2566 469 2642 negotium
483 2566 621 2642 geritur,
641 2581 743 2644 quare
767 2567 903 2642 dignum
958 2568 1076 2646 quibus
1082 2572 1152 2648 jam
1164 2585 1272 2632 sermo
1284 2571 1464 2648 praecessit,
1478 2571 1513 2632 in
1524 2571 1755 2635 humiliatione
1848 2619 1853 2628 .

104 2663 158 2724 est
184 2662 221 2723 ut
248 2661 290 2724 ad
318 2663 522 2724 exorandum
548 2679 608 2741 pro
632 2664 681 2725 ais
701 2663 903 2726 christianus
960 2681 1020 2728 sua
1036 2683 1071 2728 se
1085 2669 1192 2729 saccis
1207 2683 1226 2728 a
1241 2670 1387 2730 maximo
1407 2669 1566 2746 usquead
1582 2670 1755 2734 minimum

103 2758 247 2835 quilibet
267 2759 302 2820 in
316 2761 465 2822 oratione
477 2761 706 2838 prosternatur
720 2762 901 2834 humiliter,
958 2763 1149 2838 induerunt,
1173 2765 1256 2827 adeo
1271 2766 1308 2827 ut
1332 2766 1404 2843 lpse
1418 2783 1489 2839 rex,
1507 2767 1636 2845 abjecta
1649 2767 1756 2844 regali

103 2858 243 2934 propter
265 2857 328 2920 boc
353 2859 583 2935 processiones
607 2859 643 2920 in
665 2859 805 2936 singulis
819 2861 905 2922 civi·
959 2877 1116 2940 purpura,
1141 2875 1177 2924 se
1205 2879 1301 2925 sacco
1325 2863 1482 2938 induerit,
1504 2865 1537 2926 et
1564 2867 1757 2942 aspergeret

101 2953 228 3016 tatibus
269 2956 303 3018 et
340 2955 417 3018 aliis
452 2955 534 3020 locis
568 2957 603 3017 in
626 2957 745 3034 quibus
767 2958 817 3019 est
837 2958 906 3019 ire-
960 2960 1073 3022 cinere
1101 2962 1200 3037 caput
1222 2977 1328 3034 suurn,
1351 2961 1592 3039 propterquod
1617 2965 1657 3023 ad
1680 2979 1756 3024 eum

104 3052 243 3128 quentia
251 3053 459 3130 populorum,
469 3055 576 3131 prima
589 3057 684 3116 sexta
694 3054 778 3116 feria
792 3057 906 3132 cujus-
960 3058 1016 3134 qui
1029 3058 1168 3118 humilia
1184 3058 1332 3135 respicit,
1353 3058 1473 3120 meruit
1494 3059 1757 3122 misericordiam

106 3149 718 3227 libetmensisprovidimusiaoiendas;
731 3154 904 3229 sperantes
959 3155 1122 3216 invenire.
1139 3154 1284 3227 adhaec,
1304 3156 1554 3232 crucesignatos
1578 3171 1693 3218 omnes
1715 3157 1757 3220 ad

104 3247 193 3324 quod
200 3247 522 3324 illequidictatamin
528 3249 686 3311 Ninivitis
694 3251 904 3320 sententiam,
960 3253 1102 3314 celerem
1115 3269 1307 3316 succursum
1317 3253 1450 3314 illorum
1465 3253 1589 3314 sedulis
1600 3253 1759 3316 exhorta-

103 3360 222 3406 eorum
246 3344 477 3407 humiliatione
499 3347 685 3424 conspecta,
709 3347 905 3416 misericor·
960 3349 1106 3413 tionibus
1121 3350 1275 3412 animetis
1290 3351 1323 3412 et
1336 3349 1468 3413 faciatis
1483 3350 1525 3412 ad
1545 3349 1608 3414 boc
1620 3349 1758 3413 idoneos

103 3442 194 3503 diter
212 3442 402 3534 revocavit3
433 3443 565 3520 quique,
578 3459 644 3505 uno
659 3445 773 3522 Moyse
789 3446 906 3506 orante
960 3463 1020 3524 per
1033 3447 1118 3509 alios
1137 3447 1291 3521 animari,
1306 3447 1352 3510 ita
1365 3446 1463 3525 quod,
1485 3449 1630 3512 instante
1641 3465 1761 3527 passa-

104 3555 170 3618 pro
182 3540 314 3616 populo,
324 3540 547 3602 amalechitas
556 3541 719 3604 convertit
732 3542 768 3603 in
780 3542 920 3618 togam
961 3545 1026 3621 gio,
1044 3544 1219 3624 beddure,
1234 3545 1407 3607 transeant
1426 3545 1587 3618 universi,
1611 3546 1655 3606 iis
1678 3561 1758 3609 ves-

104 3639 141 3699 et
169 3637 272 3700 solem
299 3640 400 3700 Josue
427 3637 580 3715 precibus
609 3640 697 3700 stare
727 3637 825 3712 iecit;
850 3641 906 3716 qui
961 3643 1049 3702 trum
1064 3642 1121 3718 qui
1136 3642 1254 3704 muniti
1275 3643 1352 3703 sunt
1367 3643 1475 3704 crucis
1497 3643 1669 3719 signaculo
1684 3659 1759 3705 cum

106 3735 251 3812 denique
275 3751 353 3796 suos
378 3735 420 3796 ad
435 3751 472 3796 se
487 3736 527 3796 de
542 3751 748 3814 quacumque
762 3736 905 3797 tribula-
962 3737 1029 3799 illis
1054 3738 1179 3814 pariter
1202 3737 1399 3814 proiecturis
1424 3739 1460 3800 in
1480 3739 1613 3801 nomine
1627 3739 1760 3801 Domini

105 3833 200 3894 tione
216 3832 396 3894 clamantes
411 3849 446 3893 se
461 3833 651 3895 auditurum
663 3832 826 3895 ineffabili
842 3833 909 3910 pie·
962 3838 1042 3898 lesu
1057 3835 1189 3896 Christi.
1203 3837 1246 3896 Ut
1259 3835 1369 3896 autem
1380 3836 1421 3896 de
1435 3837 1644 3898 statuTerrae
1661 3837 1761 3898 Sanc-

105 3931 178 3992 tate
197 3931 367 4007 promittit,
386 3930 502 3992 devote
526 3930 675 4007 pulsatus
696 3932 746 3992 tot
762 3929 908 3992 fidelium
962 3932 1015 4002 tae,
1042 3945 1100 3992 vos
1124 3931 1283 3994 certiores
1306 3931 1494 4003 reddamus,
1518 3932 1616 3995 etad
1644 3933 1758 4009 provi-

107 4043 246 4090 suorum
275 4026 485 4100 clamoribus,
512 4042 719 4106 nequaquam
734 4027 909 4090 sustinebit
963 4028 1106 4090 dendum
1136 4045 1209 4104 quae
1243 4029 1320 4090 sunt
1347 4030 1536 4092 necessaria
1572 4030 1758 4104 cautiores,

107 4141 180 4187 suaa
191 4125 320 4187 viscera
330 4124 474 4202 pietatis,
488 4125 687 4202 sedpropter
697 4125 909 4202 semetipsum
964 4125 1149 4188 litterarum
1163 4126 1313 4188 tenorem
1339 4143 1421 4204 quas
1434 4141 1539 4203 nuper
1554 4143 1573 4187 a
1597 4128 1756 4204 magistro

105 4222 285 4285 inclinabit
304 4222 346 4284 ad
360 4237 476 4300 preces
490 4237 661 4284 servorum
676 4237 811 4284 suorum
831 4237 911 4300 pro-
964 4223 1093 4284 militiae
1111 4223 1238 4301 Templi
1258 4225 1455 4302 recepimus
1479 4225 1697 4302 praesentibus
1721 4225 1762 4286 de

108 4320 214 4398 pitius
224 4335 322 4381 aures
337 4335 427 4392 suas,
450 4320 483 4383 et
493 4319 639 4383 effundet
660 4321 859 4381 iram-suam
874 4320 908 4380 in
963 4320 1066 4383 verbo
1081 4320 1273 4383 adverbum
1292 4321 1446 4383 duximus
1461 4321 1686 4396 inserendum,
1704 4322 1762 4400 qui

108 4419 227 4494 gentes
238 4433 311 4495 quae
326 4433 393 4477 non
412 4419 578 4489 noverunt
591 4433 678 4490 eum,
695 4417 728 4479 et
745 4418 780 4478 in
804 4433 910 4494 regna
964 4418 1042 4481 talis
1056 4419 1106 4480 est
1116 4417 1175 4498 (2).

147 4580 188 4654 (l)
208 4585 292 4642 Forte
302 4585 353 4656 teg.
366 4599 409 4642 ac.
965 4585 1043 4642 tavit.
1061 4585 1342 4669 Sephedinusautem
1354 4599 1477 4657 magnus
1493 4583 1632 4642 soldanus
1642 4585 1671 4641 iu
1686 4593 1761 4643 terra

147 4655 189 4740 (ἲ)
205 4654 455 4712 Reverendissinno
465 4655 538 4727 patri
550 4669 584 4712 ac
593 4653 709 4711 domino
716 4655 851 4724 Honorio,
859 4655 910 4712 Dei
965 4655 1118 4730 Babylonis
1134 4670 1326 4723 commorans,
1343 4655 1446 4712 ibidem
1468 4669 1504 4711 ue
1523 4655 1677 4712 immobilis
1689 4657 1761 4713 exis·

108 4733 325 4800 gratiasanctae
340 4727 477 4783 Romana
492 4726 627 4783 Ecclesia
641 4739 755 4782 summo
770 4725 909 4795 Pontifici,
966 4723 1439 4795 tens,desemininreconirdebat.
1478 4726 1763 4784 evercbaturetenirn

108 4803 228 4856 suorum
241 4795 632 4854 subditorumdevotissimus
649 4795 737 4854 irater
751 4797 797 4854 W.
815 4797 856 4869 (o)
875 4796 911 4854 de
967 4800 1044 4871 regis
1071 4798 1225 4870 ilungarise
1236 4805 1264 4853 et
1278 4796 1359 4853 ducis
1371 4796 1492 4853 Austris
1501 4803 1530 4852 et
1544 4795 1621 4854 blara
1667 4797 1699 4854 iae
1717 4797 1765 4854 ad·

109 4867 620 4941 carnoto,pauperisTemplimilitiae
635 4866 910 4939 magisterbumilis,
967 4876 1078 4936 ventus,
1094 4869 1143 4940 qui
1161 4883 1225 4924 cnm
1245 4868 1362 4939 copiosa
1386 4866 1565 4926 multitudine
1586 4868 1624 4923 mi
1637 4869 1706 4925 itum
1730 4883 1763 4926 ac

109 4939 238 4996 debitam
261 4950 327 4996 cum
342 4939 440 4995 osculo
460 4937 565 5012 pedum
580 4939 771 4996 reverentiam
795 4945 823 4994 et
841 4939 909 4996 obe·
967 4939 1161 5006 servientium,
1178 4938 1245 4996 cleri
1257 4945 1286 4996 et
1298 4937 1403 5010 populi,
1417 4937 1492 5010 apud
1507 4937 1608 4996 achon
1623 4939 1765 5012 applicue-

109 5010 261 5068 dientiam.
967 5018 1040 5067 runt.
1056 5008 1184 5067 Timebat
1196 5015 1224 5066 et
1242 5007 1334 5066 dictus
1354 5007 1532 5081 Sepbedinus
1546 5010 1694 5083 navigium
1709 5012 1766 5067 Fri·

147 5081 314 5138 Paternitati
336 5087 439 5138 vestrae
465 5086 569 5137 statum
583 5081 676 5136 Terrae
690 5079 811 5149 Sanctae,
826 5093 911 5152 quam
967 5095 1079 5150 sonum,
1093 5079 1167 5152 quod
1179 5077 1253 5152 opud
1264 5079 1365 5137 debon
1379 5081 1585 5208 applicatarum
1598 5081 1765 5153 iuproximo

110 5153 318 5210 Dominussuo
333 5152 447 5224 proprio
467 5151 609 5224 sanguine
631 5152 818 5218 consecravit,
839 5165 911 5222 prae·
968 5151 1127 5222 serebatur;
1154 5149 1309 5210 ceradious
1330 5165 1398 5208 vero
1424 5151 1488 5209 'lius
1502 5153 1540 5225 (l)
1562 5151 1624 5224 eius
1644 5153 1673 5208 in
1693 5166 1766 5208 mar·

110 5223 242 5280 sentibus
265 5221 399 5279 duximus
421 5220 621 5279 intimandum.
644 5223 705 5279 lloc
724 5222 812 5294 igitur
832 5221 913 5278 vobis
967 5221 1040 5279 chiis
1065 5221 1168 5279 nostris
1196 5219 1391 5294 adjacentibus
1417 5229 1485 5280 tune
1513 5237 1597 5280 suum
1623 5221 1765 5279 direxerat

109 5299 234 5362 constet,
251 5290 326 5364 quod
342 5291 377 5350 ad
391 5291 550 5350 discessum
565 5293 746 5365 presentium
757 5291 912 5349 litterarum
969 5289 1202 5368 [exercitum].Et
1212 5290 1267 5349 boc
1282 5291 1362 5350 vobis
1376 5293 1542 5350 intimamus
1555 5291 1765 5419 quodgluribus

111 5366 264 5420 innumera
285 5363 501 5446 peregrinorum
535 5362 684 5422 multitudo
713 5370 773 5420 tam
793 5363 912 5420 militum
968 5365 1051 5422 onais
1065 5363 1213 5420 retroactis
1227 5377 1284 5420 non
1305 5361 1358 5420 luit
1374 5364 1561 5437 paganismus
1580 5363 1610 5418 iu
1654 5362 1765 5420 ebiliori

112 5449 200 5506 quam
220 5435 415 5503 servientium,
440 5433 561 5492 vivillcae
573 5435 666 5492 crucis
688 5435 825 5508 insignita
849 5433 915 5491 clre-
968 5441 1043 5492 statu
1055 5433 1141 5506 quain
1152 5432 1237 5490 modo
1247 5441 1300 5502 est,
1313 5449 1398 5506 quern
1407 5441 1485 5506 patet
1498 5433 1620 5505 amplius
1630 5432 1666 5491 de
1675 5432 1722 5490 dic
1735 5435 1765 5490 ia

111 5513 234 5573 ractere,
255 5503 289 5561 ab
313 5505 492 5562 alemannici
508 5505 620 5578 imperii
635 5513 664 5562 et
679 5505 798 5562 aliorum
813 5519 914 5579 regno
969 5505 1044 5562 diem
1059 5503 1183 5578 permitti
1196 5505 1328 5588 pejorari.
1343 5503 1398 5562 Sed
1412 5504 1578 5576 inpartibus
1592 5504 1697 5562 nostris
1711 5503 1766 5561 lru-

112 5589 178 5632 rum
191 5575 278 5632 variis
291 5577 418 5648 portibus
433 5576 591 5646 coniluens,
608 5573 683 5648 apud
698 5575 799 5634 debon
812 5576 915 5634 adven·
969 5575 1057 5634 menti
1068 5583 1096 5634 et
1107 5574 1216 5646 bordei,
1228 5576 1391 5633 etomnium
1404 5573 1538 5632 humanae
1550 5575 1765 5634 sustentationis

140 5699 181 5762 to)
192 5698 344 5749 willelmus.
842 5697 853 5730 ¹
1000 5699 1033 5762 (b)
1047 5700 1115 5750 corr.
1129 5711 1210 5763 nepos
1223 5697 1432 5762 consanguineos.
