3988 6308
44 341 95 404 189
668 339 896 402 EPISTOLAE.
920 339 997 401 LIB.
1023 339 1047 400 1.

1625 345 1683 409 190

44 498 116 563 dicti
129 499 223 580 fragis
245 501 278 562 et
300 500 395 576 regni
412 499 569 577 expedire
583 499 715 574 viderit,
730 516 831 562 exse·
888 501 999 564 attrita
1017 501 1182 564 continuis
1198 503 1230 566 et
1251 503 1417 566 haereticae
1438 505 1612 583 pravitatis
1627 523 1683 568 er-

44 583 447 678 quiraleat'vicenostra,
467 598 641 660 intendens
660 599 833 660 humiliter
887 599 1019 661 roribus
1049 601 1209 675 involuta,
1238 604 1292 665 vel
1319 620 1395 665 sero
1425 603 1466 665 ab
1492 604 1683 682 hujusmodi

45 701 75 760 et
94 697 222 763 devote,
238 696 381 758 sciturus
399 695 484 773 quod
504 695 570 773 ipsi
592 697 664 773 regi
687 696 719 758 et
732 697 832 774 adju·
888 699 1069 776 respiraret
1084 699 1260 775 angustiis
1284 700 1316 763 et
1340 701 1501 778 contagiis
1516 719 1682 780 purgare-

46 793 169 858 toribus
194 793 264 854 suis
285 793 448 855 auxilium
465 794 615 855 nostrum
634 811 701 855 non
716 793 831 868 deerit,
888 797 952 859 tur.
974 799 1013 859 nt
1032 797 1188 875 quoniam
1207 797 1242 858 in
1264 800 1410 874 graviori
1430 801 1544 862 morbo
1568 817 1685 863 recur-

46 893 198 971 quantum
219 892 277 953 ille
292 891 459 969 permittet
472 892 527 970 qui
544 891 694 968 superbis
709 892 835 954 resistit
889 894 1028 955 rendum
1050 897 1100 956 est
1121 895 1162 955 ad
1177 895 1340 957 validiora
1361 895 1521 967 remedia,
1542 899 1574 961 et
1588 899 1686 961 uten-

46 993 75 1052 et
105 989 287 1051 humilibus
324 989 465 1065 gratiam
490 989 690 1066 impertitur.
715 991 833 1053 Datum
890 992 967 1054 dum
981 993 1130 1078 cauterio
1158 993 1215 1054 ubi
1239 994 1479 1057 medicamenta
1504 995 1593 1058 lenia
1617 1013 1683 1059 non

45 1088 207 1160 Laterani,
224 1089 300 1149 XIV
311 1087 378 1148 kal.
394 1087 489 1160 febr„
504 1102 591 1149 anno
607 1089 724 1166 primo.
890 1089 1081 1165 procedunt,
1110 1089 1261 1166 apposita
1283 1091 1361 1152 sunt
1385 1090 1510 1152 serrum
1537 1093 1569 1153 et
1596 1092 1684 1169 ignis

889 1187 1083 1248 vulneribus
1099 1204 1172 1264 quae
1195 1187 1318 1249 dudum
1342 1188 1407 1250 sibi
1430 1190 1614 1266 appositam
1629 1190 1684 1253 io-

891 1285 1075 1346 mentorum
1099 1301 1165 1346 non
1189 1287 1363 1348 senserant
1383 1287 1592 1361 medicinam,
1618 1305 1685 1365 pu-

889 1381 986 1444 tridis
1012 1382 1179 1456 carnibus,
1214 1399 1256 1444 ne
1282 1384 1410 1461 partem
1434 1385 1598 1447 sinceram
1622 1387 1687 1448 tra·

891 1479 1018 1553 herent,
1036 1482 1225 1558 amputatis
1243 1483 1275 1543 et
1292 1481 1421 1543 ossibus
1444 1481 1543 1544 etiam
1559 1483 1688 1544 tirmio-

891 1578 994 1650 ribus,
1025 1579 1153 1640 scilicet
1178 1595 1251 1656 quae
1279 1581 1445 1642 sustinere
1471 1580 1687 1643 imbecillium

892 1676 1053 1737 malitiam
1083 1676 1291 1750 videbantur,
1325 1679 1361 1738 in
1388 1679 1518 1741 camino
1546 1679 1689 1742 tribula-

80 1225 120 1284 Irz
145 1224 303 1284 carradeci
326 1224 465 1282 modum
486 1219 599 1282 Nobili
618 1222 690 1283 viro
715 1221 836 1284 castel-

46 1321 118 1381 lano
138 1321 259 1381 Corum
275 1317 334 1399 (1).

79 1419 170 1479 liciat
183 1415 326 1479 Roberto
340 1415 379 1476 de
392 1415 633 1494 Veteri-ponte.

79 1516 171 1576 Item
187 1514 304 1576 Comiti
319 1513 465 1575 Cestriae.

79 1615 171 1675 iterii
186 1612 303 1673 Comiti
316 1611 486 1672 Fetrariae.

81 1713 171 1773 item
185 1709 343 1771 Gauirido
359 1709 399 1770 de
413 1707 537 1770 Narill.

80 1811 172 1871 Item
192 1807 377 1868 castellano
392 1805 556 1868 Dovoriae.

80 1907 172 1968 Item
206 1904 391 1966 Beronibus
424 1903 570 1981 quinque
605 1903 764 1964 Poriuum
805 1901 838 1962 et

47 2019 158 2066 eorum
179 2001 405 2079 complicibus.

80 2105 124 2162 ln
152 2103 311 2162 citandam
334 2102 410 2174 fere
431 2101 571 2160 rhodam
586 2097 778 2174 ¹castellano
798 2096 838 2158 de

48 2197 301 2276 Negtingaham,
325 2197 358 2258 et
379 2196 455 2257 aliis
469 2196 660 2258 castellanis
680 2196 715 2256 in
731 2195 840 2256 tideli-

48 2299 108 2358 tate
136 2294 303 2357 carissimi
332 2294 394 2355 tilii
418 2294 523 2356 nostri
541 2295 581 2356 H.
601 2292 689 2370 regis
711 2293 839 2370 Angliae

891 1773 1005 1847 tionis,
1022 1775 1058 1836 ut
1076 1774 1281 1837 intellectum
1306 1777 1495 1854 reciperent
1516 1793 1558 1838 ex
1578 1793 1688 1840 vexa-

892 1871 992 1944 tione,
1019 1871 1185 1934 discoctIs.
1214 1875 1252 1934 In
1281 1889 1404 1935 vanum
1428 1875 1538 1936 autem
1557 1875 1690 1938 videtur

893 1968 1030 2030 medicis
1061 1969 1248 2044 laborasse,
1279 1972 1357 2048 quia
1388 1971 1689 2050 computrescentes

893 2165 1032 2226 vulnera
1061 2165 1318 2240 recrudescunt,
1345 2167 1378 2228 et
1409 2167 1532 2230 frustra
1559 2167 1691 2230 videtur

895 2263 1057 2324 conflasse
1079 2264 1255 2340 condatem
1280 2265 1446 2342 quianon
1472 2268 1550 2328 sunt
1574 2283 1690 2328 eorum

895 2351 1097 2438 consumptae
1113 2361 1260 2435 malitiae,
1274 2362 1307 2423 et
1320 2362 1437 2439 rubigo
1450 2364 1554 2425 nimia
1567 2364 1607 2425 de
1621 2364 1690 2426 illis

894 2475 961 2520 non
975 2459 1059 2521 exiit
1075 2475 1137 2520 nec
1158 2475 1218 2536 per
1238 2460 1361 2536 ignem.
1387 2461 1542 2522 Percussi
1568 2461 1691 2523 etenim

896 2555 1030 2617 minime
1046 2557 1234 2631 doluerunt,
1247 2558 1280 2618 et
1294 2558 1398 2620 attriti
1411 2559 1593 2621 renuerunt
1607 2559 1692 2621 acci·

50 2391 312 2472 persistentibus.

84 2496 124 2553 hi
141 2493 301 2554 cztmdem
315 2493 453 2552 modion
474 2489 731 2567 archiepiscopo
754 2487 840 2550 Ebo-

54 2589 193 2652 recensi.

85 2690 173 2749 Item
187 2685 446 2762 Rothomagensi
456 2685 719 2762 archiepiscopo.

88 2787 176 2864 iterii
192 2783 304 2844 Nobili
316 2783 389 2844 rire
405 2783 493 2844 Falc.
512 2782 552 2844 de
564 2783 696 2843 Breant.

897 2670 974 2732 pere
994 2653 1216 2732 disciplinam,
1243 2656 1377 2733 propter
1400 2657 1486 2733 quod
1508 2657 1617 2719 adhuc
1631 2673 1693 2718 ex-

896 2753 986 2814 tenta
1001 2768 1074 2814 esse
1089 2753 1220 2814 videtur
1235 2769 1352 2814 manus
1365 2753 1496 2816 Domini
1510 2771 1610 2832 super
1620 2771 1689 2817 eos.

936 2851 1027 2912 Licet
1050 2851 1160 2911 autem
1188 2865 1308 2928 magna
1332 2851 1376 2913 sit
1398 2868 1512 2914 eorum
1536 2853 1692 2915 contritio

896 2947 987 3010 velut
1001 2963 1103 3020 mare,
1118 2947 1330 3027 ipsorumque
1353 2949 1451 3026 plaga
1474 2949 1692 3028 desperabilis

896 3046 1064 3118 rideatur,
1085 3061 1126 3106 ne
1149 3047 1260 3107 tamen
1286 3045 1381 3108 nobis
1402 3047 1514 3109 valeat
1534 3047 1694 3125 imputari

898 3143 983 3220 quod
994 3159 1067 3205 eam
1080 3141 1311 3220 circumligare
1322 3145 1564 3207 correctionum
1578 3145 1693 3207 fasciis

898 3241 1143 3317 neglexerimus
1159 3240 1462 3304 etmansuetudinis
1485 3244 1558 3305 oleo
1577 3243 1694 3306 conio-

897 3356 993 3415 vere3
1010 3341 1180 3418 sperantes
1200 3356 1329 3417 quoque
1351 3341 1437 3418 quod
1452 3340 1509 3402 ille
1522 3341 1579 3419 qui
1593 3342 1695 3404 etiam

898 3437 1003 3500 iratus
1023 3454 1088 3499 non
1116 3437 1239 3499 desinit
1268 3437 1435 3512 misereri,
1465 3455 1532 3501 non
1565 3455 1697 3517 semper

899 3535 1080 3597 continebit
1105 3551 1174 3597 suae
1199 3537 1332 3612 pietatis
1353 3537 1483 3598 viscera
1505 3554 1604 3616 super
1625 3552 1694 3610 eos,

900 3633 956 3694 sed
979 3633 1018 3694 de
1042 3633 1175 3694 illorum
1196 3650 1297 3694 manu
1317 3633 1494 3711 aliquando
1518 3635 1697 3697 transferet

901 3731 1038 3791 calicem
1052 3730 1112 3791 irae
1129 3747 1209 3803 suae,
1229 3731 1384 3794 dilectum
1408 3731 1512 3792 illium
1525 3733 1584 3792 B.*
1599 3731 1696 3794 titulo

902 3829 1097 3889 Sanctorum
1121 3828 1259 3890 ioannis
1290 3828 1323 3889 et
1346 3827 1443 3888 Pauli
1467 3829 1696 3907 presbyterum

902 3925 1114 3998 cardinalem,
1143 3927 1180 3986 Α.
1212 3927 1244 3986 S.
1270 3925 1427 4002 legatum,
1451 3926 1559 3988 ulrum
1583 3926 1697 4004 utique

902 4022 1091 4100 approbatae
1112 4023 1322 4092 vitiarium
1344 4023 1520 4088 eminentis
1536 4025 1696 4098 scientiae,

902 4121 1010 4183 virum
1032 4122 1197 4198 potentem
1221 4121 1256 4181 in
1281 4137 1381 4198 opere
1404 4137 1444 4183 ac
1467 4139 1630 4195 sermone,
1656 4122 1698 4184 ad

90 4220 259 4284 Honorius
279 4219 489 4297 episeopus„
513 4219 759 4282 venerabilibus
774 4219 847 4281 fra·
903 4219 1013 4297 partes
1025 4219 1101 4280 illas
1114 4219 1269 4280 duximus
1282 4219 1525 4294 destinandum,
1541 4235 1699 4283 concessa

56 4319 159 4379 tribus
185 4317 430 4390 Ebredunensi,
461 4318 619 4394 Aquensi,
649 4318 846 4392 Arelatensi,
904 4317 967 4378 sibi
996 4317 1201 4394 plenitudine
1228 4317 1417 4394 potestatis,
1445 4319 1491 4391 ut,
1519 4319 1699 4380 secundum

56 4417 247 4489 Viennensi,
268 4415 477 4476 Narbonensi
497 4416 530 4477 et
551 4416 782 4490 Auxitanensi,
800 4433 851 4478 ar·
905 4415 1014 4476 datam
1037 4414 1100 4474 sibi
1122 4430 1141 4474 a
1162 4417 1229 4475 Deo
1254 4415 1473 4492 prudentiam,
1496 4415 1645 4478 destruat
1667 4417 1701 4478 et

55 4514 295 4592 cliiepiscopis3
333 4512 538 4596 hlimatensi,
573 4514 847 4587 Clarcmontensi,
905 4512 1026 4575 evellat
1040 4529 1113 4590 quae
1130 4511 1328 4573 destruenda
1342 4513 1374 4574 et
1388 4513 1560 4574 evellenda
1575 4529 1701 4588 cogno-

56 4611 237 4682 hniciensi,
257 4611 496 4684 lemovicensi,
518 4611 737 4685 Ruthenensi,
753 4612 849 4673 Albi·
905 4611 1000 4683 verit,
1016 4627 1088 4687 quae
1105 4625 1185 4671 sero
1208 4609 1401 4671 aedificanda
1416 4609 1535 4672 viderit
1554 4610 1586 4671 et
1604 4610 1704 4687 plan-

56 4711 163 4784 gensi,
179 4709 383 4780 Caturcensi,
410 4709 676 4784 Petragoricensi
696 4709 728 4771 et
741 4713 852 4786 Agen-
905 4708 1006 4770 tanda
1028 4707 1169 4769 aedificet
1190 4708 1287 4784 atque
1307 4707 1443 4783 plantet.
1465 4707 1607 4784 Ideoque
1622 4708 1701 4768 uni-

58 4808 165 4878 ncnsi,
195 4805 380 4886 episcopis3
407 4805 534 4868 dilectis
561 4806 640 4867 illiis
664 4805 849 4881 abbatibus,
906 4805 1097 4868 versitatem
1123 4805 1267 4867 vestram
1295 4805 1442 4880 rogando
1470 4821 1641 4866 monemus
1669 4805 1703 4869 et

57 4903 234 4980 prioribus,
256 4904 401 4986 decanis,
423 4905 621 4980 praeposius,
644 4906 853 4967 archidiaco-
907 4903 1124 4988 esliortamur
1144 4903 1311 4976 attentius,
1330 4919 1389 4980 per
1407 4903 1589 4981 apostolica
1607 4903 1702 4966 vohis

58 5003 120 5073 nis,
136 4999 445 5080 archipresbyteris,
465 5001 498 5062 et
513 5002 676 5063 universis
690 4995 768 5088 aliis¹
785 5005 853 5066 tam
908 5003 1030 5080 scripta
1069 5001 1209 5062 tirmiter
1246 5001 1469 5079 praecipiendo
1508 5003 1705 5064 mandantes

58 5101 190 5161 clericis
203 5117 302 5178 quam
318 5079 416 5160 'laicis
429 5099 465 5160 in
479 5100 713 5177 praedictorum
728 5097 855 5163 arcbie
908 5101 1071 5182 quatenus
1094 5100 1202 5178 ipsum
1227 5100 1313 5161 sicut
1325 5100 1522 5177 Apostolicae
1539 5101 1633 5162 Sedis
1654 5101 1706 5162 le·

57 5199 269 5275 piscoporum
291 5199 324 5259 et
354 5198 584 5274 episcoporum
613 5199 794 5276 provinciis
822 5202 855 5262 et
909 5201 1037 5276 gaium,
1060 5199 1127 5259 imo
1150 5199 1263 5259 verius
1285 5215 1346 5259 nos
1367 5199 1403 5259 in
1431 5198 1515 5277 ipsc,
1535 5199 1706 5261 studentes

58 5295 257 5357 dimcesibus
271 5295 469 5366 constitutis,
487 5295 638 5369 salutem,
654 5297 714 5358 etc.
910 5297 1025 5359 devote
1046 5297 1196 5373 recipere
1221 5313 1260 5358 ac
1284 5295 1465 5358 honorilice
1489 5296 1704 5374 pertractare,

99 5393 203 5454 hlulto
218 5391 339 5455 sudare
361 5392 546 5455 laboratum
560 5395 610 5456 est
635 5394 668 5456 et
682 5395 784 5457 multo
799 5395 854 5456 la·
911 5393 1038 5470 sibique
1054 5392 1195 5453 fideliter
1214 5393 1417 5464 assistentes,
1432 5391 1536 5469 ipsius
1559 5391 1706 5454 salubria

58 5487 142 5551 bore
169 5491 333 5564 sudatum,
357 5491 393 5553 ut
418 5493 507 5553 terra
536 5491 731 5567 Provinciae,
759 5493 855 5555 bellis
911 5491 1077 5561 mandata,
1093 5490 1219 5551 monita
1234 5492 1266 5553 et
1280 5491 1402 5551 statuta
1414 5489 1583 5566 recipiatis
1596 5489 1709 5550 humi-

88 2884 177 2968 lieni
207 2879 350 2942 Ricardo
386 2880 425 2942 de
453 2880 614 2952 Marisco,
640 2877 840 2940 cancellario

56 2976 298 3054 reguiAngliae.
321 3039 325 3044 .

385 3163 507 3250 CLIII

53 3364 99 3421 ild
122 3362 321 3422 Provinciae
339 3361 492 3436 regionis
517 3361 789 3436 archiepiscopos
810 3359 844 3420 ci

309 3460 493 3532 episcopos,
508 3457 541 3519 et
562 3502 569 3516 .

345 3570 378 3628 19
394 3572 454 3643 jan.
477 3571 556 3628 lili.

80 3697 199 3760 limosi,
211 3693 256 3744 lib.
267 3693 287 3743 l.
299 3692 383 3758 epist,
396 3693 452 3743 283.
468 3720 501 3732 --
513 3694 640 3758 bouquet,
653 3694 756 3746 Rccueil
770 3695 815 3746 des

228 3773 273 3824 des
290 3773 430 3833 historiens,
444 3778 463 3822 t.
479 3773 546 3833 XIX,
557 3789 583 3838 p.
597 3773 664 3836 brol.

55 3915 297 3980 invalescentibus
311 3916 342 3992 in
362 3917 519 3974 Provinciae
537 3923 612 3974 terra
636 3915 748 3974 comitis
767 3916 848 3974 l’olo·

85 4005 149 4064 sani
159 4005 329 4074 leuioribus,
341 4005 425 4061 mittit
437 4017 472 4061 eo
482 4003 612 4062 Pontifex
626 4006 661 4062 Α.
676 4006 703 4062 S.
719 4006 847 4078 legatum

86 4098 276 4153 bertrannum
291 4109 357 4151 cum
373 4094 496 4152 maxima
511 4101 659 4166 potestate.

97 5673 141 5746 (l)
160 5675 221 5749 lep.
238 5675 437 5749 cornugallha.
948 5677 1169 5733 'bertrannum
