3936 6318
729 289 906 356 ιιοιιοιιιι
927 291 973 352 ιιι
993 289 1143 356 ornan.
1158 319 1199 335 -
1212 267 1447 354 sunnonis.
1853 298 1905 360 ιιι

264 303 322 366 ιιι

262 471 307 531 ln
328 462 445 532 ιιιιιιι
465 464 541 537 atne
562 455 815 526 manaverunt
833 452 933 529 putet
950 467 1059 528 agae
1114 450 1191 515 ditis
1206 450 1288 514 suls.
1305 446 1408 516 Debet
1421 450 1582 532 praelatus
1604 453 1771 533 corrigere
1787 457 1820 520 et
1833 473 1905 520 aas.

263 577 355 638 roan,
372 564 517 637 atanasi
534 572 634 622 mare
655 551 930 629 auennensem
949 564 1059 626 supra
1112 549 1220 627 tigare
1238 549 1370 628 iniquos
1390 551 1424 614 et
1446 565 1622 629 perversos
1635 551 1800 627 subditos,
1817 555 1864 618 ita
1875 559 1907 618 ut

262 657 529 740 nwdumtEccli.
547 673 578 730 n,
604 653 650 735 3).
676 651 773 716 Putei
796 665 958 728 aquarum
983 648 1059 710 sunt
1113 649 1247 710 revocet
1256 648 1417 727 superbos
1426 649 1468 712 ad
1479 649 1907 725 humilitatam,luxuriosos

263 761 342 824 libri
363 759 551 820 ιιιιιιιιιιιιι
567 753 824 832 scripturarum,
839 749 896 827 qui
917 763 1057 810 emana-
1114 746 1155 807 ad
1170 747 1421 821 continentiam,
1439 747 1603 811 violentos
1624 750 1666 812 ad
1687 751 1908 813 mansuetudi-

262 857 382 921 verunt
409 855 444 916 in
461 853 577 916 diebus
598 851 688 913 beati
714 846 878 924 Gregorii,
896 845 973 922 quia
987 845 1058 923 ipse
1113 861 1200 919 nem,
1217 859 1337 908 avaros
1351 845 1394 907 ad
1413 845 1613 922 largitatem.
1637 848 1680 935 Si
1697 848 1855 926 praelatus
1869 849 1909 912 ie

261 955 325 1018 luit
343 953 514 1032 expositor
534 949 731 1013 Sanctarum
752 945 1010 1022 scripturarum,
1026 943 1059 1004 ιι
1114 943 1318 1006 ceriiomnia
1330 943 1406 1017 ista,
1420 944 1499 1007 tunc
1517 945 1639 1009 occidit
1657 961 1800 1018 vermes,
1817 947 1906 1020 idest,

261 1054 335 1131 ipse
349 1049 577 1114 manifestavit
592 1063 713 1127 aquam
736 1042 909 1122 sapientiae
931 1041 1060 1104 saluta-
1113 1041 1291 1105 daemones.
1313 1042 1406 1106 Unde
1426 1043 1603 1121 Apostolus
1629 1065 1638 1106 a
1664 1047 1841 1121 Coratptte
1856 1050 1909 1107 in·

263 1151 323 1212 ris.
341 1153 420 1222 Quae
435 1165 523 1226 aqua
536 1145 691 1226 usquead
703 1145 834 1220 tempus
849 1145 921 1220 ejus
936 1139 1059 1202 latebat
1113 1142 1908 1223 quietanconsoldmtntpuattwntmesssThesv,

261 1249 296 1310 in
310 1247 432 1310 divinis
454 1246 549 1308 libris
573 1245 668 1324 quasi
691 1243 727 1306 in
750 1239 923 1321 profundis
937 1239 1056 1316 puteis.
1114 1236 1178 1310 14).

261 1348 303 1408 nt
316 1345 412 1423 quasi
425 1361 518 1406 mare
528 1342 698 1421 adimpleti
713 1341 790 1403 sunt
799 1355 900 1417 supra
912 1339 1056 1408 modum,
1155 1338 1233 1408 Quae
1250 1333 1339 1397 enim
1360 1339 1468 1416 mmor
1490 1337 1721 1401 misericordia
1742 1339 1776 1402 ιι
1806 1339 1908 1416 pietas

261 1443 340 1520 quia
353 1443 465 1505 multae
484 1432 709 1520 expositiones
723 1439 820 1501 tactae
835 1438 911 1500 sunt
927 1453 948 1498 a
962 1436 1058 1499 heato
1114 1435 1174 1506 est,
1196 1448 1296 1513 quam
1317 1435 1447 1498 animas
1470 1435 1683 1498 morientium
1704 1436 1911 1499 subditorum

262 1541 424 1617 Gregorio
439 1557 482 1601 ιιι
497 1539 613 1617 paucis
628 1537 722 1599 libris
739 1534 997 1613 scripturarum.
1113 1531 1295 1606 vivificare,
1312 1534 1464 1596 errantes
1478 1533 1520 1594 ad
1543 1533 1631 1596 viam
1652 1535 1795 1612 justitiae
1820 1536 1914 1596 redu·

304 1639 432 1710 Tertio,
459 1637 545 1700 sicui
572 1636 622 1699 sal
654 1634 849 1697 mundificat
878 1633 993 1695 dantes
1019 1647 1059 1693 ac
1113 1645 1199 1703 cere,
1214 1629 1337 1693 fractos
1350 1630 1569 1705 consolidare,
1589 1631 1724 1695 moestos
1743 1635 1776 1694 ιι
1792 1648 1913 1710 paupe·

259 1751 352 1808 vasa,
371 1736 419 1799 ita
436 1735 593 1814 praelatus
606 1733 702 1796 debat
715 1729 944 1800 mundificare,
960 1730 1056 1802 idest,
1113 1744 1167 1790 res
1187 1728 1374 1791 consolaril
1389 1729 1466 1792 Ideo
1488 1730 1538 1792 ait
1554 1732 1700 1793 loannes
1716 1731 1752 1792 in
1768 1747 1911 1808 persona

259 1834 422 1896 mundare
443 1831 602 1910 populum
621 1829 685 1892 sihi
707 1830 919 1891 commissum
934 1828 1059 1890 avitiis
1113 1826 1286 1904 cujusdam
1309 1823 1440 1905 praelati
1463 1847 1472 1890 a
1493 1830 1622 1904 Anpeto
1644 1832 1809 1892 Ecclesiae
1823 1832 1912 1892 Sar-

260 1933 294 1994 et
307 1930 453 2010 peccatis
466 1930 500 1993 et
513 1929 555 1991 ah
571 1927 724 1991 omuibus
735 1926 906 1990 erroribus
920 1941 1059 2004 pervere
1112 1925 1274 1988 ιιιειιιο
1288 1929 1437 2002 eludens
1454 1926 1488 1988 et
1506 1929 1675 2000 confisam
1688 1930 1826 2002 reliqua
1840 1943 1914 2003 pace

259 2027 338 2090 hum
353 2027 612 2107 praedicationis,
637 2025 735 2095 idest,
754 2041 813 2104 per
827 2024 1011 2087 doctrinam
1026 2022 1059 2085 ιι
1112 2023 1289 2086 moritura
1304 2023 1407 2086 erant
1424 2020 1539 2102 (Apoc.
1562 2039 1613 2098 m,
1633 2022 1679 2104 2).
1701 2024 1912 2098 Charissimi‚

259 2126 498 2203 magisterium,
515 2140 575 2204 per
596 2123 783 2202 exemplum
800 2123 895 2185 honae
918 2137 1059 2186 conven-
1108 2122 1179 2198 jam
1194 2120 1364 2183 moriturae
1381 2122 1459 2184 sunt
1472 2122 1593 2184 animm
1607 2121 1829 2196 subditorum,
1849 2123 1914 2186 uisi

259 2223 411 2297 sationis,
426 2223 522 2296 idest,
537 2240 597 2302 per
608 2221 781 2285 honestam
795 2221 898 2284 vitam
913 2223 946 2282 et
960 2235 1059 2282 sanc-
1113 2218 1351 2281 confirmentur
1365 2220 1563 2297 quantocius
1579 2237 1639 2299 per
1657 2237 1772 2282 curam
1794 2222 1832 2285 et
1853 2222 1916 2284 sol·

257 2324 326 2385 tam
354 2322 650 2393 conversationem,
671 2335 732 2399 per
752 2318 972 2398 patrocinium
996 2317 1057 2379 de-
1112 2316 1319 2380 lieitudinem
1342 2317 1567 2395 praelatorum.
1592 2319 1666 2391 Qui,
1688 2319 1719 2381 si
1739 2319 1913 2398 torpentes

258 2421 435 2497 tensionis3
453 2420 531 2499 quia
545 2419 687 2498 quisque
701 2419 859 2498 praelatus
874 2416 1057 2480 dehetesse
1112 2415 1146 2476 ιι
1165 2415 1373 2492 negligentes
1401 2415 1483 2490 sint,
1515 2416 1580 2495 ipsi
1612 2417 1768 2480 viderint.
1792 2419 1915 2481 Nonne

259 2520 360 2582 tantae
373 2519 587 2598 perfectionis
600 2523 634 2580 et
647 2517 830 2581 honestatis
848 2516 885 2579 ut
905 2532 980 2578 cum
991 2531 1056 2593 pu·
1111 2513 1223 2590 posuit
1234 2529 1295 2576 nos
1312 2514 1469 2577 Dominus
1484 2514 1637 2578 custodes
1647 2515 1689 2576 ad
1702 2515 1915 2592 vigilandum

263 2618 362 2681 ritate
377 2616 591 2681 conscientiae
613 2631 682 2678 suae
700 2617 806 2694 possit
823 2613 864 2676 ad
880 2617 983 2677 Deum
997 2614 1055 2675 in·
1111 2612 1144 2673 et
1164 2611 1206 2672 ad
1232 2611 1586 2690 circumspiciendumt
1610 2612 1913 2690 invigilandum,

257 2715 428 2778 tercedare
452 2730 512 2791 pro
538 2729 574 2776 se
602 2713 636 2776 et
669 2728 729 2790 pro
757 2711 903 2790 peccatis
924 2711 1054 2774 alienis.
1111 2709 1293 2772 secundum
1307 2709 1395 2788 quod
1411 2711 1485 2788 ipse
1502 2710 1747 2790 aithpostolis:
1767 2714 1915 2789 Vigilate

259 2813 354 2876 Unde
381 2812 584 2891 praeceptum
609 2811 660 2873 est
687 2810 723 2871 in
749 2810 822 2888 lege
845 2809 988 2886 Moysis,
1021 2808 1058 2870 ut

260 2910 416 2972 sacerdos
436 2909 602 2986 acciperet
622 2907 828 2970 thuribulum
856 2910 889 2969 ιι
902 2905 1057 2984 impleret

258 3008 437 3084 illudigne,
454 3007 550 3080 idest,
567 3005 740 3068 charitatis
753 3005 883 3068 ardore.
895 3005 957 3069 llic
967 3004 1055 3082 ignis

256 3109 309 3169 est
322 3106 470 3170 charitas
496 3120 569 3183 quae
593 3119 724 3182 semper
747 3103 843 3166 dehet
866 3104 985 3165 ardere
1019 3103 1055 3164 in

256 3204 356 3268 corde
366 3203 560 3266 sacerdotis.
577 3202 671 3265 Unde
686 3203 721 3263 in
736 3201 880 3265 canticis
896 3202 1054 3264 Cantico-

255 3317 350 3364 rum:
366 3305 473 3376 Apate
482 3301 600 3364 malta
612 3315 682 3364 noa
691 3302 835 3374 possunt
848 3301 1055 3377 eettnpuere

255 3400 462 3462 crantorem
487 3395 594 3478 (Cant.
621 3411 697 3470 vm,
724 3395 771 3478 7),
796 3397 875 3475 quia
899 3396 1054 3460 sacerdos

255 3496 353 3560 dehet
366 3497 443 3558 thus
455 3510 636 3574 apponere,
648 3495 745 3568 idest,
758 3495 909 3558 devotam
924 3494 1053 3558 oratio-

256 3611 331 3659 nem
346 3610 407 3673 pro
426 3593 547 3674 populo
562 3593 627 3655 sihi
641 3586 899 3656 commisso'Deo
919 3591 1052 3665 offerre,

1111 2808 1145 2869 et
1170 2809 1286 2880 orate,
1309 2809 1350 2870 ut
1371 2823 1441 2872 oon
1458 2810 1600 2872 tatretts
1623 2809 1917 2873 intentationem

1111 2903 1228 2985 (Marc.
1253 2921 1323 2978 xrv,
1341 2904 1407 2985 38).
1429 2906 1478 2968 Ad
1507 2907 1844 2985 circumspiciendum
1866 2924 1917 2970 se-

1110 3004 1254 3066 cundum
1281 3003 1367 3082 quod
1391 3003 1538 3082 loquitur
1563 3005 1598 3067 in
1623 3006 1796 3067 Ezechiele
1819 3009 1917 3069 :Fttt

1109 3105 1272 3176 ιοιηιιιιι,
1295 3105 1545 3179 speculatorem
1570 3106 1649 3166 dedi
1672 3103 1843 3167 ledemari
1865 3109 1917 3167 Is-

1109 3205 1184 3264 rael
1199 3198 1330 3280 (Erech.
1351 3216 1401 3274 ιιι,
1424 3199 1488 3280 17).
1512 3203 1598 3278 Ergo
1614 3201 1642 3263 si
1657 3201 1848 3279 speculator
1863 3219 1914 3276 ιι,

1108 3298 1162 3359 vel
1175 3299 1298 3371 custos,
1314 3297 1418 3375 vigila
1432 3298 1466 3360 ιι
1480 3297 1709 3376 circumspice.
1729 3301 1804 3361 Non
1820 3301 1916 3362 enim

1109 3397 1220 3474 posuit
1230 3397 1263 3458 te
1273 3396 1433 3458 Dominus
1443 3396 1480 3458 ut
1489 3396 1647 3468 dormias,
1659 3398 1717 3460 sed
1730 3399 1766 3460 ut
1775 3397 1914 3475 vigiles,

1109 3511 1176 3557 non
1191 3497 1228 3556 ut
1242 3495 1381 3558 stolidus
1396 3511 1544 3568 maneas,
1560 3495 1618 3558 sed
1633 3497 1670 3558 ιιι
1684 3495 1821 3574 provide
1833 3497 1912 3559 cir-

1108 3593 1318 3672 cumspicias,
1336 3606 1403 3656 non
1427 3593 1464 3656 ut
1480 3593 1637 3667 dormias,
1656 3595 1735 3671 quia
1750 3595 1807 3672 qui
1822 3595 1912 3657 dor-

255 3694 289 3756 et
309 3694 356 3756 ita
382 3695 509 3759 intrare
529 3693 566 3755 in
591 3692 712 3756 Sancta
730 3691 939 3766 Sanctorum,
954 3690 1050 3764 idest,
1108 3691 1230 3765 miunt,
1252 3691 1350 3754 nocte
1372 3691 1555 3766 dormiunt,
1580 3695 1615 3754 et
1628 3692 1686 3770 qui
1706 3692 1791 3754 ahrii
1809 3695 1909 3766 sunt,

254 3792 458 3871 perbonam
482 3791 718 3876 cogitationem
739 3791 773 3854 et
795 3805 913 3870 puram
927 3789 1054 3854 oratio-
1108 3792 1205 3855 nocte
1219 3790 1305 3854 ehrii
1330 3792 1421 3864 sunt,
1448 3789 1505 3852 sed
1529 3789 1567 3852 ut
1586 3790 1722 3868 vigiles,
1743 3791 1822 3869 quia
1849 3794 1914 3870 ιιι

255 3905 331 3952 nem
344 3892 519 3968 pervenire
531 3889 665 3970 adcoeli
677 3889 812 3968 palatia.
1107 3906 1205 3952 mane
1218 3889 1434 3967 vigilaverint
1454 3888 1496 3952 ad
1511 3888 1719 3967 sapientiam,
1733 3889 1914 3955 invenient

295 3988 431 4050 Praelati
456 3987 688 4060 ecclesiarum,
711 3986 869 4064 episcopi,
884 3985 1050 4060 videlicet,
1106 3987 1212 4050 illam.

256 4085 290 4148 et
312 4083 501 4147 sacerdotes
511 4099 571 4161 pro
594 4084 739 4162 peccatis
754 4083 858 4146 totius
871 4084 987 4161 populi
1000 4083 1054 4146 di-
1147 4088 1281 4162 largae
1308 4083 1356 4145 tili
1375 4083 1536 4157 hominis,
1553 4085 1582 4146 ιι
1595 4085 1707 4147 custos
1727 4099 1775 4157 es,
1788 4085 1912 4162 vigila,

254 4183 368 4244 vinam
398 4180 663 4244 misericordiam
697 4179 819 4242 debent
850 4181 1051 4260 quotidianis
1106 4183 1185 4262 quia
1209 4182 1282 4259 ipsa
1314 4181 1474 4244 Dominus
1500 4189 1614 4245 noster
1646 4185 1697 4246 est
1724 4183 1836 4245 custos
1866 4185 1914 4248 de

255 4278 555 4358 supplicationibus
578 4278 612 4340 et
634 4276 753 4340 hostiis
773 4278 965 4356 implorare.
993 4281 1051 4342 Isti
1106 4281 1213 4352 nocte,
1230 4279 1264 4342 et
1276 4279 1397 4355 vigilat
1414 4295 1515 4357 super
1535 4281 1693 4359 populum
1719 4297 1826 4342 suum.
1843 4283 1914 4344 Vi-

254 4379 420 4456 eninprc
431 4376 572 4439 infirmis
587 4375 621 4438 ιι
636 4376 864 4455 peccatoribus
880 4392 977 4441 orare
992 4378 1052 4440 de-
1105 4380 1185 4457 gila‚
1200 4377 1324 4455 quiain
1335 4377 1451 4454 vigilia
1467 4378 1630 4441 matutina
1643 4379 1735 4441 venit
1745 4380 1912 4443 Dominus

253 4477 343 4550 hent,
360 4476 438 4554 quia
465 4474 572 4537 oratio
593 4474 732 4538 istorum
759 4475 824 4538 cito
845 4478 995 4540 ascendit
1008 4478 1050 4539 ad
1105 4478 1146 4542 ad
1168 4476 1359 4554 discipulos.
1383 4476 1504 4553 Vigila,
1528 4477 1607 4554 quia
1634 4478 1785 4554 pastores
1806 4483 1912 4542 erant

253 4579 379 4640 lesum.
407 4575 466 4637 Isti
489 4573 609 4636 dehent
633 4588 707 4635 esse
736 4573 936 4636 mediatores
962 4576 1051 4638 inter
1105 4577 1140 4639 in
1153 4574 1290 4652 ragione
1304 4573 1374 4646 illa,
1391 4573 1613 4636 custodientes
1640 4576 1773 4652 vigilias
1795 4578 1910 4640 noctis

254 4678 358 4737 Deum
374 4675 407 4735 et
428 4673 592 4745 homines,
609 4672 642 4734 et
655 4671 729 4734 ideo
746 4672 831 4734 tales
843 4671 963 4736 dehent
976 4689 1049 4736 esse
1104 4690 1205 4752 super
1214 4687 1348 4749 gregem
1361 4687 1469 4732 suum.
1486 4672 1610 4750 Vigila,
1626 4674 1704 4751 quia
1719 4673 1911 4750 vigilabant

253 4773 290 4834 ut
307 4773 373 4834 sint
393 4772 480 4848 grati
499 4772 610 4834 Deoet
622 4771 749 4850 accepti
761 4771 961 4834 hominibus.
974 4771 1049 4834 Istis
1104 4773 1274 4842 mulieres,
1298 4769 1429 4846 quando
1450 4769 1606 4832 viderunt
1619 4771 1775 4848 angelum
1790 4772 1833 4833 ad
1848 4788 1911 4834 sa-

253 4867 366 4931 datum
386 4871 436 4931 est
446 4885 542 4932 nosse
557 4869 715 4947 mysteria
727 4869 821 4947 regni
834 4869 905 4943 Ilei,
920 4871 1049 4932 caeteris
1104 4869 1290 4949 pulchrum.
1306 4866 1428 4943 Vigila,
1446 4868 1523 4945 quia
1541 4867 1570 4929 si
1586 4869 1686 4931 sciret
1710 4869 1910 4947 paterfami-

254 4967 365 5028 autem
384 4965 418 5026 iu
440 4966 619 5042 parabolis.
642 4967 700 5030 leti
724 4984 799 5030 eum
825 4983 970 5042 movere,
993 4969 1049 5030 isti
1104 4969 1167 5031 lias
1180 4983 1244 5046 qua
1266 4964 1349 5026 hora
1372 4963 1426 5027 fur
1439 4967 1599 5028 uenturus
1623 4967 1721 5040 esset,
1747 4968 1909 5044 vigilaret

253 5081 330 5128 eum
344 5062 489 5134 flectere,
506 5063 540 5123 ct
551 5062 592 5124 ad
608 5063 872 5128 misericordiam
886 5066 1049 5128 inclinare
1104 5067 1217 5145 utique
1233 5066 1266 5126 et
1277 5078 1344 5124 non
1360 5063 1484 5126 sineret
1503 5063 1630 5142 perfodi
1646 5065 1778 5127 domum
1793 5082 1904 5128 suam.

166 5203 170 5210 -
253 5163 401 5243 possunt.
414 5162 454 5223 Et
467 5161 1049 5238 Joannesztlutsettfrctremsnum
1104 5164 1194 5228 Ofili
1208 5161 1366 5235 hominis,
1382 5177 1531 5240 operare,
1550 5161 1626 5224 dum
1641 5163 1770 5242 tempus
1784 5164 1901 5239 hahes,

247 5275 393 5338 peccme
403 5258 582 5336 peceatum
595 5271 664 5318 non
678 5260 1050 5339 admortem,oretpro
1104 5263 1182 5342 quia
1206 5260 1263 5340 qui
1286 5259 1403 5322 fecerit
1425 5263 1459 5323 et
1482 5260 1632 5334 docuerit
1652 5262 1702 5324 sic
1728 5251 1902 5338 homines,

253 5375 303 5429 eo,
322 5359 356 5420 et
367 5357 506 5420 ducitae
524 5357 557 5418 et
570 5355 807 5428 attanecconta'
816 5363 940 5421 ooood
953 5376 1050 5424 mcr-
1104 5375 1243 5438 magnus
1263 5357 1437 5420 vocabitur
1457 5357 1492 5418 in
1509 5373 1613 5435 regno
1628 5359 1797 5422 coelorum.
1814 5363 1905 5438 Ope-

255 5458 324 5519 tem
353 5454 424 5534 (Ep.
453 5457 550 5518 toan.
570 5469 605 5525 v,
629 5449 693 5532 16).
719 5453 842 5524 Quarto
863 5473 871 5515 ε
894 5455 982 5518 sicut
999 5458 1049 5518 sal
1102 5475 1191 5531 rare,
1208 5456 1286 5535 quia
1301 5471 1368 5519 non
1382 5455 1550 5520 auditores
1565 5457 1665 5534 legis,
1683 5457 1740 5519 sed
1756 5457 1903 5522 factores

255 5553 377 5618 occidit
388 5569 529 5624 vermes,
550 5551 598 5614 ita
619 5549 775 5629 praelatus
788 5550 884 5614 dehet
898 5553 1049 5617 occidere
1099 5557 1182 5635 justi
1197 5556 1275 5617 suut
1293 5553 1379 5631 apud
1404 5555 1519 5615 Deum.
1544 5557 1701 5632 Operm-e,
1719 5557 1797 5634 quia
1813 5574 1903 5620 unus

253 5667 394 5724 vermes,
410 5651 507 5723 idest,
521 5649 603 5714 vitia
626 5651 660 5712 ιι
676 5649 811 5727 peccata
827 5649 862 5712 ιιι
878 5665 914 5714 ιι
929 5653 962 5714 et
976 5653 1049 5715 suba
1103 5655 1243 5733 quisque
1271 5651 1456 5714 mercedem
1486 5668 1579 5715 suam
1608 5646 1750 5732 accipiet
1777 5671 1904 5718 secun-
