3994 6326
307 307 367 366 635

347 465 508 528 Caeterum
528 463 564 524 ut
583 459 643 522 sub
657 459 865 536 breviloquio
881 459 1102 531 transeamus,

306 563 392 642 quod
422 561 525 633 idem,
556 559 707 622 homines
748 557 921 618 memorati
956 557 1103 634 episcopi

307 662 554 738 captostenens,
570 657 728 734 ipsosper
738 655 1104 716 molestiascarcerales

307 761 340 820 et
352 773 470 835 graves
479 771 655 832 corporum
664 753 880 815 cruciatusde
890 751 1104 813 facultatibus

307 858 377 918 suis
392 855 552 926 emunxit,
570 854 717 915 castrum
739 849 968 922 Pithnerense,
993 848 1104 910 nobile

307 971 346 1016 ac
359 955 514 1015 decorum
523 949 943 1018 ecclesiaeAurelianensiS,
953 946 1103 1008 ecclesiae

307 1051 589 1131 patrimoniumac
603 1050 831 1126 episcoporum
846 1046 951 1123 ipsius
966 1045 1105 1106 domici-

306 1151 388 1212 lium
399 1147 553 1226 speciale,
564 1147 651 1224 quod
662 1145 835 1223 episcopus
846 1143 1105 1204 memoratusre·

306 1249 450 1326 liquerat
460 1245 682 1314 immunitum,
699 1259 738 1304 eo
751 1241 837 1320 quod
856 1241 1078 1303 carissimus
1070 1257 1104 1302 ιιι

307 1346 438 1406 Christo
455 1343 544 1404 lilius
561 1343 674 1404 noster
686 1340 859 1417 Philippus
875 1355 936 1400 rex
957 1341 1106 1400 Franco·

305 1434 1103 1512 rumillustriseideminhibueratmilitiueipsum

306 1537 504 1608 offenderet,
528 1537 632 1597 donec
657 1537 745 1596 esset
768 1549 787 1595 a
810 1533 951 1612 quadam
977 1533 1012 1593 in
1039 1547 1103 1609 qua

307 1637 380 1698 erat
389 1633 600 1712 expeditione
614 1648 780 1704 reversus,
793 1631 918 1708 dejure
932 1630 1103 1708 utriusque

306 1731 514 1811 postmodum
538 1730 724 1798 auditurus,
755 1729 820 1806 ipsi
839 1745 914 1790 cum
941 1727 1103 1789 Herberto

307 1823 1103 1900 iratresu0‚etiohannedeRubeomonteetaliis

308 1926 523 2006 complicibus
541 1923 627 1996 suis,
642 1927 718 1985 ante
742 1924 831 2000 regis
855 1923 960 2000 ipsius
984 1937 1103 1983 rever-

307 2026 446 2096 sionem,
475 2037 549 2084 cum
578 2021 792 2083 multitudine
821 2023 1025 2082 armatorum
1044 2036 1105 2096 per

306 2121 499 2184 violentiam
524 2120 712 2197 occupavit,
741 2122 774 2180 et
796 2119 903 2197 posito
925 2133 1025 2195 super
1043 2131 1103 2178 ar·

308 2237 379 2282 cem
398 2219 522 2280 vexillo
550 2218 582 2280 et
592 2217 763 2278 hominum
784 2215 942 2277 fidelitate
957 2215 1101 2293 recepta,

308 2318 481 2395 usurpavit
511 2315 573 2376 sibi
601 2314 782 2376 dominium
807 2314 842 2374 ιιι
866 2311 992 2387 eodem,
1015 2311 1105 2374 trac-

308 2419 406 2494 taque
418 2397 541 2476 ibidem
558 2411 738 2490 episcopali
754 2411 893 2488 capella,
910 2412 1028 2489 pallaS,
1046 2427 1104 2472 ca-

307 2515 416 2586 licem,
433 2513 467 2574 et
481 2512 547 2573 alia
562 2511 597 2572 in
622 2526 683 2570 usu
706 2511 792 2571 sacri
816 2508 994 2571 ministerii
1020 2524 1103 2570 con-

311 2612 459 2683 secrata,
500 2607 649 2686 profanis
683 2607 837 2669 manibus
869 2607 1101 2678 contrectavit,

311 2725 451 2787 quorum
466 2706 616 2785 quaedam
630 2701 738 2766 adhuc
753 2705 901 2766 detinere
916 2705 1101 2783 praesumit3

309 2789 423 2868 domos
436 2819 565 2882 quoque
591 2801 826 2864 canonicorum
850 2801 1001 2864 ecclesiae
1017 2817 1104 2880 prae-

306 2901 457 2964 bendalis
487 2899 587 2962 castri
610 2900 756 2978 ejusdem
773 2899 937 2962 violenter
960 2899 1101 2976 effregit,

307 3003 393 3064 bona
417 3001 564 3078 ipsorum
592 2997 754 3074 diripiens
777 2997 810 3059 et
823 2998 1010 3074 asportans,
1024 3013 1105 3059 can-

306 3103 379 3162 tora
402 3097 507 3176 ipsius
536 3096 686 3158 ecclesiae
712 3095 882 3173 usquead
907 3095 1103 3157 effusionem

309 3194 482 3273 sanguinis
502 3193 645 3270 turpiter
667 3196 699 3255 et
713 3192 889 3255 inhoneste
903 3193 1055 3264 tractato,
1072 3195 1104 3254 et

307 3295 432 3355 diutius
459 3291 518 3352 sub
547 3291 695 3353 ciborum
724 3291 758 3352 et
784 3291 925 3352 vestium
942 3291 1103 3352 tenuitate

306 3387 490 3453 miserabili
517 3387 707 3464 mancipato
736 3387 896 3449 custodiae
928 3389 1100 3450 carcerali.

345 3491 482 3549 Demum
498 3501 588 3558 vero,
605 3486 641 3548 ut
654 3485 789 3562 sanguis
814 3486 1010 3561 sanguinem
1027 3487 1103 3547 tan·

305 3585 408 3662 geret,
423 3585 456 3646 et
483 3582 774 3644 accumularentur
793 3585 928 3660 peccata
941 3583 1100 3660 peccatis,

306 3680 630 3760 archipresbyterum
659 3680 800 3752 Belsiae,
829 3681 938 3741 virum
969 3679 1102 3757 quidem

306 3785 375 3843 tum
390 3793 459 3840 suaa
472 3777 678 3855 praelationis
697 3778 834 3849 honore,
857 3779 926 3840 tum
942 3778 1101 3838 sacerdo-

305 3877 365 3940 tali
377 3876 539 3952 dignitate
566 3873 668 3935 oflicii
694 3875 926 3945 reverendum,
941 3875 1101 3936 carcerali

306 3975 398 4052 prius
429 3971 588 4034 amictum
610 3971 780 4046 angustia,
810 3971 908 4033 noctu
935 3972 1014 4034 iecit
1044 3988 1103 4049 per

309 4071 482 4149 quemdam
498 4069 538 4129 de
551 4068 620 4128 suis
634 4069 845 4130 macilentum
857 4084 977 4145 equum
990 4085 1103 4130 ascen-

309 4169 387 4229 dere
416 4167 489 4228 sine
518 4164 610 4236 sella,
640 4165 706 4242 qui,
722 4169 913 4228 transverso
940 4167 1102 4245 incapite

309 4264 441 4342 caputio
467 4263 646 4339 strictoque
675 4265 905 4335 cons11t0,ita
935 4264 1022 4343 quod
1046 4265 1102 4326 vix

307 4363 435 4441 spirare
450 4361 587 4433 valeret,
604 4359 764 4422 subducta
779 4365 870 4422 veste
882 4377 942 4438 per
957 4365 1101 4425 castrum

306 4461 413 4538 ipsum
426 4461 459 4521 et
474 4461 579 4531 extra,
592 4457 704 4520 taliter
716 4461 766 4520 est
778 4459 967 4536 compulsus
975 4461 1102 4522 tamdiu

306 4557 494 4620 discurrere
506 4556 610 4618 donec
621 4555 690 4619 lere
699 4555 852 4632 spiritum
867 4557 1057 4634 exhalaret3
1070 4561 1103 4620 et

306 4657 342 4717 ut
356 4655 506 4718 inaudito
521 4655 685 4715 tormento
697 4653 789 4714 nulla
800 4653 928 4717 deesset
936 4655 1099 4732 impietas,

307 4752 479 4814 sudantem
489 4767 556 4829 prae
569 4751 672 4812 nimia
683 4750 807 4813 doloris
818 4754 972 4828 augustia
983 4753 1017 4814 in
1029 4753 1101 4815 loco

306 4850 451 4911 carceris
468 4849 694 4925 frigidissim03
720 4849 926 4911 attenuatum
942 4851 1098 4923 vestibus,

305 4948 447 5009 tortores
461 4946 696 5008 miserabiliter
710 4947 927 5010 recluserunt.

346 5047 516 5120 Quumque
539 5043 807 5120 archipresbyter
827 5045 898 5122 ipse
921 5047 1100 5108 intentam

305 5141 440 5218 propter
463 5139 526 5200 boc
549 5140 780 5216 aegritudinem
804 5141 992 5216 incidisset,
1014 5145 1100 5222 quod

306 5255 381 5316 spes
397 5253 465 5300 suae
486 5237 759 5300 convalescentiae
775 5239 866 5300 nulla
882 5243 980 5313 esset,
994 5241 1100 5304 dictus

304 5335 419 5407 miles,
448 5349 586 5412 sperans
608 5333 779 5394 homicidii
804 5339 915 5398 notam
941 5338 1097 5413 evadere,

305 5431 398 5493 abire
417 5431 566 5508 permisit
587 5431 749 5493 eumdem.
780 5433 995 5510 Supradictus
1018 5452 1099 5498 vero

305 5529 479 5606 episcopus
492 5531 559 5591 tam
575 5529 609 5590 in
623 5531 731 5606 ipsum
747 5529 884 5593 militem
901 5547 999 5610 quam
1014 5537 1101 5596 Her-

305 5625 433 5686 bertum
448 5627 583 5688 tratrem
601 5629 684 5704 ejus,
700 5627 887 5692 iohannem
902 5630 942 5691 de
963 5631 1098 5694 Rubeo-

928 297 1104 360 HONORII
1126 297 1171 358 ΙΙΙ
1193 297 1341 358 OPERA.
1891 301 1937 359 tit
1983 383 1984 386 ,

1159 457 1268 518 monte
1286 458 1319 519 et
1333 456 1417 518 alios
1434 458 1505 532 ejus
1528 457 1716 533 complices
1734 459 1869 534 propter
1888 459 1935 522 hoc
1983 451 1984 536 ι

1158 557 1191 617 et
1207 553 1273 616 alia
1290 553 1415 630 flagitia
1430 552 1549 631 quibus
1564 569 1650 622 eum,
1666 554 1846 616 ecclesiam
1861 573 1935 620 suam

1158 655 1190 714 et
1212 669 1289 712 suos
1311 651 1458 728 graviter
1481 651 1699 724 offenderunt,
1724 657 1935 715 excommuni-
1983 661 1984 786 3

1159 751 1311 821 cationis
1333 751 1419 812 et1n
1443 751 1565 811 terram
1585 765 1710 820 eorum,
1734 767 1813 828 quae
1836 751 1984 813 cubilia
1983 791 1984 862 3

1159 847 1849 924 suutdraconumetpascuashuthiouum
1858 849 1935 910 inter·
1983 871 1984 900 ι

1160 945 1238 1007 dicti
1254 945 1435 1007 sententias
1449 946 1681 1022 promulgavit,
1698 961 1785 1023 quas
1805 961 1860 1006 vos
1877 948 1932 1022 ipsi
1983 977 1984 982 ι

1160 1043 1246 1104 sicut
1260 1043 1459 1120 accepimus,
1477 1041 1615 1105 facitis'
1607 1059 1641 1104 ιιι
1661 1045 1786 1106 vestris
1807 1043 1935 1105 diecesi·
1983 1027 1984 1110 ι

1158 1140 1220 1200 bus
1249 1140 1421 1218 publicari.
1452 1141 1494 1203 Ut
1528 1142 1636 1202 autem
1663 1140 1703 1202 ad
1731 1141 1933 1201 ulciscendam
1983 1125 1984 1208 ι

1159 1239 1284 1300 tantam
1298 1239 1357 1300 Dei
1370 1241 1402 1300 et
1417 1238 1573 1300 Ecclesiae
1586 1239 1789 1301 universalis
1803 1209 1984 1314 injuriam

1159 1339 1281 1398 nostrae
1299 1337 1350 1398 vis
1367 1337 1575 1399 auctoritatis
1591 1337 1738 1408 accedat,
1761 1337 1935 1398 discretioni

1159 1436 1277 1496 vestrae
1298 1451 1357 1513 per
1376 1435 1564 1512 Apostolica
1585 1435 1711 1512 scripta
1732 1435 1935 1511 praecipiendo

1159 1533 1366 1604 mandamus,
1380 1532 1937 1610 quatenuseasdemseuteuliassin·
1983 1549 1984 1624 3

1159 1631 1246 1704 gulis
1268 1629 1383 1691 diebus
1408 1630 1581 1690 dominicis
1603 1631 1636 1691 et
1650 1629 1796 1703 festivis,
1820 1631 1933 1706 pulsatis

1159 1727 1329 1804 campanis
1340 1728 1372 1789 et
1383 1726 1699 1800 candelisaccensrs,
1710 1743 1933 1804 peruniversa

1159 1825 1318 1886 ecclesias
1332 1825 1517 1886 vestrarum
1532 1825 1713 1887 dioecesum
1730 1825 1864 1886 faciatis
1874 1841 1934 1886 auc·

1157 1923 1291 1985 toritate
1306 1924 1418 1985 nostra
1434 1923 1646 1985 solemniter'
1637 1923 1809 1996 innovari,
1822 1925 1861 1995 et,
1875 1939 1935 1999 sup-

1160 2024 1318 2098 ponentes
1332 2021 1405 2082 loca
1421 2021 1576 2098 quaelibet
1588 2021 1629 2082 ad
1644 2037 1719 2099 quae
1732 2021 1803 2098 ipsi
1818 2021 1936 2081 dereue

1158 2119 1225 2180 rint
1240 2131 1298 2196 per
1312 2119 1441 2182 vestras
1452 2119 1622 2190 dioeceses,
1636 2119 1801 2196 quamdiu
1818 2135 1936 2196 prasen-

1159 2219 1208 2278 tes
1223 2216 1343 2277 ibidem
1355 2216 1541 2278 luerintt
1491 2233 1526 2278 ιιι
1528 2217 1678 2290 terdict0,
1691 2217 1753 2279 suh
1767 2216 1936 2279 intermina-

1157 2313 1818 2391 tioneanathematisprohiberecuretrs,
1834 2314 1935 2391 nequis

1158 2413 1278 2473 vestrae
1294 2411 1519 2488 jurisdictioni
1538 2412 1705 2490 subjectus
1720 2413 1849 2474 eisdem
1864 2427 1936 2473 corn-

1159 2511 1315 2579 municet,
1331 2525 1437 2587 neque
1452 2511 1541 2587 ipsos
1556 2527 1616 2572 seu
1626 2511 1757 2588 aliquos
1773 2511 1814 2572 de
1830 2509 1935 2571 familia

1158 2609 1212 2669 vel
1229 2624 1288 2669 sua
1308 2609 1466 2670 societate
1484 2609 1640 2686 receptet,
1662 2625 1836 2686 quousque
1850 2624 1936 2683 saepe

1158 2706 1246 2768 dicto
1262 2707 1417 2785 episcopo
1433 2708 1465 2768 et
1480 2707 1575 2767 aliis'
1567 2707 1725 2784 iniuriam
1736 2707 1844 2784 passis
1855 2706 1937 2766 satis-

1158 2805 1297 2866 iecerint
1312 2805 1536 2881 competenter
1553 2805 1585 2866 et
1606 2821 1680 2866 cum
1695 2805 1844 2876 eiusdem
1865 2804 1937 2880 epis-

1159 2901 1231 2978 copi
1247 2901 1367 2963 litteris
1379 2903 1533 2963 venerint
1542 2902 1582 2963 ad
1600 2902 1718 2964 sedem
1731 2902 1936 2979 Apostolicam

1158 2999 1360 3060 absolvendi
1377 2999 1495 3062 Datum
1508 3001 1675 3068 Laterani,
1692 3003 1738 3061 ΙΙι
1754 3000 1827 3061 idus
1844 2999 1936 3060 iebru·

1158 3099 1234 3172 arii,
1249 3097 1459 3174 pontificatus
1473 3097 1579 3160 nostri
1594 3113 1682 3160 anuo
1695 3097 1852 3160 secundo.

1983 4319 1984 4364 ι

1198 3294 1235 3353 In
1246 3293 1396 3382 eumdem
1410 3293 1541 3354 modum
1551 3293 1710 3370 scriptum
1723 3295 1878 3371 estsuper
1886 3293 1935 3352 ho

1158 3377 1337 3467 episcopo,
1350 3391 1479 3452 cantori
1500 3392 1533 3453 et
1554 3391 1791 3454 archidiacono
1804 3394 1935 3452 Trecen-

1157 3487 1261 3558 tibus,
1278 3503 1411 3561 usqcae:
1424 3487 1592 3550 interdicti
1604 3489 1789 3550 senteutras
1800 3487 1934 3566 promul

1157 3583 1259 3659 gavit.
1269 3584 1393 3646 Deinde
1401 3584 1590 3662 subportur
1595 3588 1750 3657 Quasnos
1758 3586 1934 3646 mandantes

1157 3681 1192 3742 in
1221 3681 1432 3755 Bituricensi,
1457 3682 1728 3759 Rothomagensi,
1754 3682 1932 3747 senonensi,

1157 3779 1342 3840 'turonensi
1354 3782 1386 3840 et
1397 3779 1551 3842 Remensi
1562 3781 1744 3856 provinciis
1761 3781 1934 3842 solemniter

1157 3874 1331 3953 publicari,
1345 3875 1538 3940 discretioni
1550 3879 1670 3940 vestrae
1688 3894 1748 3956 per
1764 3877 1933 3955 apostolica

1158 3975 1281 4051 scripta
1306 3973 1502 4036 mandamus
1530 3978 1694 4052 quatenus
1711 3975 1837 4038 nobiles
1858 3975 1933 4036 vinis

1158 4088 1297 4148 quorum
1319 4072 1425 4133 eidem
1450 4073 1680 4136 malefactores
1706 4074 1830 4136 vassali
1857 4075 1931 4139 sunl

1156 4169 1209 4230 vel
1231 4169 1271 4230 de
1290 4185 1430 4247 quorum
1443 4171 1680 4249 jurisdictione
1697 4173 1885 4245 consistunt,¹
1903 4173 1931 4230 ul

1156 4269 1246 4344 ipsos
1268 4283 1327 4343 per
1347 4270 1597 4346 occupationem
1622 4269 1796 4332 feudorum
1818 4284 1931 4332 suorum
1983 4289 1984 4316 ι

1156 4365 1229 4425 sine
1242 4364 1359 4426 fraude
1373 4369 1407 4428 et
1420 4367 1505 4428 alios
1519 4367 1618 4443 prout
1635 4367 1699 4450 sibi
1714 4369 1835 4430 tradita
1851 4368 1931 4428 desu-

1157 4477 1215 4540 per
1234 4464 1284 4524 est
1305 4465 1462 4540 potestas,
1487 4465 1687 4541 compellant
1707 4468 1859 4544 episcopo
1876 4479 1930 4524 ne·

1156 4562 1283 4622 morato
1294 4564 1328 4622 et
1341 4561 1418 4622 aliis
1433 4563 1540 4639 passis
1553 4563 1723 4640 injuriam,
1741 4579 1879 4640 congrue
1894 4575 1929 4620 sa·

1156 4658 1310 4721 tisiacere
1335 4659 1375 4719 de
1397 4659 1599 4731 damniset
1565 4661 1816 4738 ietrrogatis
1806 4659 1926 4738 iniuriis,
1983 4579 1984 4716 ι

1156 4756 1348 4832 diligentius
1363 4757 1537 4830 moneatis,
1554 4757 1745 4820 inhibentes
1758 4775 1800 4820 ne
1813 4759 1880 4837 quis
1890 4756 1928 4831 ip
1983 4763 1984 4792 ¹

1156 4869 1210 4913 sos
1221 4854 1255 4913 in
1270 4852 1361 4915 terra
1374 4871 1435 4915 sua
1451 4857 1633 4932 receptare,
1645 4856 1698 4918 vel
1709 4858 1750 4918 de
1760 4856 1878 4918 familia
1889 4851 1925 4913 vel

1156 4953 1314 5014 societate
1330 4969 1390 5014 sna
1405 4954 1549 5014 retinere
1565 4957 1755 5031 praesumat,
1772 4969 1884 5031 eosque
1895 4947 1925 5010 ad
1983 4987 1984 5038 ι

1156 5049 1199 5121 id,
1213 5050 1240 5110 si
1257 5049 1374 5111 moniti
1389 5065 1575 5127 repugnare
1590 5053 1867 5128 praesumpserint,
1882 5059 1926 5124 por
1983 5039 1984 5128 ᾗ

1155 5161 1330 5207 censuram
1352 5147 1622 5220 ecclesiasticam,
1649 5149 1863 5225 appellatione
1881 5161 1924 5204 re·
1983 5171 1984 5246 3

1155 5245 1253 5316 mota,
1280 5247 1377 5320 coga
1378 5259 1417 5304 1s
1442 5246 1533 5316 Quod
1556 5245 1584 5306 si
1607 5261 1672 5307 non
1692 5261 1815 5318 omnes,
1836 5246 1866 5306 tu
1884 5255 1922 5309 ea,
1983 5263 1984 5322 ι

1155 5341 1258 5403 irater
1272 5341 1437 5420 episcope,
1455 5359 1529 5404 cum
1543 5359 1657 5404 eorum
1672 5345 1788 5417 altero,
1804 5345 1857 5404 etc.
1983 5329 1984 5408 ι

1195 5440 1314 5502 Datum
1329 5442 1498 5514 Laterani,
1515 5443 1590 5502 llil
1610 5441 1677 5503 hal.
1697 5443 1814 5512 martii,
1829 5435 1919 5517 ponti·
1983 5419 1984 5488 ι

1155 5531 1666 5602 heatusnostriannosecundo.
