3994 6326
50 285 119 344 633

50 445 207 520 paternae
221 459 309 508 curae
331 443 498 518 solatium,
515 442 550 506 in
574 461 638 523 quo
660 443 756 507 nobis
769 445 853 508 bene

50 541 258 619 complacuit
290 545 323 606 et
348 541 490 620 placebit
515 544 551 604 in
580 545 758 621 posterum,
786 548 854 606 Deo

50 638 169 712 dante,
186 641 222 702 ut
237 640 282 702 ita
299 641 363 717 piis
383 639 537 718 operibus
550 657 585 704 sc
604 641 746 720 adaptet,
768 642 852 719 quod

49 735 181 797 bonum
202 736 304 813 regiae
317 738 503 800 devotionis
518 738 662 812 initium,
679 756 752 817 quae
772 755 853 817 pro-

49 849 209 908 gressum
253 834 369 897 habuit
406 836 599 909 meliorem,
636 836 854 915 subsequatur

49 932 133 992 finis
157 933 300 1010 optimus
325 935 358 996 et
378 934 565 1007 concludat,
580 936 616 997 ut
630 935 799 998 flatmane
822 937 855 998 et

49 1045 198 1106 vespere
213 1031 285 1092 dies
300 1047 398 1104 unus,
416 1034 449 1094 et
462 1048 605 1108 regnare
626 1050 701 1094 cum
722 1034 853 1096 Christo

14 1171 17 1174 -
49 1127 168 1190 valeat
182 1127 217 1188 in
233 1131 413 1206 aeternum3
431 1130 508 1208 quia
523 1147 619 1191 nemo
635 1131 767 1194 mittens
783 1147 855 1193 ma-

49 1241 136 1285 num
159 1226 201 1287 ad
221 1228 369 1288 aratrum
394 1228 426 1290 et
449 1229 632 1306 respiciens
651 1231 741 1292 retro
757 1230 853 1305 aptus

49 1323 106 1384 est
121 1339 224 1400 regno
236 1325 306 1398 Dei,
321 1328 420 1402 prout
433 1327 557 1389 veritas
570 1327 762 1403 evangelica
774 1343 853 1405 pro·

49 1424 210 1484 testatur.

95 1522 265 1596 Rogamus
276 1522 413 1600 insuper
425 1523 548 1586 dictum
561 1540 675 1602 regem
689 1526 735 1596 ut,
757 1525 855 1603 quid-

51 1617 135 1693 quid
148 1633 249 1695 super
259 1619 301 1680 iis
310 1619 436 1692 fecerit,
449 1622 565 1683 saltem
577 1638 637 1699 pro
648 1637 855 1685 munereno-

49 1714 106 1774 bis
117 1715 229 1788 donet,
242 1717 328 1794 quod
338 1717 478 1794 praefato
487 1720 643 1796 episcopo
654 1735 693 1782 ac
703 1720 853 1782 ecclesiae

50 1829 126 1874 suae
138 1814 320 1887 canonicis,
333 1816 536 1894 presbyteris
550 1819 582 1879 et
596 1817 728 1880 clericis
744 1819 855 1880 suiset

48 1909 156 1970 rebus
170 1911 372 1985 eorumdem,
389 1915 586 1976 auctoritate
607 1916 701 1992 regia
726 1917 854 1978 securi-

47 2009 157 2069 tatem
171 2010 307 2085 praestet
321 2012 354 2073 et
366 2011 467 2074 faciat
488 2011 727 2075 inviolabiliter
739 2014 855 2077 ohser-

47 2107 149 2179 vari3
179 2105 345 2184 alioquin,
385 2111 686 2188 quantumcumque
706 2110 853 2187 regalem

48 2204 289 2266 excellentiam
307 2205 495 2282 diligamus,
519 2209 548 2268 si
563 2207 646 2270 forte
667 2207 768 2288 (quod
787 2225 853 2270 non

48 2301 236 2382 credimus)
248 2305 365 2366 saltem
381 2321 423 2366 ex
435 2306 572 2383 speciali
587 2307 694 2383 gratia
709 2323 775 2368 non
787 2306 855 2368 fue-

48 2399 163 2460 rimus
185 2401 344 2473 exauditi,
367 2402 431 2463 sibi
442 2403 554 2465 tamen
568 2403 698 2465 deferre
713 2421 779 2465 non
794 2421 855 2482 po-

48 2497 194 2558 terimus
219 2499 333 2561 contra
352 2503 465 2574 Deum,
485 2500 542 2562 sed
558 2501 718 2577 eligemus
743 2501 853 2579 potius

48 2595 138 2670 Regi
147 2611 261 2672 regum
271 2613 368 2675 quam
377 2598 624 2674 regibominum
634 2599 850 2677 complacere.

49 2693 218 2766 Quocirca
239 2694 433 2757 discretioni
450 2700 571 2759 vestrae
591 2713 650 2774 per
663 2699 852 2776 apostolica

47 2790 180 2866 scripta
197 2793 402 2866 mandamus,
427 2795 589 2872 quatenus
608 2795 783 2873 praefatum
797 2812 854 2858 re-

47 2888 190 2963 gennad
216 2889 279 2951 boc
294 2890 458 2952 moneatis
483 2892 662 2970 prudenter
683 2894 716 2956 et
738 2893 853 2954 effica-

48 2987 139 3048 citer
149 2986 325 3049 inducatis.
339 2989 430 3061 Quod
442 2990 470 3051 si
485 3006 550 3051 non
564 3006 688 3063 omnes,
703 2991 768 3052 duo
780 3007 852 3054 ves-

46 3087 232 3155 tramete.
251 3087 369 3148 Datum
380 3087 547 3160 Laterani,
565 3090 610 3148 ΙΙΙ
626 3089 700 3149 idus
717 3088 852 3150 februa-

47 3181 105 3253 rii,
122 3182 334 3258 pontificatus
347 3185 453 3246 nostri
466 3201 553 3247 anno
569 3187 724 3248 secundo.

88 3317 132 3375 In
158 3317 309 3378 eumdem
332 3319 466 3380 modum
490 3319 649 3396 scriptum
673 3320 723 3382 est
743 3321 850 3383 eidem

48 3413 136 3488 regi.

359 3523 550 3612 CXXXVI

48 3666 102 3724 Ad
117 3666 413 3742 archiepiscopum
422 3669 664 3738 Sunonensem,
678 3671 852 3744 epmcopos

86 3765 851 3839 penarensem,autissiodorensem,Trecen-

87 3874 179 3932 sem,
191 3863 400 3923 Melitensem
419 3864 453 3924 et
466 3865 721 3925 nivernensem
740 3865 775 3925 et
786 3867 850 3926 de·

88 3971 219 4019 mntem
231 3959 266 4020 ct
279 3961 467 4034 capalinum
482 3961 741 4024 Carrzotenscm.

352 4084 384 4141 ll
401 4082 456 4142 feb.
473 4084 552 4142 1218.

47 4187 58 4250 f
59 4189 191 4252 bouquet,
202 4187 304 4240 liecueil
312 4188 356 4240 des
368 4190 464 4248 bist.,t.
477 4191 577 4257 XlX,p.
586 4191 642 4250 65&
652 4193 748 4256 liegest.
761 4191 798 4242 lib
819 4192 849 4252 ll,

372 4269 446 4335 epist.
463 4270 532 4336 9³⁰4

47 4367 144 4436 Quum
161 4366 236 4440 apud
253 4383 353 4442 regem
371 4369 516 4427 incassum
531 4369 740 4428 intercessisset
758 4372 850 4428 llono

83 4455 158 4524 rius,
178 4457 272 4531 gratia
297 4449 469 4517 conciliandi
488 4460 705 4518 Aurelianensis
723 4461 851 4533 episcopi

84 4561 154 4602 curn
167 4545 288 4618 quodam
300 4549 420 4618 lunone,
430 4547 546 4606 tandem
557 4548 685 4621 ejusdem
693 4549 812 4608 ioannis
823 4555 851 4606 et

82 4635 270 4707 complicium
285 4636 347 4710 ejus
362 4643 452 4695 terres
474 4637 624 4696 interdicto
643 4639 769 4712 graviori
782 4637 849 4696 sub·

81 4723 228 4798 jiciendes
240 4723 367 4797 pontifex
377 4724 514 4786 decernit.

87 4842 260 4904 Honorius
287 4843 497 4920 episcopus...
515 4844 762 4906 venerabilibus
781 4843 852 4907 fra-

47 4939 160 5000 tribus
194 4941 328 5014 nostris,
359 4942 611 5020 archiepiscopo
648 4943 849 5014 senonensi,

49 5037 219 5116 episcopis
243 5038 420 5112 Parisien,
446 5039 680 5114 autissiodor„
699 5042 849 5112 Trecen,

47 5135 242 5197 meldensi
263 5135 456 5209 Nivernen.,
478 5137 610 5200 dilectis
625 5137 704 5200 filiis
725 5139 850 5200 decano

49 5238 81 5293 et
98 5231 246 5308 capitulo
268 5233 475 5306 carnotensi,
499 5233 651 5306 salutem,
668 5234 732 5296 etc.

91 5329 305 5392 invalescens
320 5331 387 5391 diei
402 5330 529 5393 malitia
542 5331 602 5392 vix
622 5331 795 5409 permittit,
818 5333 853 5394 ut

50 5429 124 5490 sine
145 5428 270 5490 doloris
298 5429 414 5492 aculeo
439 5429 525 5490 diem
548 5445 650 5491 unum
666 5429 852 5508 transigere

88 5633 130 5706 (l)
152 5633 325 5690 Munnsscrn.

687 285 915 346 ariston-E.
940 285 1017 346 Lln.
1042 287 1081 346 11.

1649 293 1707 354 634

909 442 1092 506 valeamus.
1108 445 1273 508 Succensa
1299 448 1399 522 enlm,
1415 450 1506 512 velut
1523 449 1620 528 ignis,
1644 451 1709 512 im-

909 541 1014 620 pietas
1029 543 1077 604 sic
1091 544 1262 607 succendit
1276 547 1466 623 cupiditatis
1479 548 1599 610 ardore
1623 566 1707 628 quo-

908 640 1059 701 rumdam
1088 642 1217 704 animos
1245 642 1438 720 impiorum,
1463 647 1508 718 ut,
1532 647 1567 708 in
1592 663 1705 709 sacros

909 739 968 799 Dei
981 738 1121 800 famulos
1149 740 1182 802 et
1196 756 1250 801 res
1269 757 1382 803 sacras
1407 743 1618 822 sacrilegium
1640 762 1704 807 an-

909 835 1023 898 dentes
1046 837 1265 910 committere,
1282 839 1336 916 pia
1350 841 1422 901 loca
1434 842 1570 917 pariter,
1586 845 1618 904 et
1631 860 1707 921 per·
1724 880 1726 884 .

910 948 1009 995 sonas
1021 935 1160 996 Domino
1173 935 1356 998 militantes
1369 937 1403 998 in
1414 939 1474 1011 eis,
1482 940 1707 1017 impietatibus

909 1031 979 1091 suis
1012 1031 1183 1094 offendere
1221 1050 1288 1095 non
1324 1034 1515 1107 formident,
1549 1039 1706 1115 tantoque

909 1127 1052 1188 validius
1068 1131 1184 1191 contra
1199 1132 1303 1191 Deum
1325 1133 1359 1193 et
1379 1133 1548 1194 ministros
1567 1137 1640 1212 ejus
1652 1136 1707 1195 in-

909 1227 1060 1302 surgunt,
1078 1229 1202 1304 quanto
1226 1229 1336 1288 minus
1351 1229 1450 1291 hodie
1465 1230 1634 1293 invenitur
1649 1233 1705 1309 qni

909 1339 944 1384 se
957 1323 1092 1401 objiciat
1104 1324 1232 1386 obicem
1248 1341 1308 1403 pro
1323 1327 1458 1399 eisdem,
1470 1328 1522 1390 vel
1537 1344 1596 1404 pro
1609 1329 1706 1392 domo

909 1421 1704 1500 Dominiseopponatascendentibusexadverso

910 1518 1005 1580 Unde
1027 1536 1098 1590 nos,
1115 1522 1171 1599 qui
1196 1538 1261 1584 non
1287 1539 1463 1600 possumus
1489 1523 1626 1586 cuilibet
1644 1541 1707 1601 pa-

909 1617 1005 1680 tienti
1018 1634 1084 1679 non
1097 1621 1251 1698 compati,
1268 1621 1302 1683 et
1314 1637 1390 1682 cum
1403 1621 1552 1698 quolibet
1565 1622 1708 1683 scanda—
1779 1635 1781 1640 '
1849 1707 1852 1721 Ι

907 1715 1029 1778 lizante
1038 1733 1103 1778 non
1114 1717 1375 1795 uri,perurimur
1385 1719 1526 1781 acrioris
1535 1721 1705 1797 sartagine

909 1813 1097 1877 caritatiset
1107 1815 1336 1876 vehementius
1345 1815 1590 1890 contristamur,
1604 1833 1705 1895 quum

909 1909 943 1969 in
960 1909 1081 1972 fratres
1105 1913 1138 1972 et
1161 1912 1374 1990 coepiscopos
1389 1913 1533 1982 nostros,
1545 1913 1602 1990 qui
1615 1915 1705 1975 tam-

909 2023 1007 2084 quam
1020 2009 1172 2084 digniora
1190 2009 1348 2071 Ecclesia
1363 2011 1423 2071 Dei
1438 2010 1586 2072 membra
1605 2011 1706 2073 debe-

909 2106 1134 2184 rentamplius
1147 2107 1317 2180 honorari,
1333 2108 1460 2171 malitia
1472 2124 1704 2186 perversorum

908 2203 1019 2263 acrius
1034 2203 1250 2277 incandescit,
1267 2205 1354 2267 sicut
1375 2221 1454 2282 erga
1478 2206 1703 2267 venerabilem

908 2299 1044 2362 fratrem
1078 2303 1227 2362 nostrum
1259 2303 1533 2365 Aurelianensem
1571 2303 1703 2380 episco-

909 2412 986 2474 pum
998 2397 1044 2478 (1)
1058 2396 1156 2478 [quod
1171 2399 1347 2461 referimus
1363 2417 1437 2462 cum
1452 2397 1579 2480 dolore]
1597 2416 1703 2477 nuper

908 2495 1095 2572 accepimus
1108 2513 1181 2558 esse
1194 2497 1315 2560 facium
1329 2520 1336 2558 :
1349 2497 1459 2560 oblata
1472 2498 1634 2576 siquidem
1646 2515 1704 2560 no·

907 2593 957 2654 bis
972 2595 1045 2673 eJus
1060 2595 1268 2673 querimonia
1290 2595 1472 2659 declaravit
1489 2597 1587 2673 quod,
1602 2612 1703 2674 quum

906 2693 1053 2753 ioannes
1075 2691 1116 2752 de
1136 2692 1326 2754 Aurelianis
1349 2693 1455 2765 miles,
1472 2692 1529 2771 qui
1553 2709 1614 2770 pro
1634 2694 1703 2754 suis

908 2789 1099 2850 excessibus
1123 2788 1165 2850 ab
1186 2791 1302 2852 eodem
1323 2789 1442 2852 fuisset
1467 2791 1704 2852 excomunica-

906 2887 1007 2948 tionis
1026 2904 1184 2950 mucrone
1203 2905 1392 2967 percussus,
1410 2889 1506 2950 miles
1521 2889 1594 2966 ipse
1615 2891 1704 2952 tam-

907 3001 1006 3061 quam
1016 2987 1162 3047 vesaniae
1175 2986 1294 3063 spiritu
1307 2987 1482 3059 excitatus,
1495 2987 1529 3047 in
1542 2987 1702 3049 ecclesias

907 3082 939 3144 et
954 3083 1123 3145 ministros
1133 3099 1249 3144 earum
1269 3083 1369 3161 coepit
1383 3083 1564 3146 crudeliter
1577 3083 1702 3146 debac-

906 3179 1011 3250 chari,
1028 3179 1238 3259 presbyteros
1249 3183 1305 3260 qui
1319 3183 1419 3243 latam
1436 3182 1470 3242 in
1485 3198 1560 3244 eum
1573 3181 1703 3242 denun-

906 3277 1039 3340 ciabant
1053 3279 1262 3349 sententiam,
1278 3280 1463 3356 deJiciendo
1477 3296 1498 3341 a
1513 3279 1582 3340 suis
1594 3278 1703 3357 turpi-

905 3377 957 3438 ter
982 3376 1157 3448 evecturis‚
1184 3379 1218 3438 et
1244 3379 1312 3438 tam
1338 3393 1440 3455 equos
1465 3394 1564 3455 quam
1590 3378 1703 3439 omnia

905 3473 992 3535 bona
1016 3491 1088 3544 sua,
1119 3474 1298 3537 confractis
1320 3475 1471 3536 domibus
1495 3475 1699 3546 eorumdem,

907 3571 987 3648 ipsis
1000 3573 1153 3650 nequiter
1167 3571 1348 3634 auferendo
1360 3595 1368 3648 3
1395 3588 1577 3649 manusque
1593 3571 1701 3634 sacri-

906 3670 997 3745 legas
1009 3669 1225 3731 nihilominus
1241 3669 1347 3730 adres
1362 3670 1568 3747 episcopales
1581 3669 1701 3732 exten-

906 3767 998 3839 dens,
1015 3767 1120 3844 ipsius
1136 3767 1283 3844 episcopi
1310 3767 1442 3828 domum
1464 3765 1505 3826 de
1518 3766 1701 3842 Astrepeto

905 3868 937 3928 et
963 3865 1123 3942 capellam
1155 3880 1214 3941 per
1242 3879 1320 3924 suos
1349 3863 1509 3925 satellites
1537 3863 1701 3924 violenter

905 3962 1051 4039 infregit,
1066 3961 1108 4035 et,
1123 3975 1190 4022 non
1206 3960 1336 4023 modica
1348 3959 1442 4038 parte
1452 3960 1613 4022 bonorum
1626 3977 1701 4040 quae

905 4057 1702 4138 inventafueruntibidemhostiliterdissipata,in

906 4159 1038 4220 domum
1051 4174 1145 4220 suam
1161 4161 1202 4219 cte
1213 4160 1368 4220 Glorioso
1378 4157 1506 4234 partem
1522 4156 1600 4219 fecit
1615 4157 1704 4219 resi-

905 4256 1005 4318 duam
1019 4255 1195 4334 asportari,
1205 4255 1376 4333 ruptisque
1388 4253 1521 4317 fossatis
1534 4255 1701 4333 praedictae

905 4354 1021 4416 domus
1036 4341 1185 4431 ejusdem
1206 4353 1364 4431 episcopi,
1379 4353 1484 4430 captis
1504 4353 1650 4430 piscibus
1669 4353 1704 4413 et

905 4451 1119 4528 consumptis,
1136 4465 1271 4518 cursum
1296 4450 1396 4512 fontis
1420 4449 1477 4528 qui
1494 4465 1624 4526 semper
1643 4448 1703 4509 de·

905 4549 1059 4622 fluxerat,
1084 4549 1119 4610 in
1141 4548 1265 4610 fossata
1280 4547 1450 4624 praedicta,
1467 4561 1509 4606 ne
1526 4546 1567 4607 de
1582 4545 1702 4608 caetero
1728 4579 1732 4586 -

906 4647 1115 4709 derivaretur
1141 4644 1274 4716 ibidem,
1298 4643 1340 4704 ab
1366 4644 1462 4705 alveo
1487 4659 1547 4704 suo
1566 4642 1701 4720 propria

905 4745 1092 4808 temeritate
1107 4742 1263 4805 divert't:
1281 4740 1348 4818 qui,
1368 4741 1408 4802 ad
1425 4757 1494 4802 suae
1515 4741 1701 4818 iniquitatis

906 4842 1129 4919 augmentum,
1147 4841 1301 4918 episcopo
1315 4839 1379 4916 ipsi
1394 4838 1435 4899 ad
1449 4841 1595 4900 castrum
1604 4854 1700 4898 suum

906 4941 992 5019 quod
1013 4940 1193 5002 Pitbucris
1216 4937 1427 5013 nuncupatur
1451 4936 1538 4998 ituro
1562 4935 1702 4997 insidias

907 5032 1705 5113 armatoruminviaposuit,quisaevireinperso-

908 5153 984 5197 nam
996 5138 1079 5213 ejus
1090 5136 1127 5196 ut
1138 5133 1295 5207 creditur,
1313 5131 1479 5204 sitiebant,
1496 5147 1578 5209 quos
1590 5133 1701 5193 tamen

907 5235 1080 5312 episcopus
1102 5233 1186 5309 ipse,
1205 5247 1286 5293 casu
1311 5229 1448 5292 fortuito
1468 5229 1508 5288 ad
1530 5227 1703 5304 cujusdam
1756 5297 1767 5312 ο

908 5333 1022 5395 militis
1049 5330 1250 5393 infirmantis
1273 5328 1499 5392 visitationem
1521 5325 1700 5398 divertens,

908 5431 1022 5492 divina
1041 5428 1234 5508 providente
1248 5426 1435 5498 clementia,
1450 5423 1640 5486 declinavit.
