3988 6308
264 387 325 449 319
866 381 1043 444 HONORII
1065 379 1111 442 111
1133 381 1282 444 OPERA.
1851 393 1898 456 320

261 549 342 611 tunc
355 547 485 610 Sanctae
500 543 616 608 Mariae
635 543 676 608 de
690 543 815 622 Aquino
829 542 969 606 diacono
984 559 1061 604 oar·
1114 540 1182 619 oia3
1212 541 1284 621 ipse
1317 541 1440 606 oblitus
1459 541 1629 610 fidelitatis
1655 548 1689 610 ei
1716 549 1847 624 debitae,
1870 569 1900 616 ac

263 646 378 720 dinali,
390 648 428 707 A.
444 647 477 706 S.
493 645 613 721 legate,
633 644 750 706 Sedem
763 643 986 720 Apostolicam
999 659 1060 720 ap-
1113 641 1280 718 tamquam
1297 639 1448 718 ingratus
1462 641 1700 709 beneficiorum
1711 651 1785 727 ejus
1802 651 1900 713 imme

263 744 429 824 pellasset,
442 743 563 806 nobilis
576 743 629 806 vir
642 742 690 804 S*
702 741 1057 814 comes'Montislortis,
1114 755 1197 813 mor,
1221 742 1415 819 provocavit
1442 743 1479 804 ut
1502 743 1744 808 demolirentur
1766 751 1853 810 muri
1876 753 1900 812 et

261 844 427 907 vassallus
453 845 541 922 ejus,
572 841 792 904 existentibus
828 840 914 918 apud
942 840 1059 904 Sedern
1113 838 1222 900 turres
1247 842 1319 917 eJ'us
1339 839 1495 914 civitatis,
1519 843 1646 906 scilicet
1664 843 1761 922 burgi
1778 847 1900 909 Narbo-

261 942 486 1020 Apostolicam
505 942 638 1003 nunciis
651 941 824 1019 utriusque
843 941 957 1018 partis,
974 957 1059 1002 con·
1115 952 1177 1010 nae,
1194 953 1269 998 cum
1282 939 1316 999 in
1331 953 1413 1017 pace
1437 955 1477 1002 ac
1499 941 1607 1017 gratia
1625 942 1779 1006 ecclesiae
1796 946 1901 1008 civitas

261 1153 304 1201 ne
327 1139 430 1200 alicui
447 1139 574 1201 volenti
598 1154 716 1216 parere
736 1138 876 1216 justitiae
900 1137 1059 1200 violentia
1115 1151 1222 1208 suum,
1246 1136 1372 1199 clerum
1388 1139 1421 1200 et
1435 1138 1592 1216 populum
1615 1144 1699 1219 ejus,
1724 1141 1902 1204 incursibus

260 1235 454 1307 inferretur,
480 1236 728 1299 contradicente
755 1236 1005 1314 archiepiscopo
1027 1237 1060 1298 et
1113 1233 1260 1296 bostium
1275 1234 1389 1297 taliter
1403 1237 1612 1314 exponend0,
1633 1238 1712 1301 licet
1725 1239 1799 1317 ipse
1812 1257 1901 1318 para-

259 1335 424 1398 offerente
440 1351 571 1397 omnem
581 1335 758 1413 Justitiam,
774 1335 940 1398 violenter
953 1335 1061 1397 intra·
1114 1333 1168 1394 tus
1193 1332 1281 1395 esset
1303 1349 1415 1395 coram
1439 1335 1604 1398 cardinali
1627 1337 1789 1415 praedicto
1818 1355 1904 1418 super

259 1433 310 1496 vit
321 1433 524 1507 Narbonem,
539 1434 582 1506 et,
595 1433 905 1511 accipiensanobili
919 1434 993 1496 viro
1006 1431 1059 1496 A:
1114 1429 1256 1508 objectis
1271 1432 1424 1494 omnibus
1438 1433 1528 1495 stare
1538 1435 1624 1512 juri3
1650 1436 1693 1509 et,
1710 1436 1764 1498 his
1782 1439 1904 1516 injun'is

259 1531 455 1594 vicecomite
481 1532 518 1593 in
544 1532 774 1610 praejudicium
810 1533 959 1611 ejusdem
998 1549 1058 1594 ar·
1114 1544 1181 1591 non
1194 1531 1379 1604 contentus,
1396 1547 1510 1594 muros
1525 1533 1627 1594 castri
1639 1536 1712 1612 ejus
1729 1534 1772 1596 de
1786 1537 1903 1614 Capra-

260 1630 476 1708 cbiepiscopi,
502 1631 538 1693 ut
557 1629 668 1693 verbis
691 1633 764 1709 ejus
784 1631 928 1705 utamur,
949 1631 1061 1693 alber-
1110 1627 1165 1689 ria
1176 1627 1254 1690 iecit
1266 1628 1365 1702 dirui,
1378 1630 1412 1691 et
1422 1629 1652 1693 vicecomitem
1671 1633 1902 1710 supradictum,

260 1745 348 1806 gam,
365 1729 475 1792 levato
492 1729 617 1792 vexillo
633 1745 693 1790 suo
710 1729 745 1791 in
765 1731 861 1803 turri,
876 1728 955 1792 iecit
970 1746 1060 1808 prae-
1114 1726 1298 1788 vassallum
1311 1729 1395 1805 ejus,
1413 1729 1503 1790 terra
1516 1745 1576 1790 sua
1592 1730 1626 1790 iu
1642 1746 1744 1806 grave
1757 1733 1907 1810 praeJudi-

261 1827 408 1890 conizari
434 1843 554 1889 nomen
582 1845 678 1890 suum
711 1829 807 1906 quasi
838 1845 898 1906 pro
924 1828 1057 1902 ducatu,
1114 1825 1202 1886 cium
1219 1825 1324 1902 ipsius
1339 1825 1583 1904 archiepiscopi
1602 1827 1771 1905 spoliavit,
1795 1831 1829 1892 et
1848 1833 1905 1892 tam

262 1939 360 2002 quem
385 1924 473 1985 idem
487 1923 757 2002 archiepiscopus
776 1925 976 2002 possidebat,
992 1941 1059 1987 nou
1114 1921 1240 2001 abipso
1255 1923 1450 1986 vicecomite
1464 1941 1564 2003 quam
1588 1926 1621 1989 et
1635 1927 1710 1988 aliis
1723 1927 1904 1990 hominibus

262 2023 370 2084 solum
385 2022 494 2096 ei,sed
507 2023 540 2084 et
548 2023 626 2084 Sedi
640 2024 839 2100 Apostolicae
853 2025 889 2085 iu
904 2023 967 2086 boc
981 2039 1061 2100 gra-
1114 2021 1293 2096 Narbouae,
1319 2023 1376 2100 qui
1404 2023 1493 2101 apud
1522 2027 1765 2087 carcassonam
1784 2026 1905 2090 obsides

259 2136 335 2182 vem
348 2121 506 2199 injuriam
521 2121 712 2198 irrogando.
733 2123 874 2200 Propter
888 2121 973 2199 quod
990 2137 1058 2183 sae-
1113 2118 1321 2192 tenebantur,
1326 2121 1516 2198 Juramenta
1530 2122 1698 2184 fidelitatis
1712 2123 1833 2186 debitae
1852 2126 1905 2202 ipsi

260 2219 1058 2298 pedictusarchiepiscopusineumexcommuni-

260 2317 402 2380 cationis
417 2317 616 2380 sententiam
639 2319 872 2396 promulgavit,
898 2319 931 2381 et
945 2319 1058 2380 villam

259 2416 364 2478 totam
394 2417 580 2494 supposuit,
610 2417 769 2495 quamdiu
803 2417 875 2495 ipse
909 2433 1058 2496 praesens

261 2515 359 2588 esset,
373 2514 600 2577 ecclesiastico
615 2515 791 2578 interdicto
806 2514 818 2596 (
843 2515 868 2596 ).

300 2612 391 2674 Idem
410 2613 521 2675 autem
536 2629 658 2687 comes,
674 2614 741 2676 lata
755 2615 790 2675 in
805 2630 881 2676 eum
894 2614 1058 2680 sententia

259 2710 426 2788 vilipensa
441 2711 617 2773 occasione
630 2712 666 2774 ut
680 2711 855 2775 videbatur
867 2714 1060 2791 appellatio-

259 2809 324 2881 nis,
356 2825 455 2886 quam
480 2807 551 2886 ipse
575 2809 616 2870 ad
644 2809 761 2870 Sedem
776 2812 999 2889 Apostolicam
1023 2829 1059 2875 se

260 2903 500 2985 interposuisse
540 2906 684 2981 dicebat,
731 2907 809 2971 licet
847 2909 1058 2974 frustratoria

260 3006 464 3076 crederetur,
496 3005 533 3068 ut
558 3006 653 3084 quasi
676 3007 811 3084 impune
837 3008 1056 3088 delinqueret,

259 3119 334 3166 cum
350 3103 528 3182 appellatio
543 3105 652 3183 potius
670 3105 713 3168 sit
730 3107 880 3184 oppressi
892 3108 1058 3186 retugium

258 3218 358 3280 quam
372 3202 534 3281 protectio
550 3203 791 3281 delinquentis;
813 3222 880 3268 non
900 3207 1007 3270 solum
1021 3210 1058 3270 in

257 3300 401 3362 ecclesia
421 3301 598 3364 interdicta
616 3301 730 3364 divina
752 3303 817 3364 sibi
835 3304 914 3366 iecit
934 3307 1054 3380 officia,

258 3397 346 3460 dicto
370 3398 618 3462 contradicente
643 3400 904 3481 archiepiscopo,
932 3404 1057 3468 temere

258 3494 432 3564 celebrari,
453 3496 588 3574 propter
613 3496 699 3574 quod
719 3497 807 3560 idem
826 3499 1056 3579 archiepisco-

258 3609 321 3672 pus
342 3595 464 3656 iterum
487 3597 788 3660 excommunicavit
810 3600 976 3676 eumdem3
997 3619 1058 3664 ve-

256 3708 331 3756 rum
354 3692 466 3766 etiam,
497 3693 608 3756 claves
644 3697 860 3758 contemnens
892 3700 1054 3774 ecclesiae,

257 3791 483 3854 communioni
498 3792 646 3854 fidelium
657 3793 692 3855 iu
703 3811 773 3856 suae
789 3797 906 3859 salutis
921 3797 1057 3877 dispen-

256 3888 347 3950 dium
362 3891 395 3952 et
404 3889 624 3968 plurimorum
641 3892 834 3955 scandalum
849 3911 885 3956 se
900 3897 1057 3959 commis-

255 3989 318 4060 cet,
336 4003 397 4048 nec
419 3987 529 4049 cessat
550 3988 674 4052 dictum
692 3991 980 4071 archiepiscopum
998 4013 1057 4057 su-

255 4101 315 4163 per
340 4085 497 4161 praedicto
531 4086 652 4148 ducatu
684 4090 831 4164 graviter
865 4092 1053 4156 molestare.

256 4181 413 4256 Quaedam
434 4182 535 4245 etiam
567 4185 677 4246 castra
707 4187 869 4263 ecclesiae,
900 4191 1057 4256 videlicet

254 4283 401 4358 Arpano,
418 4281 530 4342 Sancti
542 4282 740 4358 Marcellini,
757 4286 958 4362 Quillanum,
973 4291 1054 4352 Fou-

254 4379 387 4452 tesium,
404 4380 438 4441 et
451 4379 662 4442 medietatem
674 4385 714 4444 dc
735 4386 914 4460 Volaterrae,
932 4388 965 4450 et
975 4405 1055 4466 pro-

254 4479 372 4540 ventus
386 4477 572 4540 castrorum
599 4495 735 4542 suorum
749 4483 886 4546 Auriaci
901 4485 933 4548 et
946 4490 1051 4564 ans,

255 4575 376 4655 quibus
406 4577 475 4639 tam
490 4577 770 4654 praedecessorem
794 4584 865 4659 ejus
879 4600 977 4661 quam
996 4586 1052 4663 ip-

254 4689 326 4738 sum
341 4674 487 4737 indebite
503 4677 669 4754 spoliavit,
685 4680 800 4742 contra
813 4681 978 4758 Justitiam
990 4683 1052 4746 de-

252 4772 337 4835 tinet
351 4773 384 4836 et
393 4774 533 4836 reddere
543 4775 758 4854 contradicit3
772 4795 872 4858 super
883 4780 1052 4847 territorio

252 4871 354 4933 etiam
366 4871 468 4932 castri
477 4872 688 4936 Villaerubeae
698 4877 876 4954 temperse
887 4895 985 4957 quam
993 4897 1054 4958 per

253 4967 398 5030 nobilem
420 4968 531 5031 virum
555 4971 774 5036 castellanum
802 4975 843 5037 de
874 4978 1049 5055 Terminis,

252 5065 436 5128 vassallum
445 5083 553 5140 suum,
567 5069 752 5147 injuriosus
764 5073 871 5136 eidem
884 5077 917 5138 et
929 5078 1053 5140 moles-

251 5163 305 5228 tus
320 5163 481 5227 existens.

292 5265 472 5338 Praeterea,
489 5278 562 5324 cum
587 5261 675 5326 idem
689 5281 800 5330 comes
819 5269 862 5334 sit
881 5274 954 5350 ejus
968 5290 1049 5338 vas-

252 5361 367 5434 sallus,
385 5363 419 5424 et
430 5361 549 5425 debeat
570 5362 602 5425 ei
624 5379 698 5425 esse
719 5381 787 5427 non
807 5347 1048 5449 solum‘lidelis,

251 5460 309 5521 sed
325 5459 425 5522 etiam
441 5459 581 5542 devotus
603 5463 739 5541 propter
752 5463 903 5544 impensa
918 5467 1049 5534 bonell-

283 5675 296 5720 -'
317 5673 426 5732 Simon.

286 5747 295 5768 ·
314 5746 470 5806 Alrnerico.

1114 2217 1376 2296 archiepiscopo,
1407 2235 1446 2280 ac
1478 2220 1629 2297 pecuniae
1655 2237 1819 2282 summam
1846 2239 1903 2284 non
1978 2267 1979 2308 3

1114 2315 1288 2390 modicam,
1303 2317 1501 2395 extorquere
1516 2319 1737 2396 praesumpsit,
1751 2335 1791 2382 eo
1806 2320 1902 2384 inscio

1113 2416 1146 2476 et
1157 2413 1273 2486 invito,
1290 2415 1476 2488 intendens,
1497 2417 1597 2493 prout
1614 2419 1771 2496 apparuit
1785 2421 1902 2496 postea,

1113 2512 1162 2574 sic
1182 2511 1354 2590 subripere
1373 2513 1437 2575 sibi
1457 2514 1623 2587 ducatum,
1652 2532 1750 2594 quem
1777 2518 1904 2595 pacifice

1113 2610 1313 2688 possidebat.
1329 2611 1393 2674 Sed
1408 2613 1442 2674 et
1456 2629 1569 2676 muros
1585 2613 1691 2676 luteos
1712 2615 1833 2692 quibus
1845 2633 1903 2678 sae-

1113 2707 1262 2784 pedictus
1284 2706 1556 2786 archiepiscopus
1589 2709 1778 2796 interrupta
1800 2727 1904 2773 muro-

1112 2820 1186 2865 rum
1199 2804 1311 2866 claudi
1324 2804 1461 2876 iecerat,
1481 2823 1524 2868 ne
1545 2807 1633 2884 lupis
1654 2808 1707 2870 vel
1727 2808 1903 2872 latronibus
1978 2795 1979 2806 ’

1113 2902 1198 2964 liber
1219 2902 1348 2981 pateret
1376 2904 1485 2966 aditus
1518 2904 1561 2966 ad
1593 2907 1790 2981 nocendum,
1826 2907 1902 2968 idem

1113 3017 1223 3064 comes
1244 3002 1404 3079 praecepit
1426 3004 1459 3064 et
1483 3001 1562 3066 iecit
1586 3003 1751 3074 demoliri,
1773 3021 1846 3067 cum
1867 3005 1902 3066 sit

1112 3099 1211 3163 bomo
1226 3100 1481 3178 archiepiscopi,
1497 3102 1531 3164 et
1546 3102 1635 3164 totus
1653 3101 1779 3180 burgus
1792 3120 1831 3166 ac
1844 3119 1899 3164 me

1112 3197 1167 3259 dia
1182 3214 1259 3275 pars
1275 3197 1419 3261 civitatis
1432 3199 1474 3260 ad
1489 3199 1779 3278 archiepiscopum
1790 3201 1895 3279 ipsum,

1111 3295 1213 3358 immo
1231 3295 1273 3358 ad
1288 3297 1472 3360 Romanam
1489 3297 1672 3360 Ecclesiam
1697 3299 1826 3362 ratione
1850 3315 1898 3360 ar·

1112 3394 1389 3471 cbiepiscopatus,
1399 3395 1574 3473 pertineat,
1591 3397 1624 3460 et
1637 3396 1704 3458 alia
1715 3397 1896 3475 mediapars
1979 3409 1980 3444 1

1111 3491 1267 3555 videatur
1289 3493 1419 3555 ratione
1447 3493 1587 3557 ducatus
1615 3495 1657 3556 ad
1681 3497 1739 3572 jus
1761 3494 1896 3557 ecclesia

1111 3590 1291 3669 pertinere,
1306 3590 1341 3652 in
1354 3590 1406 3652 his
1424 3593 1457 3653 et
1475 3592 1511 3653 in
1530 3592 1607 3654 aliis
1632 3609 1755 3670 graves
1769 3594 1895 3672 iujurias

1112 3690 1144 3751 et
1158 3689 1279 3750 damna
1293 3687 1357 3750 sibi
1370 3690 1403 3752 et
1414 3689 1605 3752 bominibus
1618 3691 1688 3752 suis
1700 3708 1769 3754 nou
1779 3691 1894 3754 modica

1111 3787 1296 3850 inlerendo.

1151 3885 1314 3958 Quocirca
1337 3884 1532 3948 discretioni
1547 3887 1667 3948 vestrae
1686 3903 1747 3964 per
1772 3887 1894 3965 aposto-

1110 3983 1176 4046 lica
1188 3983 1312 4061 scripta
1328 3982 1524 4046 mandamus
1539 3985 1714 4063 quaterue,
1730 3985 1896 4062 archiepis·

1110 4098 1192 4159 copo
1208 4097 1308 4159 super
1322 4081 1374 4144 his
1393 4082 1513 4160 quibus
1536 4083 1698 4160 spoliatus
1720 4099 1795 4146 esse
1818 4083 1891 4145 dici-

1109 4181 1174 4254 tur,
1191 4180 1277 4242 sicut
1282 4180 1411 4258 justum
1417 4179 1528 4253 luerit,
1541 4181 1706 4256 restituto,
1720 4183 1889 4246 sententias

1109 4279 1201 4356 ipsas
1237 4277 1435 4341 confirmare
1462 4279 1516 4341 vel
1547 4279 1731 4354 infirmare,
1760 4279 1895 4359 appella-

1109 4377 1199 4440 tione
1214 4379 1353 4450 remota,
1370 4392 1542 4453 procures,
1561 4376 1647 4440 sicut
1661 4377 1792 4456 dejure
1806 4377 1893 4442 luerit

1108 4473 1307 4538 iaciendum.
1325 4478 1432 4551 Super
1443 4475 1520 4537 aliis
1535 4491 1614 4538 vero
1626 4492 1762 4539 causam
1776 4477 1890 4544 audias,

1108 4574 1184 4636 etsi
1199 4574 1239 4636 de
1254 4574 1399 4651 partium
1420 4573 1591 4637 voluntate
1613 4575 1825 4652 processerit,
1839 4591 1892 4651 ap·

1107 4673 1286 4750 pellatione
1319 4673 1481 4744 cessante,
1519 4670 1629 4735 debito
1656 4673 1721 4735 line
1757 4673 1891 4744 decidas;

1108 4770 1257 4848 alioquin
1281 4769 1389 4847 ipsam
1416 4769 1619 4832 sufficienter
1642 4771 1837 4835 instructam
1859 4767 1893 4830 ad

1107 4869 1256 4930 nostrum
1270 4868 1420 4929 remittas
1435 4883 1587 4941 examen,
1604 4869 1782 4946 praefigens
1796 4867 1891 4946 parti-

1106 4966 1169 5028 bus
1180 4966 1359 5029 terminum
1376 4965 1628 5044 competentem,
1651 4983 1716 5044 quo
1732 4983 1791 5046 per
1802 4981 1834 5028 se
1847 4963 1891 5026 vel

1106 5065 1244 5127 idoneos
1264 5065 1499 5142 procuratores
1516 5067 1643 5144 nostro
1665 5081 1702 5126 se
1723 5059 1890 5142 compectui

1105 5163 1356 5240 repraesentent,
1378 5163 1515 5240 justam,
1538 5162 1637 5224 dante
1658 5163 1806 5232 Domino,
1819 5175 1889 5222 sen-

1105 5261 1244 5324 tentiam
1254 5260 1448 5338 recepturae.
1458 5262 1703 5336 Testesautem,
1715 5263 1775 5324 etc.
1786 5261 1887 5322 Datum

1105 5359 1274 5432 Laterani,
1300 5358 1399 5421 nonis
1423 5359 1547 5432 martii,
1570 5359 1778 5438 pontificatus
1796 5352 1886 5420 nostri

1105 5473 1194 5521 anno
1209 5457 1327 5535 primu.

1037 5723 1042 5732 .
1140 5673 1180 5750 (c)
1201 5673 1274 5736 Vide
1284 5673 1379 5732 Gallia
1393 5673 1570 5745 Christ-iaco,
1581 5681 1601 5733 t.
1617 5689 1654 5746 n,
1667 5673 1772 5749 probat.
1781 5671 1829 5730 ool.
1843 5667 1884 5724 tr.
