3986 6304
16 439 17 448 ,
100 373 130 430 aa
708 362 1038 426 aristenetus.
1063 363 1088 424 1.
1681 371 1721 435 94

16 563 17 588 t
101 531 126 591 et
144 526 257 588 decano
284 524 317 586 et
344 522 579 586 archidiacono
605 521 868 586 coloniensibus.

16 679 17 684 ,
130 626 206 688 Item
223 622 502 699 Magdeburgensi
521 621 785 701 archiepiscope,
805 623 868 684 etc.

17 703 18 706 ¹
130 725 206 787 item
219 718 471 796 salseburgensi
486 719 749 798 archiepiscopo,
766 720 828 782 etc.

16 855 17 880 2
130 823 206 885 item
220 819 387 898 Lon-densi
402 817 665 896 archiepiscopo,
679 819 742 880 etc.

129 920 206 981 Item
223 916 491 994 archiepiscopis
516 916 548 978 et
566 915 788 992 suffraganeis
809 931 871 978 nec

100 1033 152 1080 non
165 1015 340 1092 magistris
360 1014 497 1076 decanis
518 1015 552 1077 et
572 1013 871 1092 archipresbyteris

99 1114 325 1193 provinciarum
360 1113 606 1186 Nidrosiensis‚
658 1112 869 1186 Ublasensis‚

100 1213 186 1292 (lepos
198 1209 420 1291 Upsalensis),
443 1211 654 1283 calaritanae,
670 1210 870 1283 Turritauae,

98 1309 280 1373 tibarensis.

413 1504 537 1592 LXVI

195 1661 248 1720 Ad
264 1659 530 1720 ambianensem
544 1659 752 1732 episcopum.

364 1761 400 1819 22
419 1773 486 1817 nov.
508 1760 589 1818 1116.

134 1887 246 1951 illapsa„
257 1884 302 1936 lib.
311 1885 331 1944 1,
342 1885 417 1950 epist.
428 1884 467 1935 til.
487 1885 547 1935 llss.
555 1885 671 1936 LaPorte
681 1883 717 1934 du
727 1882 821 1945 theth.

95 2003 264 2060 Ambianensi
273 2001 408 2076 episcopo
422 1998 600 2068 concedit‚ut
614 2015 699 2073 super
707 2000 875 2057 executione

123 2090 478 2164 oldchdispensetclericos
489 2105 550 2146 suae
564 2089 694 2158 diocesis,
708 2089 755 2161 qni
767 2103 816 2161 per
825 2101 874 2144 ex·

125 2175 874 2254 tmneoseplscoposseleceruntinpresbyterosordl·

123 2284 192 2339 nare,
200 2267 359 2327 dummodo
367 2267 403 2324 de
412 2282 511 2324 eorum
521 2266 698 2340 promotione
706 2265 874 2323 constiterit.

16 2413 17 2416 ¹
128 2384 300 2454 Honorius,
316 2384 392 2456 etc,
407 2381 592 2444 venerabili
605 2380 702 2443 tratri
720 2381 875 2459 episcopo

97 2482 277 2544 ambianen.

128 2581 170 2641 Ex
181 2581 275 2659 parte
289 2581 347 2642 tua
363 2577 426 2641 tuit
446 2577 570 2642 nostris
585 2576 722 2639 auribus
740 2575 878 2638 intima-

98 2677 162 2749 tum,
177 2678 265 2756 quod
281 2677 415 2756 quidam
431 2675 544 2738 clerici
562 2667 627 2737 tuae
642 2674 806 2748 dioecesis,
821 2673 877 2751 qui

16 2761 18 2798 ³
96 2778 199 2850 praeter
213 2791 391 2838 assensum
402 2776 496 2836 tuum
515 2789 575 2850 per
588 2774 767 2834 extraneos
782 2771 876 2849 epis·

97 2888 180 2948 copos
200 2889 240 2935 ac
264 2872 324 2934 tibi
339 2888 474 2949 prorsus
497 2871 628 2947 ignotos
654 2886 691 2931 se
714 2868 876 2940 lecerunt,

97 2970 342 3043 sicutasserunt,
356 2970 391 3031 iu
400 2969 610 3047 presbyteros
621 2967 782 3040 ordinari,
791 2967 877 3044 apud

96 3067 278 3144 teprecibus
293 3066 467 3129 indefessis
480 3066 648 3138 insistant,
661 3065 698 3126 ut
709 3081 766 3126 eos
780 3064 816 3125 in
830 3064 878 3126 sic

97 3167 243 3244 susceptis
259 3165 432 3227 ordinibus
444 3163 615 3241 permittas
628 3163 662 3224 in
673 3162 730 3224 tua
742 3161 878 3224 dioecesi

97 3263 290 3340 ministrare;
311 3266 347 3326 tu
362 3263 439 3325 licet
451 3262 584 3342 quidam
599 3276 641 3322 ex
657 3258 737 3338 ipsis
753 3275 877 3322 secun-

97 3359 160 3422 dum
171 3363 363 3441 opinionem
374 3362 466 3423 tuam
482 3360 549 3421 sint
562 3357 791 3420 misericordia
811 3371 878 3419 non

97 3457 220 3536 indigni,
235 3460 433 3536 dispensare
445 3459 556 3519 tamen
570 3471 644 3518 cum
659 3455 741 3532 ipsis
754 3456 880 3533 aliqua-

95 3557 177 3618 tenus
191 3557 345 3626 noluisti,
367 3555 431 3616 nisi
450 3570 550 3631 super
564 3553 627 3615 hoc
648 3554 771 3616 nostrae
786 3551 878 3630 prius

96 3655 247 3732 reciperes
263 3652 506 3730 beneplacitum
519 3651 711 3713 voluntatis.
727 3650 796 3712 Nos
809 3649 878 3726 igi-

95 3753 140 3811 tur
152 3753 190 3815 de
204 3750 450 3822 misericordia,
465 3765 539 3830 quae
550 3747 777 3825 superexaltat
787 3745 880 3824 judi·

96 3849 182 3922 cium,
195 3848 399 3912 fraternitati
409 3847 475 3910 tuae
485 3861 545 3924 por
556 3845 746 3923 apostolica
757 3843 879 3922 scripta

94 3948 292 4020 mandamus,
318 3947 480 4024 quatenus
507 3943 669 4021 inquisita
697 3957 798 4019 super
826 3941 878 4002 his

95 4043 280 4122 diligentius
300 4044 450 4116 veritate,
477 4043 505 4103 si
527 4042 588 4103 tibi
614 4041 654 4102 de
673 4040 879 4118 promotione

95 4144 271 4206 constiterit
287 4140 489 4212 eorumdem,
507 4140 573 4200 nisi
587 4137 785 4200 canonicum
800 4137 878 4215 quid

96 4238 233 4314 obsistat,
262 4257 338 4304 cum
362 4240 406 4301 iis
427 4253 528 4315 super
556 4236 753 4299 executione
778 4235 879 4297 oflicii

94 4340 282 4402 arebritate
295 4337 409 4399 nostra
429 4337 614 4414 dispenses.
632 4334 749 4395 Datum
764 4335 879 4398 Romae

94 4436 167 4510 apud
183 4438 343 4500 Sanctum
358 4436 504 4506 Petrum,
520 4433 551 4493 X
569 4431 730 4493 kalendas
745 4429 879 4492 decem-

93 4529 161 4606 bris,
177 4533 392 4612 pontificatus
408 4530 513 4594 nostri
528 4545 615 4591 anno
631 4527 749 4606 prImo.

410 4710 554 4798 LXVII

135 4869 185 4928 Ad
200 4869 366 4942 officiales
380 4865 559 4926 Remensts
571 4859 828 4934 archiepiscopi.

374 4969 408 5027 11
427 4981 493 5024 nov.
516 4965 594 5024 1116.

125 5084 244 5150 magam„
258 5085 304 5136 lih.
317 5085 338 5146 1,
348 5083 422 5149 epist.
434 5082 476 5132 ot.
488 5082 547 5132 llss.
559 5079 596 5132 Le
610 5079 685 5130 Porta
695 5077 729 5128 du
742 5077 837 5140 Tlreil].
888 5139 890 5144 Δ

93 5196 278 5270 deprehendit
291 5197 428 5256 olllcieles
443 5199 610 5264 Remenses,
631 5194 695 5266 quin
711 5190 877 5266 suspensio·

121 5290 163 5346 nis
174 5297 203 5345 et
220 5285 528 5346 excommunicationis
540 5282 696 5341 sententias
710 5282 738 5338 iu
751 5280 880 5338 subditos

121 5377 322 5435 Ambienensis
340 5375 468 5450 episcopi
488 5380 587 5432 contra
603 5371 742 5445 justitiam
758 5368 881 5443 promul·

121 5475 196 5537 gent,
213 5474 243 5525 et
258 5467 330 5524 alias
341 5467 370 5523 in
385 5464 483 5522 multis
494 5469 599 5520 vexent
613 5459 740 5518 cosdem.

126 5593 303 5667 Honorius,
329 5594 403 5665 etc,
429 5590 560 5653 dilectis
588 5585 787 5656 officialibus
811 5588 880 5648 Re-

95 5691 207 5754 mensis
220 5689 475 5770 archiepiscopi.

963 521 1159 586 Audivimus
1170 521 1256 602 quod
1266 524 1547 604 transgredientes
1561 530 1722 595 terminos

924 622 1722 700 praedeeessorumvestrorumtalceminmessem

925 719 1054 782 mittitis
1078 720 1235 794 alienam,
1259 721 1335 784 dum
1360 727 1588 802 suspensionis
1607 730 1640 791 et
1661 744 1723 792 ex-

925 817 1236 880 communicationis
1251 821 1434 883 sententias
1449 823 1484 884 tn
1498 823 1647 888 subditos
1657 841 1721 888 ve-

924 915 1083 977 nerabilis
1119 915 1232 979 fratris
1270 919 1377 980 nostri
1412 921 1453 982 N.
1489 921 1722 986 Ambianensis

927 1013 1074 1092 episcopi
1100 1014 1217 1076 contra
1236 1017 1401 1093 justitiam
1427 1020 1654 1098 promulgatis,
1675 1023 1724 1085 et

926 1111 1010 1173 alias
1033 1112 1069 1173 in
1104 1113 1219 1175 multis
1241 1099 1373 1176 vexatis
1397 1116 1541 1178 eosdem.
1566 1121 1722 1184 volentes

927 1211 1037 1272 autem
1051 1210 1230 1288 quemlibet
1252 1228 1326 1274 esse
1347 1229 1408 1275 suo
1419 1217 1496 1291 jure
1520 1217 1721 1293 contentum,

927 1308 1121 1370 discretioni
1149 1311 1269 1372 vestrae
1296 1326 1357 1388 per
1382 1313 1572 1390 Apostolica
1600 1317 1723 1394 scripta

927 1405 1135 1478 mandamus,
1159 1409 1322 1484 quatenus
1346 1411 1589 1486 praevenientes
1611 1429 1726 1476 emen·

929 1503 1248 1580 dationejudicium,
1269 1506 1310 1567 ab
1326 1506 1517 1584 hujusmodi
1539 1525 1727 1590 praesump-
1767 1557 1768 1562 .

927 1601 1018 1662 tione
1033 1601 1187 1675 cessetis
1209 1602 1358 1680 alioquin
1383 1603 1514 1668 dilectis
1535 1607 1613 1670 tiliis
1629 1609 1726 1670 Ursi-

929 1699 1037 1776 campi
1059 1698 1092 1761 et
1106 1700 1322 1778 longipontis
1337 1701 1511 1765 abbatibus
1526 1706 1723 1768 Noviomen.

929 1796 962 1858 et
977 1797 1189 1859 Suessiones.
1213 1797 1403 1871 dioecesum,
1421 1801 1453 1863 et
1475 1800 1600 1866 decano
1623 1805 1726 1868 Sues·

930 1893 1058 1956 sionen.
1081 1895 1198 1956 damus
1212 1897 1335 1958 nostris
1354 1896 1475 1960 litteris
1494 1899 1529 1960 in
1545 1902 1723 1976 mandatis,

930 1992 966 2053 ut
979 2007 1038 2053 vos
1053 1990 1166 2054 adhoc
1187 2008 1436 2071 percensuram
1451 1997 1723 2074 ecclesiasticam,

929 2089 1153 2166 appellatione
1177 2092 1316 2161 remota,
1331 2093 1456 2169 praevia
1479 2094 1609 2158 ratione
1635 2112 1727 2160 com-

930 2186 1065 2263 pellant.
1082 2188 1199 2250 Datum
1224 2191 1338 2252 Romae
1361 2191 1449 2267 apud
1474 2194 1508 2253 S.
1531 2195 1678 2266 Petrum,
1695 2197 1725 2256 X

931 2283 1091 2345 kalendas
1099 2283 1514 2364 decembris,pontitlcatus
1524 2290 1629 2352 nostri
1637 2305 1725 2352 anno

930 2381 1048 2459 primo.

971 2478 1041 2540 Illis
1055 2477 1214 2556 scriptum
1229 2481 1392 2560 estsuper
1405 2481 1482 2545 hoc.

1248 2700 1414 2792 LXVIII

931 2905 984 2965 Ad
1000 2905 1155 2966 abentem
1169 2907 1210 2967 dc
1226 2907 1361 2969 sichem
1377 2909 1613 2972 Alocrstaden.
1627 2914 1723 2974 dtaec.

972 3003 1233 3064 etdeNortesen
1243 3005 1399 3080 Maponi.
1408 3008 1504 3068 dtoee.
1515 3009 1550 3070 et
1560 3009 1727 3072 &lohan-

973 3101 1028 3160 nis
1042 3101 1317 3162 Atoerstcdensts
1325 3103 1543 3178 prepositos.

1226 3221 1262 3280 tl
1274 3237 1340 3279 nov.
1356 3223 1435 3282 1116.

933 3343 1112 3408 [wurdtweim
1129 3345 1200 3396 Nora
1216 3344 1330 3397 subsidia
1351 3346 1525 3412 diplomatica,
1543 3354 1562 3400 t.
1576 3350 1618 3410 lll,
1630 3365 1657 3415 p.
1666 3352 1719 3417 11].

933 3487 1024 3544 Breve
1047 3487 1166 3545 Honorii
1189 3503 1274 3561 super
1298 3487 1391 3548 danda
1416 3493 1599 3563 possessione
1631 3493 1724 3552 archi-

1036 3575 1205 3634 diaconatus
1218 3577 1247 3634 S.
1260 3576 1382 3635 Andreae
1397 3579 1426 3634 in
1441 3579 1627 3640 llildesheim.

972 3728 1140 3789 Honorius
1174 3729 1368 3806 episcopus,
1405 3747 1521 3792 servus
1556 3748 1727 3796 servorum

933 3824 1004 3896 Dei,
1021 3824 1150 3887 dilectis
1165 3824 1244 3886 filiis
1256 3825 1367 3888 abbati
1383 3825 1423 3888 de
1443 3827 1575 3890 Sichem
1591 3830 1728 3893 Alvers-

933 3922 1079 3985 tadensis
1101 3922 1198 3984 dloec.
1222 3924 1256 3985 et
1282 3923 1322 3985 de
1341 3925 1518 3988 Nortusen.
1541 3929 1725 4004 Maguutin.

934 4019 1029 4081 dioec.
1042 4021 1608 4087 etSanctiJohannisAlverstaden.
1639 4041 1727 4104 prae-

933 4118 1062 4195 positis,
1096 4119 1236 4181 salutem
1265 4121 1298 4182 et
1323 4121 1539 4198 apostolicam
1566 4123 1727 4187 benedic-

934 4216 1070 4278 tionem.

974 4315 1091 4375 Coram
1115 4313 1234 4377 dilecto
1256 4315 1326 4378 tilio
1351 4319 1377 4378 1.
1397 4316 1599 4382 subdiacono
1622 4322 1655 4383 et
1671 4335 1730 4384 ca-

932 4410 1065 4488 pellano
1091 4414 1216 4484 nostro,
1240 4429 1338 4490 quem
1361 4414 1468 4477 felicis
1489 4418 1729 4481 recordationis

934 4509 960 4569 1.
985 4510 1076 4585 Papa
1103 4509 1329 4586 predecessor
1351 4513 1465 4575 noster
1487 4514 1665 4591 praeposito
1689 4516 1730 4578 de

934 4606 1117 4668 Brunesvic
1136 4593 1215 4668 et'l.
1232 4608 1393 4669 canonico
1413 4609 1626 4673 ildesemensi
1648 4627 1730 4673 con·

935 4704 1083 4766 cesserat
1107 4703 1302 4778 auditorem,
1330 4706 1503 4782 proposuit
1529 4709 1727 4784 praepositus

934 4801 1146 4872 memoratus,
1185 4801 1272 4878 quod
1313 4802 1585 4866 archidiaconatu
1622 4807 1729 4870 sancti

933 4897 1073 4959 Andreae
1086 4898 1280 4960 ildesemen.
1295 4900 1446 4974 vacante,
1462 4903 1626 4978 quondam
1641 4903 1730 4966 Ilde-

934 4995 1095 5057 senensis
1108 4995 1282 5072 episcopus
1296 4997 1376 5058 tunc
1388 4998 1522 5061 vinculo
1536 5016 1730 5064 excommu-

934 5093 1111 5156 nicationis
1127 5093 1284 5156 astriotus
1298 5095 1607 5160 archidiaconatum
1619 5099 1728 5178 ipsum

934 5191 1021 5253 dicto
1043 5193 1082 5263 1.,
1105 5207 1179 5252 cum
1204 5191 1341 5270 dejure
1361 5195 1544 5272 nequierit,
1574 5197 1615 5259 de
1642 5197 1743 5261 lacto·

934 5289 1108 5362 concessit,
1123 5290 1209 5367 quod
1231 5307 1332 5368 quum
1347 5293 1556 5368 pervenisset
1570 5294 1611 5356 ad
1631 5309 1730 5358 aures

935 5387 1136 5448 venerabihs
1163 5387 1277 5450 fratris
1304 5388 1411 5451 nostri
1434 5391 1729 5468 magdeburgensis

935 5485 1176 5562 archiepiscopi
1187 5485 1361 5564 legationis
1373 5486 1482 5548 oficio
1494 5489 1572 5550 tunc
1584 5488 1730 5566 lungen-

933 5583 988 5654 tis,
1022 5581 1271 5646 concessionem
1307 5582 1413 5662 ipsius
1446 5585 1595 5664 episcopi
1630 5603 1732 5666 super

935 5679 1049 5742 eodem
1062 5681 1336 5744 archidiaconatu
1344 5681 1476 5759 justitia
1489 5684 1642 5760 exigente
1656 5701 1732 5748 cas·
