3996 6326
261 356 319 419 231
722 361 898 425 HONORII
920 363 965 422 111
980 359 1129 423 OPERA.
1144 389 1185 406 -
1206 361 1439 424 SERMONES.
1826 353 1872 428 232

262 517 463 580 Laurentius
477 518 543 582 eitr
564 518 721 583 Visiiavit
732 535 788 584 nne
799 502 977 584 01100000
990 519 1059 582 aiio
1111 519 1198 582 11000
1206 521 1410 598 perduravit,
1419 521 1873 608 utinteripsatormentachris

262 612 356 694 (Luc.
374 632 397 688 1,
413 613 478 696 78).
1112 619 1180 679 tum
1193 619 1368 681 Dominum
1384 635 1449 682 non
1471 619 1623 696 negaret;
1644 619 1699 682 sed
1713 619 1809 697 ipsum
1824 637 1872 699 po-

303 714 449 787 Quatuor
475 713 582 776 modis
607 714 756 779 visitarit
785 717 897 779 oriens
922 733 965 779 ox
990 715 1057 778 alto
1111 717 1224 779 tiusin
1240 719 1403 778 auxilium
1417 718 1596 791 invocavit,
1613 718 1779 780 sicutfeoit
1798 722 1873 782 iere-

260 811 392 874 beatum
413 813 630 876 Laurentium
646 836 654 874 ι
670 815 875 878 exhibitione
887 814 1055 893 praecepti,
1111 815 1205 876 mias.
1220 815 1366 888 Quicum
1379 814 1586 892 affligeretur
1599 830 1619 878 a
1633 816 1825 888 laiseinais:
1837 822 1874 878 10

261 910 439 988 asperitate
466 911 633 989 martyrii,
662 913 809 975 novitate
834 913 999 985 miraculi,
1025 913 1058 975 et
1110 915 1360 985 sets,Domine,·
1375 917 1562 976 recordare
1580 917 1659 986 niet,
1678 913 1775 976 visito
1792 916 1875 975 nnat

261 1008 481 1086 inspiratione
509 1008 634 1083 subtili,
663 1026 735 1088 quae
764 1010 831 1074 alio
859 1011 933 1074 loco
960 1011 1057 1088 plene
1111 1023 1251 1073 arnonae
1261 1015 1302 1072 01)
1310 1015 1364 1073 bis
1373 1015 1431 1084 qni
1437 1009 1874 1090 persequuntarmetleren.

259 1106 486 1184 exposuimus.
513 1108 568 1168 Sic
595 1108 753 1170 Dominus
776 1109 924 1188 quotidie
944 1109 1058 1172 visitat
1112 1123 1166 1180 xa,
1179 1105 1243 1186 15).
1256 1107 1349 1170 Unde
1360 1107 1477 1170 beatus
1493 1109 1701 1182 Laurentius,
1717 1125 1785 1170 cum
1798 1125 1874 1170 com-

259 1203 375 1267 ddeles
388 1221 478 1278 suos,
491 1205 527 1267 ut
537 1206 744 1285 postmodum
758 1207 951 1284 probeteos.
964 1205 1057 1268 Unde
1111 1204 1302 1278 burebatur,
1328 1205 1413 1267 dixit
1427 1227 1435 1265 :
1449 1209 1534 1283 Iane
1556 1221 1613 1268 nae
1630 1207 1834 1278 examinasti,
1851 1205 1876 1266 01

260 1303 407 1379 legitur:
434 1305 585 1366 Visiians
602 1308 757 1368 nomines
776 1308 920 1368 0111110010
943 1306 977 1367 et
992 1319 1056 1368 sn·
1111 1303 1247 1364 000001
1271 1304 1414 1365 inventa
1441 1319 1496 1365 me
1520 1307 1558 1366 in
1571 1318 1628 1365 rne
1648 1304 1802 1379 inanitas
1819 1301 1874 1383 (Ps.

259 1402 326 1464 bito
347 1404 499 1476 probans
521 1398 751 1483 eos(Jobr11,
774 1401 838 1483 18).
863 1404 975 1464 Primo
994 1403 1058 1464 ho-
1112 1402 1160 1472 16,
1172 1399 1218 1472 3).

259 1499 367 1561 mines
381 1499 496 1562 visitat
509 1515 570 1577 per
584 1500 695 1563 carnis
710 1501 983 1579 assumptionem,
999 1517 1057 1562 se·
1151 1497 1364 1576 Quadruplex
1378 1500 1429 1562 est
1442 1499 1569 1577 species
1584 1499 1684 1577 ignis,
1698 1515 1758 1578 quo
1770 1496 1877 1559 exami-

259 1597 368 1660 oundo
402 1613 463 1676 per
493 1597 585 1661 vocis
619 1598 774 1661 humanae
802 1600 1054 1671 correctionem,
1111 1600 1233 1658 nentur
1253 1596 1374 1658 animae
1393 1596 1585 1670 electorum,
1609 1597 1777 1669 videlicet,
1798 1611 1877 1674 poena

259 1695 356 1758 tertio
390 1711 450 1773 per
490 1697 607 1772 gratiae
642 1696 865 1759 collationem.
903 1696 1056 1760 Diluculo
1110 1694 1313 1772 temporalis,
1326 1694 1468 1771 Spiritus
1477 1695 1723 1772 Sanctus,ignis
1734 1694 1878 1772 postmor-

258 1809 389 1872 quoque
403 1793 562 1856 Dominus
573 1794 697 1868 visitat,
715 1811 788 1856 oum
809 1795 934 1856 erroris
950 1795 1057 1857 nostri
1109 1792 1175 1854 tem
1191 1793 1228 1853 in
1241 1793 1447 1870 purgatorio,
1457 1793 1490 1854 et
1504 1793 1591 1870 ignis
1605 1793 1641 1854 in
1653 1792 1878 1871 judicioPoena

257 1892 413 1954 tenebras
424 1909 493 1954 suae
509 1891 584 1955 luce
596 1893 796 1970 cognitionis
811 1893 969 1956 illustrat.
986 1895 1056 1954 Hoc
1109 1888 1283 1967 temporali
1298 1889 1533 1952 examinantur
1547 1889 1679 1964 animae,
1692 1890 1765 1968 quie
1775 1887 1879 1966 patien-

258 1990 355 2053 modo
382 1991 532 2053 visitavit
563 1991 682 2053 Daniel
710 1994 898 2054 suzannam
932 1990 1056 2070 injuste
1109 1987 1156 2048 tia
1168 1987 1363 2049 tentationis
1376 1988 1409 2050 et
1422 1987 1665 2066 persecutionis
1678 1987 1769 2066 parat
1781 1986 1880 2048 01000-

258 2088 460 2161 damnatam,
477 2088 610 2166 quando
629 2105 649 2151 a
669 2090 785 2151 mortis
809 2090 1055 2166 periculoeam
1110 2099 1226 2146 ronam
1246 2085 1335 2147 vitae.
1352 2086 1399 2146 De
1410 2086 1593 2148 tentatione
1606 2085 1655 2148 ait
1669 2085 1779 2146 beatus
1798 2086 1881 2146 Jaco-

257 2186 423 2259 liberavit,
433 2187 532 2265 juxta
546 2187 909 2264 consiliumsapientiae
924 2187 959 2248 in
972 2188 1056 2248 Pro-
1110 2182 1171 2243 bus
1186 2204 1193 2243 :
1220 2184 1350 2245 Beatus
1373 2186 1431 2244 eir
1456 2187 1514 2258 ani
1538 2185 1665 2260 satim
1679 2183 1879 2245 tentationem

255 2284 403 2346 verbiis:
425 2289 534 2360 Eripe
553 2301 633 2346 earn
653 2289 712 2359 qni
735 2286 875 2346 damian
895 2289 940 2346 aa
960 2299 1057 2346 neor-
1109 2284 1281 2356 quereiam,
1314 2296 1393 2342 cam
1422 2281 1589 2357 probatus
1616 2283 1736 2358 Deerit,
1760 2276 1880 2354 accipiet

257 2384 336 2455 tem,
353 2384 387 2444 et
401 2385 459 2458 pai
480 2382 671 2444 trabuntur
687 2386 732 2444 ani
745 2385 950 2458 suppliciam
968 2386 1053 2445 iibe-
1108 2393 1273 2441 coronam
1289 2380 1381 2451 vitoe,
1398 2395 1501 2454 param
1524 2371 1726 2454 repromisit
1740 2382 1823 2440 Dens
1834 2378 1881 2436 oi-

255 2495 340 2542 rare
354 2480 674 2560 1100000000(Ρο00.
695 2495 788 2552 xxrr,
812 2477 876 2556 11).
902 2480 1054 2543 Diluculo
1109 2479 1290 2552 liuentibus
1309 2491 1347 2538 ae
1367 2473 1452 2556 (iac.
1473 2493 1497 2550 1,
1524 2475 1587 2556 12).
1612 2479 1659 2538 De
1675 2475 1881 2554 persecutione

256 2579 371 2640 visitat
391 2579 425 2640 et
436 2577 544 2639 subito
566 2577 694 2654 probat,
711 2579 790 2655 quia
811 2581 845 2639 et
867 2577 1054 2640 accedendo
1108 2574 1230 2650 legitur
1241 2574 1276 2635 in
1289 2573 1469 2650 Evangelio
1483 2596 1491 2635 :
1503 2575 1604 2636 Beati
1620 2579 1682 2649 qui
1689 2573 1883 2648 persecutio-

257 2675 358 2738 corda
374 2676 488 2737 nostra
508 2675 549 2736 ad
564 2675 704 2736 virtutes
726 2675 890 2753 provehit,
912 2676 1056 2737 010000-
1109 2687 1188 2734 nem
1200 2672 1384 2747 patiantur
1393 2673 1731 2748 propierjnstitiam,
1742 2671 1882 2746 qnoniam

257 2772 366 2834 dendo
380 2771 538 2834 contundi
549 2772 732 2834 tentatione
750 2770 928 2849 permittit;
943 2772 976 2836 ct
992 2771 1054 2834 hoc
1109 2773 1265 2844 ipsoram
1292 2770 1344 2830 est
1366 2785 1515 2845 repetam
1534 2775 1703 2832 coetorum
1722 2767 1840 2849 (Matth.
1853 2780 1881 2835 r,

257 2872 311 2930 est
325 2868 465 2930 mutatio
479 2868 626 2930 dexterae
641 2867 786 2930 Excelsi.
1110 2864 1173 2945 10).
1200 2859 1326 2943 Spiritu
1353 2868 1473 2928 Sancto
1495 2868 1746 2939 examinantur,
1771 2862 1883 2943 quando

298 2965 466 3028 Laudibus
485 2965 629 3044 propriis
646 2965 779 3043 probat,
800 2964 931 3043 qrmndo
942 2966 1053 3044 justus
1109 2978 1168 3040 per
1182 2963 1438 3026 illustrationem
1451 2966 1523 3042 ejus
1536 2965 1658 3027 animm
1670 2963 1884 3042 accipiuntno

258 3063 791 3142 10010100000000100100001,
806 3063 1054 3126 doletdelaude
1108 3078 1183 3123 vam
1198 3061 1394 3124 claritatem.
1410 3062 1503 3124 Unde
1531 3062 1692 3125 Dominus
1704 3063 1739 3123 in
1753 3063 1885 3133 Evange-

258 3177 330 3224 sua.
355 3161 449 3223 Unde
467 3161 647 3238 Gregorius
669 3160 704 3223 in
723 3161 906 3224 Moralibus
918 3179 953 3223 :a
966 3165 1053 3224 Lens
1109 3159 1154 3222 lio
1174 3182 1182 3221 ε
1201 3162 1322 3237 Ionem
1338 3163 1419 3222 aeni
1431 3161 1572 3223 mittere
1586 3163 1623 3222 in
1645 3161 1789 3231 terram,
1803 3154 1882 3225 idest,

259 3276 319 3321 sua
344 3260 453 3336 Justos
483 3259 673 3332 excruciat,
703 3258 862 3337 reprobos
893 3260 1051 3335 laetitlcat,
1110 3256 1884 3336 80101100800010000100100010,01010101·-

259 3357 316 3419 sed
334 3360 443 3436 justos
473 3357 551 3420 dum
580 3357 726 3426 cruciat,
753 3359 887 3434 purgat3
921 3357 1054 3437 iniquos
1108 3352 1454 3436 deoi(Luc.x11,49).
1471 3348 1884 3433 lgnepurgatorioexami·

259 3455 337 3516 dum
366 3454 523 3528 laetificat,
545 3454 703 3532 reprobos
732 3454 987 3518 demonstrat.»
1015 3455 1057 3518 Et
1109 3453 1242 3522 uantur,
1258 3453 1390 3531 quando
1413 3453 1488 3532 post
1512 3454 1652 3516 mortem
1676 3469 1696 3515 a
1724 3447 1884 3514 levioribus

260 3552 415 3614 Salomon
443 3553 479 3615 in
508 3551 728 3615 Proverbiis:
759 3553 855 3615 Sicut
885 3552 1055 3628 probatur
1109 3551 1370 3630 peccatisinillo
1379 3553 1564 3630 purgantur
1577 3551 1700 3614 animae
1711 3549 1884 3614 electorum.

257 3655 294 3713 io
305 3651 508 3725 conflatorio
519 3651 715 3728 arperitam,
733 3651 768 3713 ei
781 3652 971 3726 informare
985 3667 1054 3714 an·
1111 3649 1203 3712 Unde
1216 3650 1393 3726 Apostolus
1410 3670 1417 3711 :
1431 3652 1470 3712 Si
1481 3653 1677 3726 enarmonica
1691 3647 1826 3718 arserit,
1838 3643 1885 3705 id-

256 3763 359 3821 rnnn,
386 3751 437 3809 sic
468 3748 639 3822 probatur
663 3750 764 3810 borno
794 3760 855 3808 ere
881 3746 1054 3808 1000100110
1108 3749 1169 3820 001,
1184 3745 1213 3806 01
1228 3747 1302 3824 quis
1325 3747 1443 3810 iecerit
1467 3746 1602 3825 aliquod
1623 3747 1698 3810 leve
1719 3744 1884 3826 peceatum,

257 3844 372 3924 (Prov.
402 3860 507 3917 xxvn,
534 3843 600 3924 21).
625 3845 748 3906 Beatus
770 3844 883 3923 itaque
905 3845 1055 3908 Lauren·
1110 3844 1195 3906 unde
1210 3846 1437 3922 postmortem
1458 3846 1627 3924 purgetur,
1658 3842 1887 3908 detrimentum

257 3943 335 4015 tius,
353 3945 448 4020 quus
462 3941 561 4003 hodie
583 3941 745 4003 solemnia
759 3941 975 4015 celebramus,
1001 3941 1054 4002 his
1103 3945 1361 4018 panteneiae
1372 3944 1667 4020 purgatorioione
1676 3941 1887 4020 paraaoiian

256 4039 365 4102 tribus
391 4039 498 4100 modis
534 4038 692 4117 probatus
725 4041 785 4100 est.
811 4039 973 4101 Probatus
1002 4040 1055 4103 est
1109 4044 1181 4116 ipse
1206 4041 1325 4103 oaiem
1337 4045 1454 4103 001000
1482 4041 1561 4113 erit,
1588 4045 1637 4103 sic
1666 4033 1888 4113 ramaneant

258 4138 348 4200 enirn
363 4136 546 4208 beneflciis,
572 4125 715 4212 flagellis
739 4135 772 4198 et
791 4135 945 4198 laudibus
971 4151 1053 4214 pro·
1105 4136 1341 4218 peripnemtl
1366 4140 1440 4200 Cor.
1454 4153 1504 4212 111,
1529 4135 1593 4218 15).
1619 4140 1699 4215 Igne
1721 4131 1888 4215 injudicio

258 4235 353 4314 priis.
377 4233 564 4306 Beneficiis,
581 4233 659 4310 quia
673 4249 748 4294 cum
763 4235 951 4311 assumptus
966 4237 1055 4297 esset
1109 4236 1354 4308 examinantur,
1369 4236 1448 4314 quia
1460 4236 1495 4297 in
1516 4235 1661 4299 adventu
1675 4237 1801 4300 iudicis
1812 4230 1888 4309 ignis

258 4335 294 4395 in
308 4332 600 4395 archidiaconatus
615 4329 737 4404 officio,
754 4333 787 4394 01
807 4330 965 4395 Ecclesia
979 4333 1055 4395 the-
1108 4333 1279 4397 comburet
1292 4334 1466 4406 elementa,
1489 4333 1525 4394 in
1542 4348 1608 4412 quo
1629 4334 1718 4410 igne,
1735 4333 1847 4396 timore
1860 4325 1887 4389 et

258 4447 376 4495 sauros
391 4428 538 4502 haberet,
557 4443 622 4491 non
646 4430 743 4508 quasi
758 4430 897 4507 cupidus
911 4429 964 4492 vel
978 4447 1053 4492 am·
1107 4431 1227 4494 ardore
1237 4431 1466 4510 purgabuntur
1483 4431 1591 4494 electi.
1608 4433 1655 4494 De
1670 4449 1735 4510 quo
1757 4431 1831 4508 igne
1842 4425 1887 4488 di·

257 4529 398 4592 11110000
411 4528 549 4590 honoris
564 4527 701 4590 retinuit
722 4527 797 4600 sibi,
812 4527 868 4588 sed
883 4528 1051 4606 dispersit,
1108 4532 1153 4592 011
1167 4529 1344 4592 Psalmista
1366 4533 1535 4608 01001010
1553 4531 1737 4604 conspectu
1750 4533 1888 4604 010000-

257 4629 348 4691 dedit
370 4626 583 4705 pauperibus.
609 4627 695 4688 Nam
720 4625 912 4704 dispergere
932 4625 1054 4689 dicitur
1107 4628 1196 4691 debit
1212 4626 1344 4709 (Pseu
1360 4625 1407 4707 3).

258 4728 293 4790 10
309 4727 458 4790 diversas
473 4725 586 4803 partes
602 4724 672 4786 suis
688 4723 829 4786 diversis
839 4723 945 4786 modis
958 4741 1054 4802 spar-
1146 4725 1267 4788 Beatus
1279 4725 1383 4812 igitur
1396 4725 1595 4788 Laurentius
1621 4725 1829 4788 examinatus
1847 4719 1890 4782 est

257 4825 347 4902 gere,
365 4824 496 4902 quando
509 4822 675 4896 videlicet,
693 4819 833 4883 diversis
853 4822 1053 4900 pauperibus
1107 4823 1184 4900 igne
1198 4810 1439 4901 persecutionis
1454 4823 1487 4885 et
1501 4823 1580 4899 igne
1594 4821 1784 4886 dilectionis
1798 4844 1806 4882 ε
1822 4821 1890 4895 igne

259 4921 478 4984 distribuitur.
487 4923 527 4984 Et
535 4921 610 4982 ideo
617 4919 715 4998 juxta
726 4919 939 4981 Psalmistam
953 4922 1055 4982 0100-
1107 4921 1348 4998 persecutionis
1369 4921 1404 4982 in
1426 4936 1575 4998 corpore,
1599 4923 1632 4984 01
1653 4922 1732 4999 igne
1746 4917 1890 4982 dileetio-

259 5020 337 5082 iitio
360 5022 436 5092 0100
455 5018 573 5080 manet
594 5021 631 5078 in
654 5022 819 5080 secanam
840 5021 958 5080 sacen
981 5015 1049 5098 (Ps.
1108 5019 1160 5080 nis
1186 5019 1220 5080 in
1244 5019 1353 5081 corde.
1377 5018 1522 5082 Ardebat
1545 5019 1633 5080 enim
1659 5019 1800 5082 interius
1813 5013 1890 5093 ignis

260 5119 329 5189 110,
351 5114 398 5195 3).
420 5114 583 5176 Probatus
605 5114 655 5176 est
675 5113 776 5176 etiam
801 5113 954 5190 flagellis,
975 5115 1053 5192 quia
1108 5116 1240 5189 amoris,
1257 5116 1313 5194 qui
1324 5115 1542 5193 refrigerabat
1555 5117 1704 5179 exterius
1719 5117 1828 5194 ignem
1840 5126 1891 5173 ar·

258 5214 321 5276 luit
334 5212 486 5275 reclusus
498 5211 533 5272 in
543 5226 688 5285 carcere,
696 5210 925 5289 scorpionibus
934 5228 1051 5286 oaesus,
1107 5214 1208 5276 doris.
1226 5213 1315 5290 Ignis
1330 5213 1470 5276 interior
1491 5213 1665 5290 mitigabat
1688 5213 1889 5276 exteriorem.

257 5313 385 5375 catenis
399 5312 541 5382 vinctus,
554 5308 696 5370 fustibus
707 5307 907 5386 flagellatus,
919 5309 1053 5372 laminis
1108 5313 1196 5390 Ignis
1212 5327 1291 5374 vero
1312 5311 1395 5374 solet
1409 5311 1450 5373 ab
1473 5312 1550 5388 igne
1565 5311 1724 5389 mitigari,
1741 5311 1826 5374 sicut
1836 5321 1891 5384 pa·
1962 5375 1963 5386 ἵ

256 5410 371 5488 ignitis
382 5408 530 5481 adustus,
542 5405 722 5486 plumbatis
729 5409 928 5482 maceratus,
945 5408 981 5469 in
996 5425 1055 5470 ca·
1107 5412 1154 5473 tet
1174 5408 1341 5488 perillum
1356 5409 1412 5487 qui
1433 5409 1524 5471 coxit
1534 5425 1668 5472 manum
1683 5409 1717 5470 in
1739 5409 1825 5486 igne,
1842 5398 1891 5481 qui
1962 5469 1963 5496 ,

256 5509 345 5572 tasta
363 5509 550 5585 protensus,
572 5503 737 5584 lapidibus
757 5505 926 5580 contusus
950 5506 1053 5569 furcis
1107 5507 1148 5569 ad
1173 5507 1413 5583 mitigationem
1441 5508 1562 5570 iterum
1584 5507 1676 5585 ponit
1703 5519 1836 5568 menum
1855 5495 1891 5559 ad

257 5621 478 5686 compressus,
494 5607 527 5669 et
540 5603 673 5668 tandem
696 5603 838 5666 dammis
853 5605 996 5666 assatus.
1016 5607 1053 5666 ln
1107 5605 1228 5682 ignem.
1241 5603 1331 5682 Ignis
1344 5605 1484 5667 interior
1499 5603 1672 5682 mitigabat
1686 5603 1888 5666 exteriorem,
1962 5601 1963 5662 J

257 5705 377 5786 quibus
392 5705 543 5768 omnibus
557 5705 626 5768 tam
644 5701 740 5767 tortis
762 5703 882 5780 extitit,
905 5703 973 5766 tam
992 5718 1054 5781 pa·
1107 5702 1164 5764 sed
1188 5701 1276 5778 ignis
1302 5700 1449 5764 exterior
1474 5700 1675 5765 accendebat
1696 5699 1889 5762 interiorem.
1962 5727 1963 5790 l
