3984 6306
79 369 144 430 305

78 527 163 590 tiam
192 525 422 605 perducerent.
452 527 647 592 Muniuntur
676 545 755 606 ergo
781 531 881 594 corda

78 625 320 704 discipulorum
343 641 362 686 a
378 627 529 700 Domino,
545 627 707 704 quatenus
729 644 803 690 cum
817 644 880 690 ve-

80 725 172 786 nerit
190 724 274 785 hora
302 725 545 801 persecutionis
569 740 695 798 eorum,
721 727 873 788 reminis-

80 823 202 883 cantur
217 821 289 883 haec
310 821 374 883 sibi
397 821 501 884 fuisse
525 823 694 899 praedicta,
722 828 755 885 et
774 824 881 886 levius

80 919 192 980 ierant
206 934 280 995 quae
296 918 360 979 sibi
387 918 428 980 ab
446 919 558 996 impiis
579 920 681 997 impie
701 921 788 982 mala
808 920 881 981 iue-

80 1017 151 1079 rint
165 1017 325 1092 irrogata,
343 1017 420 1094 quia
435 1017 545 1078 miuus
560 1018 647 1078 mala
666 1017 790 1080 feriunt
807 1035 880 1096 quie

80 1113 317 1192 praevidentur.
340 1113 396 1176 Ait
416 1130 495 1191 ergo
511 1117 671 1177 Dominus
688 1138 695 1177 ε
712 1120 799 1180 Ecce
820 1132 880 1193 eqo

80 1213 182 1274 mitto
207 1227 268 1274 vos
292 1213 382 1274 sicut
408 1227 489 1276 coes
514 1217 552 1276 iri
574 1217 686 1278 medio
709 1220 878 1288 leporum.

81 1312 117 1370 ln
140 1308 205 1371 hoc
227 1311 375 1387 apparet,
402 1311 488 1388 quod
514 1311 609 1373 multi
628 1312 725 1373 erant
741 1311 822 1388 lupi,
849 1313 881 1374 et

80 1422 198 1483 paucae
226 1408 322 1470 erant
349 1423 444 1481 oves,
480 1409 558 1486 quia
588 1425 655 1470 non
688 1409 759 1486 lupi
786 1409 880 1472 missi

78 1504 160 1566 sunt
184 1505 220 1566 in
245 1505 352 1567 medio
381 1507 504 1579 ovium,
527 1507 585 1568 sed
609 1523 688 1568 oves
714 1507 750 1568 in
771 1507 879 1568 medio

77 1602 244 1679 luporum.
272 1603 409 1675 Quando
434 1603 497 1665 hoc
521 1603 645 1666 dictum
673 1603 751 1677 suit,
781 1605 880 1682 pauci

79 1703 179 1762 erant
193 1701 341 1777 Apostoli
363 1702 395 1764 et
415 1701 527 1764 Sancti
542 1702 583 1763 ad
599 1702 879 1779 comparationem

78 1799 230 1875 gentium
254 1798 511 1866 incredularum.
536 1801 716 1878 Propterea
736 1801 880 1864 ostendit

76 1896 286 1973 paucitatem
308 1895 418 1958 ovium
434 1897 467 1959 et
480 1911 598 1974 greges
622 1897 784 1975 luporum,
802 1900 879 1976 quia

77 1993 174 2055 scitis
200 1994 234 2055 et
257 1992 342 2056 bene
366 1994 459 2057 scitis
487 1996 702 2072 utrorumque
725 1998 878 2058 naturam

76 2092 193 2153 ovium
214 2092 248 2154 et
271 2091 435 2168 luporum.
468 2093 682 2156 Considerate
712 2094 877 2156 severita-

77 2195 145 2251 tem
165 2190 199 2250 et
219 2189 446 2252 crudelitatem
469 2190 634 2268 luporum,
657 2191 744 2253 idest
762 2208 878 2269 perse·

77 2289 250 2359 cutorum,
279 2288 312 2349 et
344 2287 591 2364 simplicitatem
621 2290 654 2352 et
684 2289 877 2366 patientiam

77 2385 203 2457 ovium,
220 2384 307 2446 idest
317 2385 548 2462 Apostolorum
559 2385 592 2448 et
602 2386 877 2448 christianorum.

75 2482 140 2553 Qui
158 2482 202 2544 ad
224 2482 416 2558 patiendum
435 2483 502 2557 itis,
523 2484 716 2562 patientiam
732 2485 764 2546 et
781 2484 880 2546 inno-

77 2581 222 2642 centiam
239 2581 411 2642 custodite.
425 2582 500 2642 Non
514 2598 574 2644 vos
588 2582 784 2655 defendatis,
801 2583 878 2661 quia

77 2693 158 2740 oves
168 2678 263 2750 estis,
281 2679 484 2741 saeviant'illi
497 2680 553 2756 qui
566 2681 636 2756 lupi
646 2682 733 2742 sunt.
752 2681 878 2743 Idcirco

77 2775 206 2836 veritas
220 2775 268 2837 ait
284 2797 292 2835 ε
307 2777 420 2838 Nolite
438 2777 561 2839 timere
575 2792 635 2841 eos
647 2782 705 2852 qttt
723 2778 880 2841 occidunt

78 2888 216 2948 corpus,
233 2876 390 2940 animum
407 2875 526 2937 cirtem
540 2889 609 2938 riou
626 2877 773 2951 possunt
789 2880 879 2938 occi·

77 2974 171 3042 dere,
189 2973 252 3033 sed
264 2975 354 3034 huuc
368 2973 485 3036 timete
503 2977 563 3048 qui
580 2977 735 3036 ariorum
754 2974 788 3034 et
802 2989 880 3036 cor-

76 3085 142 3142 pus
154 3069 269 3142 potest
282 3070 422 3132 mittere
436 3073 473 3131 iu
487 3075 679 3147 cebennam
696 3069 826 3149 (Matth.
843 3089 877 3144 x,

80 3165 146 3244 28).
162 3166 248 3238 Quid
259 3167 347 3229 euim
360 3167 516 3230 timerent
529 3169 579 3230 ire
592 3168 681 3236 inter
690 3169 785 3246 lupos
805 3186 879 3230 cum

80 3264 203 3340 quibus
221 3266 294 3326 erat
312 3281 429 3340 agnus,
451 3265 609 3343 quiricii
632 3267 756 3344 lupum,
781 3267 876 3335 idest,

80 3361 270 3424 diabolum?
283 3363 376 3424 Unde
386 3365 511 3426 ueritas
523 3365 570 3428 ait
587 3387 594 3424 ε
611 3367 879 3428 Ecceoobiseum

79 3475 160 3522 sum
175 3465 332 3524 omuibus
346 3465 463 3524 diebus
476 3477 584 3537 usque
598 3465 643 3524 cd
657 3477 878 3526 cousumma-

80 3559 211 3620 tionem
230 3563 348 3622 secuit
376 3558 507 3638 (Matth.
532 3575 652 3632 xxviii,
673 3559 738 3640 20).
759 3560 880 3623 Vobis-

78 3671 155 3716 cum
168 3672 241 3717 sum
260 3657 427 3733 protector
438 3658 474 3718 in
485 3657 756 3721 tribulationibus
770 3660 803 3721 et
816 3659 878 3720 ad-

77 3755 172 3828 jutor
194 3755 230 3815 in
253 3753 350 3816 bonis
372 3755 539 3832 operibus,
562 3757 599 3818 ut
618 3756 654 3824 in
679 3757 878 3819 adversitate

79 3865 148 3910 non
162 3849 327 3912 deficiatis
341 3867 402 3928 per
413 3852 664 3929 impatientiam,
677 3853 710 3916 et
722 3853 757 3913 in
772 3853 880 3916 admi-

76 3947 278 4010 nistratione
293 3947 372 4010 boni
386 3950 496 4027 operis
512 3965 571 4027 per
589 3950 797 4028 injustitiam.

115 4049 204 4108 Ecce
222 4061 285 4124 eqo
300 4047 399 4109 mitto
424 4063 496 4110 cos.
519 4048 618 4110 Modo
637 4049 810 4112 videamus
836 4050 877 4111 ad

78 4143 160 4218 quid
190 4143 322 4206 miserit
355 4144 494 4206 Sanctos
522 4161 611 4206 suos.
643 4147 809 4224 Numquid
837 4146 877 4208 ad

75 4240 193 4301 mundi
207 4241 343 4318 gaudia,
363 4243 421 4306 aut
444 4242 485 4303 ad
505 4243 617 4305 carnis
641 4242 878 4306 delectationes

32 4333 39 4346 '
77 4337 111 4398 et
142 4337 316 4401 illecebras
344 4339 540 4417 voluptatist
568 4341 795 4418 Nequaquam,
820 4341 877 4403 sed

76 4433 121 4494 ad
134 4434 264 4508 tamem,
289 4435 389 4508 sitim,
410 4437 450 4498 ad
468 4436 634 4499 nuditates
650 4439 682 4499 et
700 4437 877 4514 opprobria

76 4531 197 4604 multa,
227 4533 270 4594 ad
299 4533 548 4610 persecutiones
569 4536 603 4597 et
625 4535 797 4612 passiones
818 4549 877 4612 pro

73 4645 139 4688 suo
151 4632 263 4693 sancto
276 4631 410 4692 nomine
420 4631 621 4694 tolerandas.
638 4633 777 4708 Propter
792 4632 876 4709 quod

74 4725 111 4786 in
128 4729 359 4802 Apostolorum
372 4728 508 4792 Actibus
522 4730 680 4806 scriptum
694 4730 744 4791 est
758 4752 766 4789 ε
779 4730 879 4791 Ibunt

73 4826 226 4896 Apostoli
255 4828 446 4902 caedentes
470 4843 493 4889 u
520 4829 700 4902 compecto
727 4829 875 4898 concuti,

74 4925 240 4993 quonium
270 4927 366 5000 dirui
396 4925 503 4988 babiti
530 4925 611 4987 suut
639 4939 708 5000 pro
739 4929 878 4986 cortine

73 5021 164 5079 Jesu
174 5021 412 5085 contumetiam
424 5024 500 5097 puta·
516 5022 601 5101 (Act.
612 5039 644 5094 v,
659 5020 722 5101 41).
742 5022 877 5086 Illorum

74 5129 162 5190 ergo
173 5119 391 5194 principatum
405 5119 594 5198 praevidens
611 5120 777 5197 Propheta
790 5135 878 5196 pree-

75 5213 165 5272 dicit
176 5213 207 5274 in
221 5215 348 5292 psalmo
361 5237 368 5278 :
379 5221 495 5280 Nimis
506 5218 666 5280 honorati
680 5219 761 5279 suut
773 5220 877 5279 amici

76 5311 132 5370 tui
161 5313 261 5386 Deus,
291 5318 397 5376 nimis
425 5315 639 5388 confortatus
667 5316 718 5378 est
737 5318 875 5391 priuci-

69 5407 315 5479 patuseorum
330 5409 400 5491 (Ps.
419 5413 488 5484 138,
507 5410 571 5491 17).
683 5455 689 5472 .

118 5505 222 5567 Multa
237 5509 313 5571 sunt
326 5525 407 5572 saue
420 5525 494 5587 quae
508 5509 680 5571 beatorum
696 5511 874 5588 Apostolo-

74 5617 160 5664 rum
169 5606 391 5670 commendant
400 5607 628 5670 honorabilem
641 5607 873 5686 principatum.

79 5697 151 5762 Sed
173 5699 255 5764 iuter
268 5703 423 5768 universa
443 5705 519 5770 sunt
533 5705 762 5784 principaliter
782 5707 871 5770 tria:

426 367 558 441 XXVII,
574 397 614 413 -
628 363 673 429 IN
695 368 1037 440 FESTIVITATIBUS
1059 369 1380 440 APOSTOLORUM.

1671 375 1732 438 306

936 529 1091 608 dignitas,
1103 529 1284 594 auctoritas
1299 532 1496 610 etpotestas.
1514 533 1561 594 De
1571 532 1731 610 dignitate

935 643 1078 706 namque
1093 627 1216 690 veritas
1234 628 1343 706 inquit
1356 629 1522 706 Apostolis
1539 652 1547 694 z
1569 634 1632 693 Vos
1647 634 1731 694 estis

935 730 993 800 qut
1011 727 1255 800 perrmusistis
1273 743 1408 788 mecum
1424 731 1461 788 in
1485 728 1731 791 tentationibus

934 827 1032 895 meis,
1056 825 1091 885 et
1107 838 1168 900 epo
1187 826 1328 898 dispono
1350 828 1443 886 vohis
1466 841 1624 902 reorum,
1641 827 1731 888 sicut

934 923 1046 984 Pater
1063 936 1162 982 meus
1175 923 1260 983 mibi
1272 923 1450 996 disposuit,
1467 924 1504 984 ut
1515 925 1625 985 edatis
1635 925 1668 986 et
1682 928 1732 986 bi-

935 1020 1147 1092 butissuper
1163 1033 1317 1080 mosam
1342 1035 1457 1081 meum
1480 1023 1517 1082 iii
1530 1035 1637 1097 reque
1653 1036 1730 1083 mec

936 1115 1029 1194 (Luc.
1041 1129 1127 1186 xxii,
1139 1114 1204 1194 28).
1214 1116 1393 1178 Duodecim
1403 1117 1492 1178 enim
1500 1118 1648 1194 Apostoli
1659 1119 1730 1179 nati

935 1215 1011 1280 sunt
1025 1213 1182 1274 Dcclesiae
1197 1229 1257 1291 pro
1272 1213 1444 1275 duodecim
1459 1215 1663 1276 Patriarchis
1678 1217 1731 1278 tc-

934 1311 1100 1387 tidemque
1115 1311 1304 1388 Prophetis,
1313 1327 1401 1388 quos
1412 1311 1484 1388 ipsa
1495 1312 1662 1389 principes
1674 1327 1732 1372 su-

935 1424 994 1485 per
1008 1424 1138 1474 omnem
1155 1409 1279 1470 terram
1294 1409 1475 1481 constituit,
1492 1409 1648 1486 quoniam
1667 1409 1732 1486 ipsi

935 1506 1012 1568 sunt
1040 1505 1208 1583 principes
1237 1506 1434 1583 populorum
1456 1507 1513 1584 qui
1537 1506 1631 1567 luere
1655 1522 1730 1567 cum

934 1606 1001 1665 Deo
1011 1603 1179 1664 Abraham
1189 1604 1393 1679 congregati.
1403 1605 1641 1666 Auctoritatem
1651 1619 1731 1666 uero

933 1702 1094 1767 Dominus
1110 1702 1346 1764 commemorat
1360 1703 1392 1763 et
1402 1703 1611 1764 commendat
1624 1707 1732 1780 Apos-

932 1799 1010 1861 tolis
1025 1799 1138 1860 dicens
1156 1821 1163 1859 ι
1179 1801 1331 1868 Quorum
1352 1801 1561 1862 remiseritis
1575 1801 1728 1874 peccota,

928 1896 1164 1958 remittuntur
1173 1899 1234 1968 eis,
1249 1897 1283 1958 et
1292 1911 1440 1971 quorum
1449 1898 1669 1958 retinueritis
1678 1912 1732 1959 re-

935 1993 1029 2055 tento
1044 1994 1125 2056 suut
1137 1993 1169 2073 (J
1173 2009 1247 2056 can.
1257 2009 1291 2066 x,
1305 1993 1370 2074 23),
1388 1994 1468 2056 lacti
1483 2010 1548 2055 nou
1558 1995 1625 2056 tam
1635 1995 1731 2070 prin·

934 2091 1025 2168 cipes
1045 2107 1231 2168 corporum,
1256 2098 1354 2169 quam
1381 2092 1511 2170 judices
1531 2092 1728 2165 animarum,

934 2193 1097 2263 quoniam
1125 2193 1162 2251 tu
1188 2191 1469 2266 reperierotiorte,
1491 2205 1570 2250 curn
1601 2189 1732 2251 sederit

933 2289 1244 2350 littustiomiriisiu
1255 2291 1333 2350 sede
1344 2288 1538 2360 maiestatis
1548 2302 1632 2358 suoe,
1642 2291 1732 2348 sede·

934 2384 1732 2460 bitisetoossupersedesduodecimjediccutes

933 2484 1109 2543 duodecim
1119 2484 1229 2544 tribus
1243 2486 1354 2544 lsrael
1369 2479 1462 2560 (Luc.
1479 2497 1564 2553 xxn,
1580 2479 1646 2560 30).
1663 2483 1731 2542 Ρο-

933 2581 1035 2642 testas
1045 2595 1124 2641 vero
1136 2579 1384 2641 commendatur
1396 2579 1429 2640 et
1439 2579 1729 2650 commemoratur,

934 2693 1018 2738 cum·
1032 2677 1154 2739 dicitur
1177 2698 1184 2739 ι
1211 2678 1411 2739 Convocatis
1432 2680 1608 2738 duodecim
1628 2679 1732 2738 disct-

931 2778 1022 2850 putu
1035 2779 1109 2837 suis
1123 2775 1215 2836 dedit
1224 2777 1289 2836 iltis
1298 2773 1611 2849 Jcsuspotestotcoi
1624 2777 1733 2847 spiri-

935 2873 1033 2934 tuum
1060 2874 1335 2945 immiiudorum,
1360 2871 1400 2931 ut
1421 2872 1585 2945 ejicerent
1608 2885 1675 2942 eos,
1697 2871 1732 2932 et

933 2969 1732 3046 curureutmuuemiciipuoremetomuemiustr·

933 3067 1091 3130 mitatem
1106 3065 1199 3146 (Luc.
1219 3082 1266 3139 11,
1291 3065 1334 3146 l).
1352 3067 1436 3128 Hinc
1451 3067 1519 3127 illis
1539 3065 1650 3128 aiebat
1670 3087 1677 3126 :
1693 3068 1732 3127 Si

933 3166 1124 3226 habueritis
1137 3165 1241 3236 sidem
1254 3165 1343 3225 siout
1356 3180 1508 3239 prorsum
1521 3166 1664 3238 sistartia,
1678 3166 1732 3223 di-

933 3264 1018 3328 cetis
1028 3264 1138 3324 mouit
1154 3283 1162 3322 ε
1179 3264 1293 3324 transi
1307 3266 1386 3324 iiiuc
1399 3262 1433 3324 et
1448 3262 1628 3334 transibit·
1648 3276 1731 3322 ouri

933 3364 992 3435 qui
1005 3360 1191 3424 crediderit
1205 3363 1242 3421 iri
1258 3375 1325 3432 me,
1342 3374 1448 3433 opera
1469 3375 1545 3434 quw
1564 3374 1625 3436 eqo
1641 3360 1731 3433 secio

934 3459 1048 3532 etipse
1057 3459 1171 3533 societ,
1188 3459 1222 3520 et
1233 3461 1506 3531 mararensium
1519 3457 1633 3532 faciet,
1647 3469 1731 3530 quo-

933 3553 1726 3632 reioruornrtioposstoitiusuntcredeutifflatth.

933 3669 1017 3721 xvn,
1039 3653 1102 3732 19).
1125 3653 1182 3714 lsti
1205 3654 1283 3714 suut
1303 3653 1392 3713 enim
1410 3652 1452 3712 ad
1476 3668 1615 3729 quorum
1637 3651 1732 3712 clan-

933 3766 1046 3826 gorem
1068 3751 1155 3816 muri
1176 3749 1310 3812 Jericho
1332 3752 1547 3818 corruerunt,
1580 3748 1636 3824 qui
1669 3763 1730 3809 sua

934 3847 1169 3925 predicatione
1189 3847 1424 3925 converterunt
1441 3846 1601 3907 muudum
1616 3845 1657 3908 ab
1674 3861 1731 3906 er-

933 3961 1009 4008 rore
1029 3945 1070 4006 ad
1092 3944 1276 4018 veritatem,
1302 3945 1335 4006 et
1359 3944 1488 4006 avitiis
1511 3944 1552 4006 ad
1576 3943 1726 4016 virtutes,

934 4041 1728 4119 euntesinmundumuniuersumetpraedicantes

933 4142 1148 4218 Evangelium
1159 4142 1249 4203 omni
1262 4140 1436 4213 creaturae,
1446 4139 1600 4202 docentes
1614 4155 1729 4202 omnes

933 4241 1047 4315 gentes
1061 4254 1196 4300 servare
1211 4255 1425 4316 quaecumque
1445 4237 1660 4300 mandaverat
1678 4237 1728 4299 eis

933 4338 1030 4398 Deus.
1048 4336 1141 4400 Unde
1154 4335 1293 4413 profecti
1308 4335 1573 4413 praedicaverunt
1593 4334 1725 4412 ubique,

933 4432 1729 4511 Dominocooperanteetsermonemconflrmante

933 4531 1146 4609 sequentibus
1161 4531 1277 4607 signis.
1297 4532 1383 4592 Nam
1403 4531 1439 4591 iu
1453 4545 1584 4591 omnem
1603 4531 1727 4590 terram

932 4629 1037 4691 exivit
1056 4645 1157 4691 sonus
1173 4645 1299 4698 eorum,
1325 4629 1358 4690 et
1376 4628 1412 4689 in
1427 4626 1509 4690 fines
1524 4625 1728 4688 orbis-terrae

931 4725 1033 4789 uerba
1048 4743 1173 4788 eorum.
1188 4725 1479 4786 Aununtiaverunt
1495 4739 1595 4800 opera
1615 4723 1674 4784 Dei
1694 4725 1727 4788 et

932 4825 1019 4886 lacta
1032 4828 1104 4902 ejus
1119 4823 1366 4884 intellexeruut.

972 4920 1030 4982 Isti
1046 4921 1123 4982 sunt
1131 4919 1261 4994 vigiles,
1278 4917 1318 4979 de
1333 4917 1452 4995 quibus
1463 4933 1583 4995 sponsa
1596 4917 1677 4979 dicit
1691 4917 1727 4979 in

933 5017 1067 5080 cantico
1084 5039 1091 5076 :
1109 5017 1323 5078 inuenerunt
1335 5031 1391 5078 me
1406 5019 1526 5093 oiqties
1542 5020 1599 5090 qut
1613 5018 1728 5078 custo-

932 5116 1030 5178 diunt
1052 5115 1237 5178 civitatem.
1261 5119 1446 5176 Paululum
1463 5130 1542 5176 eum
1560 5114 1728 5190 pertruu-

930 5218 1055 5275 sissem
1068 5228 1135 5286 eos,
1149 5216 1266 5274 iuuerit
1279 5229 1379 5288 queri
1394 5213 1502 5290 ditiqtt
1514 5215 1635 5274 criimu
1648 5227 1727 5273 mea

933 5311 1039 5391 (Cant.
1056 5327 1105 5384 111,
1126 5309 1172 5390 3).
1189 5313 1235 5372 De
1251 5311 1370 5389 quibus
1385 5311 1433 5372 ait
1447 5313 1481 5373 et
1494 5311 1652 5373 Dominus
1668 5325 1727 5386 per

932 5410 1131 5488 Prophetam
1148 5411 1411 5483 :supermuros
1422 5409 1508 5481 tuos,
1520 5412 1724 5480 Jerusalem,

929 5509 1092 5570 constitui
1104 5508 1270 5570 cristodes.
1285 5509 1367 5570 Toto
1377 5511 1431 5568 die
1440 5507 1474 5568 et
1485 5507 1582 5568 nocte
1592 5523 1662 5568 riori
1672 5506 1727 5567 tc-

929 5609 1050 5670 cebtint
1061 5610 1204 5670 laudare
1221 5621 1346 5670 uomere
1363 5609 1502 5667 Domini
1513 5604 1570 5683 (ls.
1581 5620 1663 5677 uun,
1677 5605 1722 5682 6).

930 5705 987 5768 Isti
1004 5706 1081 5768 sunt
1089 5705 1191 5768 testes
1205 5705 1245 5766 de
1258 5704 1377 5784 quibus
1395 5704 1528 5780 legitur,
1550 5703 1634 5780 quod
1650 5702 1726 5763 rir-
