3988 6308
244 383 303 446 331
859 382 1034 442 HONORII
1055 381 1100 440 111
1122 381 1271 442 OPERA.
1791 391 1832 451 bii

238 562 316 610 neu.
339 543 476 623 capituli
497 539 592 606 nobis
613 541 769 613 innotuit,
792 540 975 620 quodcum
998 540 1032 601 in
1088 539 1252 615 dioecesis,
1277 541 1340 604 ltac
1364 543 1539 606 occasione
1557 559 1672 608 usuras
1693 543 1729 608 ab
1748 547 1835 610 eaden

240 645 431 723 episcopatu
446 642 561 703 Elnen.
579 641 619 704 de
634 641 873 703 consuetudine
886 639 1033 701 terracin
1088 639 1229 700 ecclesia
1241 641 1388 718 exigunt,
1405 643 1511 720 ipsam
1527 659 1627 721 super
1637 643 1695 705 hoc
1707 644 1837 724 nultipli-

239 742 349 804 causis
362 740 568 803 secularibus
579 741 768 817 juramenta
779 738 954 800 calumniae
968 753 1033 798 non
1088 738 1171 798 citer
1187 738 1410 801 molestantes,
1429 741 1588 802 Nolentes
1608 741 1705 818 igitur
1723 741 1839 803 eamden

238 841 449 918 praestantur,
459 840 571 917 plures
582 853 744 916 pauperes
759 839 790 899 et
803 851 952 914 persona
968 836 1034 896 mi·
1089 835 1265 898 ecclesiam
1279 837 1327 898 sic
1347 839 1528 902 enormiter
1546 839 1726 916 aggravari,
1740 839 1840 900 discre-

239 939 399 1001 serabiles
415 937 655 1000 malitiosorum
671 935 946 998 calumniatorum
972 933 1036 995 liti·
1089 933 1172 995 tioni
1186 939 1306 998 vestrae
1322 952 1382 1013 per
1394 937 1584 1014 Apostolica
1603 937 1719 1014 scripta
1731 935 1841 997 manda-

239 1037 301 1102 bus
313 1036 490 1109 molestati,
505 1036 538 1098 et
551 1045 716 1112 expensas
729 1049 848 1110 graves
858 1032 1033 1103 sustinent,
1090 1047 1162 1092 mus
1184 1036 1356 1110 quatenus,
1379 1036 1408 1096 si
1431 1051 1501 1097 rem
1520 1035 1710 1097 inveneritis
1728 1035 1768 1096 ita
1780 1049 1842 1105 csse,

240 1138 273 1197 et
292 1151 352 1196 sua
367 1135 561 1211 plerumque
573 1133 705 1210 justitia
725 1131 973 1203 defraudantur,
996 1145 1035 1192 eo
1091 1133 1247 1194 revocato
1270 1131 1305 1193 in
1333 1133 1465 1196 irritum
1491 1133 1650 1213 quidquid
1673 1134 1706 1194 in
1729 1131 1845 1194 lraudcn

241 1233 326 1310 quod
343 1231 471 1293 frivolis
484 1229 733 1307 exceptionibus
761 1230 795 1292 et
816 1229 1037 1292 frustratoriis
1092 1245 1268 1292 usurarum
1290 1230 1485 1293 inveneritis
1507 1231 1712 1303 attentatum,
1730 1229 1847 1291 heredes

241 1329 457 1392 dilationibus
467 1328 589 1406 saepius
600 1327 680 1390 ordo
689 1327 890 1405 judiciarius
900 1327 1038 1404 impedi·
1092 1328 1125 1390 et
1138 1329 1332 1390 executores
1347 1329 1539 1406 predictos,
1563 1331 1599 1391 ut
1612 1341 1728 1390 usuras
1747 1343 1764 1388 a
1783 1326 1848 1387 dicto

240 1429 306 1490 tur.
321 1429 402 1488 Cum
416 1427 518 1504 igitur
533 1425 735 1488 consuetudo
758 1424 950 1503 hujusmodi
967 1425 1038 1501 juri
1093 1429 1130 1488 P.
1147 1427 1294 1489 extortas
1308 1426 1496 1500 restituant,
1516 1427 1549 1490 et
1565 1425 1606 1488 ab
1623 1427 1759 1504 ipsarum
1773 1439 1850 1485 exac-

242 1525 390 1601 deroget,
398 1527 430 1588 et
433 1525 597 1602 judicium
606 1523 1040 1595 subverterevideatur,dis·
1093 1526 1183 1588 tione
1205 1525 1376 1598 desistant,
1393 1541 1452 1603 per
1471 1541 1602 1604 posnam
1621 1525 1656 1586 in
1671 1521 1850 1585 Lateranensl

244 1623 384 1687 crationi
396 1623 462 1684 tuae
476 1639 535 1700 per
549 1621 737 1698 Apostollca
753 1623 877 1698 scripta
895 1621 1039 1682 manda·
1094 1623 1236 1686 concilio
1256 1627 1371 1685 contra
1392 1625 1564 1687 usurarios
1585 1621 1717 1694 editam,
1737 1635 1794 1682 non
1809 1618 1853 1680 ob-

243 1739 316 1784 mus
341 1723 516 1800 quatenus,
536 1719 597 1782 tali
614 1719 852 1782 consuetudine
871 1735 938 1782 non
958 1718 1040 1780 obs·
1095 1723 1203 1784 stante
1211 1723 1401 1800 juramento
1423 1721 1580 1799 praedicto
1595 1720 1638 1782 ab
1656 1719 1763 1780 iisdem
1775 1732 1854 1777 cano·

243 1822 346 1892 tante,
367 1820 402 1880 in
420 1817 660 1897 quaestionibus
681 1816 888 1879 secularibus
911 1832 984 1895 quae
1006 1817 1042 1878 in
1095 1821 1180 1882 nicis
1218 1819 1253 1881 in
1291 1819 1440 1882 ecclesiae
1480 1819 1647 1896 saepefatae
1681 1814 1856 1893 dispendium

244 1919 316 1982 loro
331 1917 455 1979 luerint
478 1916 703 1978 ecclesiastico
722 1916 811 1977 inira
826 1915 941 1976 Elnen.
958 1914 1043 1977 dioe-
1097 1917 1195 1991 edito,
1221 1919 1444 1997 appellatione
1468 1919 1595 1979 remota
1625 1915 1754 1992 cogatis.
1775 1915 1858 1988 Super

245 2016 313 2080 cesi
332 2015 511 2087 ventilatae,
528 2015 721 2093 juramenta
744 2015 919 2076 calumniae
938 2013 1042 2074 iacias
1097 2011 1858 2094 aliisvero‚partibusconvocatislacienlesetc.

246 2113 408 2176 exbiberi.
426 2111 691 2175 contradictores
710 2111 741 2172 si
756 2111 812 2189 qui
827 2110 1043 2189 apparuerint
1097 2116 1212 2176 Testes
1228 2117 1350 2186 autem,
1374 2114 1436 2176 etc.
1458 2111 1549 2185 Quod
1572 2113 1601 2173 si
1620 2127 1687 2173 nou
1710 2105 1861 2178 omnestu

246 2212 299 2274 vel
324 2211 478 2283 rebelles,
498 2227 558 2288 per
583 2225 758 2271 censuram
782 2209 1044 2270 ecclesiasticam
1098 2213 1472 2290 iraterarcbiepiscope,
1487 2213 1549 2273 etc.

247 2308 469 2388 appellatione
484 2308 665 2386 postposita
680 2305 930 2383 compescendo.
1142 2313 1261 2372 Datum
1276 2311 1444 2382 Laterani,
1460 2308 1570 2371 idibus
1584 2305 1707 2378 martii,
1724 2299 1864 2382 pontifica-

287 2408 406 2470 Datum
421 2404 588 2477 Laterani,
608 2404 717 2466 idibus
732 2405 855 2478 martii,
870 2403 1046 2482 pontillca-
1098 2409 1152 2472 tus
1165 2408 1270 2472 nostri
1285 2423 1372 2470 anno
1386 2408 1503 2485 primo.

249 2503 651 2582 tusnostriannoprimo.

1323 2611 1327 2618 ’
1419 2647 1581 2738 ccxxx

1101 2845 1153 2904 Ad
1197 2841 1491 2916 archiepiscopum
1538 2835 1572 2897 et
1621 2829 1870 2896 archidiaconum

1140 2943 1267 3001 ltcdcrt.
1295 2938 1329 3000 ct
1363 2935 1548 2998 sacristam
1591 2931 1627 2994 S.
1663 2929 1763 2992 Perdi
1797 2923 1873 2985 Nur·

1143 3041 1261 3100 bertolt.

567 2721 751 2811 cclxix

251 2899 303 2960 Ad
315 2898 609 2970 archiepiscopum
627 2895 661 2994 ct
679 2895 959 2956 archidiaconum
975 2896 1045 2954 Rc-

291 2998 413 3058 denses
448 2993 482 3055 et
506 2992 692 3056 secretam
716 2993 751 3053 S.
787 2992 890 3053 Ponti
918 2993 1048 3054 Narbo

292 3107 446 3156 llelisdm.
1959 3119 1962 3286 1

535 3219 667 3278 tamea.
685 3219 763 3278 tarr.
835 3199 838 3206 '
1393 3182 1520 3241 tonan.
1538 3179 1617 3237 ιω.

297 3347 407 3413 [Rttltl
421 3345 467 3397 lib·
479 3345 501 3404 Ῑ,
512 3344 587 3410 epist.
599 3343 653 3394 322.
665 3345 723 3396 llas.
735 3343 859 3396 Lepores
869 3343 904 3396 du
915 3343 1009 3409 Thess]
1151 3321 1259 3390 [Regesl.
1275 3315 1320 3370 lib.
1331 3317 1351 3379 l,
1364 3316 1436 3382 epist.
1449 3313 1505 3365 328.
1524 3313 1580 3364 blss.
1596 3313 1709 3376 Laperte
1726 3305 1759 3358 da
1774 3300 1854 3364 Thali]
1961 3287 1962 3292 '

255 3493 292 3554 ut
304 3490 431 3549 naeres
441 3488 528 3557 narr,
543 3487 611 3546 sier
623 3487 711 3546 caua
723 3487 759 3545 ee
774 3487 910 3560 crassas,
928 3489 976 3560 sn
988 3487 1050 3561 ipse
1106 3469 1141 3527 Ut
1156 3462 1289 3524 sinens
1302 3459 1432 3560 seems
1446 3457 1532 3558 bona.
1549 3457 1589 3556 .¹¹.·
1605 3451 1741 3552 alsense
1760 3441 1880 3521 mnndnn

290 3580 443 3640 ecclesiam
464 3578 617 3636 Elnensem
639 3577 733 3634 usuris
748 3583 911 3646 vexaverat,
927 3584 992 3650 post
1004 3578 1049 3650 ip·
1140 3551 1266 3628 edibili)i
1281 3550 1364 3622 culini
1378 3549 1502 3646 alienata
1516 3545 1615 3644 ιΙΙιοιιειΙ
1626 3542 1677 3644 vel
1691 3540 1816 3638 detracta
1831 3538 1879 3588 sta·

290 3671 351 3729 sius
360 3671 387 3726 in
399 3666 654 3740 Hierosolymitane
663 3671 737 3724 terra
750 3664 910 3736 decenum,
919 3664 1051 3723 eamdem
1086 3701 1090 3710 ·
1141 3642 1227 3701 (¹0⁸¹st
1239 3639 1276 3698 id
1293 3639 1340 3713 1¹¹⁸
1351 3644 1380 3694 θῑ
1393 3641 1703 3710 l>f⁰llf¹01i³²ffl¹¹¹ll²³lus
1718 3630 1834 3702 ¹⁰g¹²¹ffl⁰
1846 3631 1880 3676 ἴθ’

289 3759 452 3828 maesiam,
473 3755 660 3816 novisusuris
676 3755 868 3829 exagitantes,
884 3755 1052 3813 crebritate
1143 3744 1255 3790 vocare.

291 3848 454 3922 AP⁰⁸w¹³⁰⁸
468 3850 643 3920 ⁰⁰¹¹¹p⁰⁸⁰⁰¹·
1148 3883 1327 3954 Honorius,
1347 3879 1423 3950 etc,
1444 3873 1629 3938 venerabili
1656 3871 1754 3934 fratri
1774 3863 1885 3930 archie-

296 4000 474 4072 Honorius,
494 4001 569 4070 etc,
592 3995 776 4059 venerabili
799 3994 895 4058 fratri
920 3995 1054 4057 archie—
1108 3983 1254 4063 biscopo,
1271 3979 1303 4040 θῐ
1315 3975 1553 4038 arnitidisscfflto
1567 3969 1695 4034 Rndnn·
1710 3970 1744 4030 et
1759 3959 1884 4028 ³³⁰5&ae

257 4099 403 4176 piscopo,
421 4097 453 4158 et
475 4094 605 4156 dilectis
627 4094 707 4154 liliis
731 4093 967 4155 archidiacono
987 4097 1055 4155 Re-
1109 4079 1215 4142 sancti
1230 4075 1326 4139 Pauli
1341 4073 1532 4136 Narbonen-

257 4196 332 4257 den.
348 4196 380 4255 et
395 4191 542 4254 sacristae
556 4189 663 4252 sancti
678 4189 775 4252 Pauli
790 4190 981 4252 Narbonem,
1149 4175 1266 4239 Dilecti
1279 4173 1378 4234 lilii...
1401 4169 1528 4232 electus
1548 4169 1582 4228 et
1592 4164 1777 4243 capitulum
1791 4157 1886 4220 Elncn.

298 4292 444 4353 Dilectus
473 4289 562 4349 nlius
591 4289 707 4348 utnon.
735 4288 859 4350 ctecms
884 4288 1056 4366 proposuit
1110 4291 1170 4338 sna
1194 4271 1289 4334 nohis
1308 4267 1537 4331 insinuatione
1559 4260 1797 4330 monstrarunt
1818 4247 1887 4365 suot

259 4405 371 4451 coram
386 4387 491 4456 nobis,
508 4385 595 4464 quod
611 4401 685 4446 cum
706 4381 872 4462 quondam
895 4387 931 4446 P.
948 4386 1055 4448 dictus
1111 4379 1148 4438 R.
1176 4372 1290 4434 bllnen.
1315 4365 1481 4444 quondam
1501 4363 1694 4441 episcopus,
1720 4358 1753 4420 et
1777 4351 1889 4433 qnidam

260 4491 391 4549 Gaucus
408 4485 449 4548 de
467 4483 616 4561 Pirpian.
640 4483 788 4545 mutuata
808 4483 958 4545 ecclesiae
987 4500 1056 4545 suae
1111 4472 1169 4534 alii
1184 4468 1446 4548 Plaedessesssffl'sss
1461 4461 1578 4538 ipsius,
1598 4451 1843 4562 quampluribus
1859 4445 1889 4551 de

259 4585 401 4665 quadam
417 4598 545 4644 summa
565 4582 727 4659 pecuniae,
746 4581 843 4658 plura
860 4581 1057 4643 extorsisset
1111 4569 1206 4632 bonis
1222 4564 1371 4627 ecclesiae
1385 4561 1500 4622 Elnen.
1518 4571 1650 4635 percos
1667 4551 1818 4618 alienatas
1836 4543 1891 4606 tllt·

259 4684 300 4746 ab
321 4701 361 4746 ea
387 4699 446 4760 per
467 4681 657 4743 usurariam
676 4679 885 4757 pravitatem,
906 4678 1057 4740 conlecto
1112 4668 1177 4730 cite
1191 4679 1231 4727 ³0
1245 4659 1432 4730 distractis,
1448 4654 1624 4735 quamdam
1640 4651 1792 4730 ΡΘΟΙΠἸῘὥ
1804 4655 1892 4750 ‘llil’

258 4782 479 4843 instrumento
491 4779 624 4857 publico
640 4778 681 4839 de
694 4777 853 4839 solvendo
864 4776 928 4838 sibi
940 4776 973 4839 et
986 4775 1059 4837 hae-
1112 4764 1251 4832 tristem,
1266 4773 1340 4836 quas
1351 4771 1419 4818 non
1434 4754 1532 4817 estin
1547 4750 1702 4813 ecclesias
1715 4746 1804 4810 illins
1817 4737 1893 4802 ulth-

258 4879 393 4941 redibns
415 4879 495 4950 suis,
525 4878 559 4939 et
581 4891 648 4937 non
671 4874 861 4952 repetendis
886 4873 1009 4947 usuris,
1026 4873 1059 4935 et
1112 4862 1214 4926 talem
1244 4869 1416 4926 conversa,
1443 4853 1516 4929 ipso
1545 4847 1692 4926 capimle
1725 4835 1892 4906 inconsulto

259 4977 389 5038 extomo
412 4989 511 5051 super
534 4971 767 5034 observatione
783 4971 889 5048 ipsius
912 4987 932 5033 a
955 4985 1060 5033 cano-
1114 4961 1229 5022 mutuo
1248 4972 1268 5018 a
1286 4951 1427 5015 diversis
1452 4945 1673 5010 creditoribus
1701 4931 1893 5040 acceperunt,

258 5073 344 5137 nicis
379 5071 526 5148 ejusdem
558 5051 709 5129 ecclesiae
737 5070 945 5146 juramento,
981 5066 1060 5129 licet
1114 5048 1462 5138 propterquamdicin
1472 5045 1615 5108 00010812
1640 5041 1685 5104 ab
1700 5039 1783 5119 ipsis
1802 5035 1894 5112 plun-

259 5171 350 5234 omni
364 5165 526 5229 beneflcio
541 5165 629 5242 jnris
645 5167 678 5226 et
695 5164 943 5228 constitutionis
965 5165 999 5225 in
1018 5179 1059 5225 eo
1115 5171 1205 5217 mum
1221 5148 1408 5219 infestatur,
1432 5159 1506 5222 quae
1523 5141 1623 5204 mam
1641 5153 1706 5216 1³01*
1730 5136 1846 5198 dictum
1864 5127 1894 5186 R·

259 5267 469 5332 renuntietur
479 5278 656 5341 expresse;
672 5263 778 5339 ipsius
793 5263 924 5324 demum
940 5277 1060 5340 corpus
1115 5253 1199 5314 alias
1212 5249 1332 5310 damna
1344 5259 1411 5306 nou
1425 5241 1555 5304 modica
1570 5239 1621 5300 est
1633 5249 1805 5341 perpessa:
1820 5231 1897 5336 Quae·

261 5367 333 5428 siue
346 5361 571 5426 satisfactione
582 5376 682 5436 super
692 5359 734 5420 iis
744 5361 856 5438 aliqua
871 5359 1060 5422 decedentis
1116 5352 1192 5412 dam
1209 5347 1310 5410 etiam
1326 5341 1424 5406 leuda
1447 5336 1600 5402 ecclesiae
1623 5351 1643 5396 a
1667 5329 1823 5396 vassallrs
1840 5335 1898 5400 epus

259 5459 528 5538 ierosolymitani
538 5459 714 5536 hospitalis
725 5456 845 5520 fratres
856 5459 972 5519 lilnen.
983 5458 1062 5520 dioe·
1116 5447 1232 5511 illicite
1248 5443 1394 5505 alienata
1407 5438 1484 5499 sunt
1497 5439 1530 5498 et
1542 5433 1703 5495 distracta
1715 5431 1751 5491 iu
1766 5429 1896 5503 ipsorum

261 5561 348 5624 cesis
372 5559 608 5621 ecclesiasticae
627 5555 838 5618 tradiderunt
857 5557 891 5617 in
913 5556 1061 5632 ejusdem
1117 5548 1150 5608 et
1170 5541 1320 5606 ecclesis
1344 5533 1574 5615 praejudicium
1603 5545 1670 5590 non
1695 5517 1899 5588 medicanti

261 5657 412 5722 ecclesiae
426 5655 635 5732 dispendium
644 5654 833 5730 sepulturae.
850 5655 951 5731 Cujus
963 5653 1062 5714 etiam
1117 5654 1311 5722 gravamen.
1328 5633 1491 5708 Quocirca
1509 5625 1706 5691 discretioni
1718 5625 1834 5685 vestre
1852 5627 1900 5692 per

263 5755 413 5820 haeredes
435 5754 468 5815 et
491 5753 686 5814 executores
700 5751 892 5817 testamenti
915 5751 1081 5830 etusdem·
1117 5735 1307 5818 Ap08i0110⁸
1324 5731 1448 5809 Scrillfl
1466 5725 1674 5795 mandamus,
1700 5721 1856 5800 quatenus
1869 5725 1900 5770 ⁰³
