<?xml version="1.0" encoding="UTF-8"?>
<!DOCTYPE html PUBLIC "-//W3C//DTD XHTML 1.0 Transitional//EN"
    "http://www.w3.org/TR/xhtml1/DTD/xhtml1-transitional.dtd">
<html xmlns="http://www.w3.org/1999/xhtml" xml:lang="en" lang="en">
 <head>
  <title>
</title>
<meta http-equiv="Content-Type" content="text/html;charset=utf-8" />
  <meta name='ocr-system' content='tesseract 3.04.00' />
  <meta name='ocr-capabilities' content='ocr_page ocr_carea ocr_par ocr_line ocrx_word'/>
</head>
<body>
  <div class='ocr_page' id='page_1' title='image "./mediiaevibiblio01unkngoog/mediiaevibiblio01unkngoog_0603.png"; bbox 0 0 4080 6316; ppageno 0'>
   <div class='ocr_carea' id='block_1_1' title="bbox 314 229 1377 332">
    <p class='ocr_par' dir='ltr' id='par_1_1' title="bbox 314 229 1377 332">
     <span class='ocr_line' id='line_1_1' title="bbox 314 229 1377 332; baseline -0.01 -14"><span class='ocrx_word' id='word_1_1' title='bbox 314 329 315 332; x_wconf 4' lang='lat' dir='ltr'>w</span> <span class='ocrx_word' id='word_1_2' title='bbox 344 257 401 320; x_wconf 74' lang='lat' dir='ltr'>iss</span> <span class='ocrx_word' id='word_1_3' title='bbox 478 229 480 232; x_wconf 69' lang='grc'><strong>’</strong></span> <span class='ocrx_word' id='word_1_4' title='bbox 635 251 641 259; x_wconf 82' lang='grc'><strong>’</strong></span> <span class='ocrx_word' id='word_1_5' title='bbox 964 249 1140 312; x_wconf 72' lang='lat' dir='ltr'>iroxouu</span> <span class='ocrx_word' id='word_1_6' title='bbox 1164 247 1206 310; x_wconf 92' lang='lat'>111</span> <span class='ocrx_word' id='word_1_7' title='bbox 1230 249 1377 309; x_wconf 73' lang='lat' dir='ltr'>orum.</span> 
     </span>
    </p>
   </div>
   <div class='ocr_carea' id='block_1_2' title="bbox 342 405 1940 4104">
    <p class='ocr_par' dir='ltr' id='par_1_2' title="bbox 342 405 1940 4104">
     <span class='ocr_line' id='line_1_2' title="bbox 342 405 1933 492; baseline -0.005 -14"><span class='ocrx_word' id='word_1_8' title='bbox 342 415 547 492; x_wconf 74' lang='lat' dir='ltr'>agnitionem</span> <span class='ocrx_word' id='word_1_9' title='bbox 571 411 722 476; x_wconf 87' lang='lat' dir='ltr'>veritatis</span> <span class='ocrx_word' id='word_1_10' title='bbox 749 410 899 488; x_wconf 89' lang='lat' dir='ltr'>pervenit</span> <span class='ocrx_word' id='word_1_11' title='bbox 918 411 953 472; x_wconf 93' lang='lat' dir='ltr'>in</span> <span class='ocrx_word' id='word_1_12' title='bbox 968 410 1142 486; x_wconf 85' lang='lat' dir='ltr'>contemp·</span> <span class='ocrx_word' id='word_1_13' title='bbox 1198 408 1392 470; x_wconf 83' lang='lat' dir='ltr'>infirmitate</span> <span class='ocrx_word' id='word_1_14' title='bbox 1406 406 1605 476; x_wconf 85' lang='lat' dir='ltr'>contractus,</span> <span class='ocrx_word' id='word_1_15' title='bbox 1622 405 1728 484; x_wconf 90' lang='lat' dir='ltr'>ipsum</span> <span class='ocrx_word' id='word_1_16' title='bbox 1741 405 1780 468; x_wconf 89' lang='lat' dir='ltr'>ab</span> <span class='ocrx_word' id='word_1_17' title='bbox 1792 423 1933 490; x_wconf 69' lang='lat' dir='ltr'>onereprs</span> 
     </span>
     <span class='ocr_line' id='line_1_3' title="bbox 349 504 1932 590; baseline -0.003 -14"><span class='ocrx_word' id='word_1_18' title='bbox 349 518 414 576; x_wconf 92' lang='lat' dir='ltr'>tum</span> <span class='ocrx_word' id='word_1_19' title='bbox 428 511 638 590; x_wconf 83' lang='lat' dir='ltr'>persequitur</span> <span class='ocrx_word' id='word_1_20' title='bbox 651 508 880 586; x_wconf 85' lang='lat' dir='ltr'>Redemptorls</span> <span class='ocrx_word' id='word_1_21' title='bbox 896 509 928 570; x_wconf 91' lang='lat' dir='ltr'>et</span> <span class='ocrx_word' id='word_1_22' title='bbox 941 507 983 568; x_wconf 91' lang='lat' dir='ltr'>de</span> <span class='ocrx_word' id='word_1_23' title='bbox 997 507 1144 569; x_wconf 88' lang='lat' dir='ltr'>tenebris</span> <span class='ocrx_word' id='word_1_24' title='bbox 1198 508 1355 585; x_wconf 88' lang='lat' dir='ltr'>positurae</span> <span class='ocrx_word' id='word_1_25' title='bbox 1383 505 1470 584; x_wconf 82' lang='lat' dir='ltr'>quod</span> <span class='ocrx_word' id='word_1_26' title='bbox 1499 505 1624 566; x_wconf 86' lang='lat' dir='ltr'>utiliter</span> <span class='ocrx_word' id='word_1_27' title='bbox 1649 504 1736 566; x_wconf 89' lang='lat' dir='ltr'>terre</span> <span class='ocrx_word' id='word_1_28' title='bbox 1764 522 1822 566; x_wconf 89' lang='lat' dir='ltr'>non</span> <span class='ocrx_word' id='word_1_29' title='bbox 1849 515 1932 584; x_wconf 84' lang='lat' dir='ltr'>potest,</span> 
     </span>
     <span class='ocr_line' id='line_1_4' title="bbox 346 603 1933 684; baseline -0.002 -10"><span class='ocrx_word' id='word_1_30' title='bbox 346 611 473 674; x_wconf 86' lang='lat' dir='ltr'>erutam</span> <span class='ocrx_word' id='word_1_31' title='bbox 497 610 614 674; x_wconf 91' lang='lat' dir='ltr'>nititur</span> <span class='ocrx_word' id='word_1_32' title='bbox 628 609 669 670; x_wconf 87' lang='lat' dir='ltr'>ad</span> <span class='ocrx_word' id='word_1_33' title='bbox 685 607 840 670; x_wconf 85' lang='lat' dir='ltr'>tenebras</span> <span class='ocrx_word' id='word_1_34' title='bbox 858 603 1144 684; x_wconf 79' lang='lat' dir='ltr'><strong>persecutionibus</strong></span> <span class='ocrx_word' id='word_1_35' title='bbox 1198 605 1372 667; x_wconf 86' lang='lat' dir='ltr'>absolvere</span> <span class='ocrx_word' id='word_1_36' title='bbox 1400 603 1626 679; x_wconf 79' lang='lat' dir='ltr'>dignaremur,</span> <span class='ocrx_word' id='word_1_37' title='bbox 1651 603 1804 666; x_wconf 86' lang='lat' dir='ltr'>iacientes</span> <span class='ocrx_word' id='word_1_38' title='bbox 1825 607 1933 672; x_wconf 79' lang='lat' dir='ltr'>sidente</span> 
     </span>
     <span class='ocr_line' id='line_1_5' title="bbox 345 701 1932 784; baseline -0.003 -13"><span class='ocrx_word' id='word_1_39' title='bbox 345 723 516 780; x_wconf 86' lang='lat' dir='ltr'>revocare,</span> <span class='ocrx_word' id='word_1_40' title='bbox 542 707 599 768; x_wconf 88' lang='lat' dir='ltr'>sed</span> <span class='ocrx_word' id='word_1_41' title='bbox 625 720 798 784; x_wconf 86' lang='lat' dir='ltr'>speramus</span> <span class='ocrx_word' id='word_1_42' title='bbox 822 705 857 766; x_wconf 93' lang='lat' dir='ltr'>in</span> <span class='ocrx_word' id='word_1_43' title='bbox 881 704 1033 774; x_wconf 87' lang='lat' dir='ltr'>Domino,</span> <span class='ocrx_word' id='word_1_44' title='bbox 1057 701 1143 781; x_wconf 89' lang='lat' dir='ltr'>quod</span> <span class='ocrx_word' id='word_1_45' title='bbox 1198 702 1537 782; x_wconf 80' lang='lat' dir='ltr'>ipsiuspraepositurae</span> <span class='ocrx_word' id='word_1_46' title='bbox 1549 701 1760 779; x_wconf 85' lang='lat' dir='ltr'>proventibus</span> <span class='ocrx_word' id='word_1_47' title='bbox 1770 705 1932 778; x_wconf 81' lang='lat' dir='ltr'>provisionem</span> 
     </span>
     <span class='ocr_line' id='line_1_6' title="bbox 347 795 1933 884; baseline -0.001 -17"><span class='ocrx_word' id='word_1_48' title='bbox 347 807 452 884; x_wconf 84' lang='lat' dir='ltr'>ipsam</span> <span class='ocrx_word' id='word_1_49' title='bbox 478 803 564 866; x_wconf 89' lang='lat' dir='ltr'>ultra</span> <span class='ocrx_word' id='word_1_50' title='bbox 587 805 621 864; x_wconf 94' lang='lat' dir='ltr'>id</span> <span class='ocrx_word' id='word_1_51' title='bbox 647 804 732 881; x_wconf 87' lang='lat' dir='ltr'>quod</span> <span class='ocrx_word' id='word_1_52' title='bbox 758 795 875 880; x_wconf 84' lang='lat' dir='ltr'>potes&#39;t,</span> <span class='ocrx_word' id='word_1_53' title='bbox 891 816 957 864; x_wconf 91' lang='lat' dir='ltr'>non</span> <span class='ocrx_word' id='word_1_54' title='bbox 980 801 1146 879; x_wconf 79' lang='lat' dir='ltr'>permittet</span> <span class='ocrx_word' id='word_1_55' title='bbox 1198 817 1380 879; x_wconf 82' lang='lat' dir='ltr'><strong>congruam</strong></span> <span class='ocrx_word' id='word_1_56' title='bbox 1404 801 1582 876; x_wconf 77' lang='lat' dir='ltr'>assignari.</span> <span class='ocrx_word' id='word_1_57' title='bbox 1610 800 1769 872; x_wconf 51' lang='lat' dir='ltr'>¹Quocirca</span> <span class='ocrx_word' id='word_1_58' title='bbox 1799 801 1933 865; x_wconf 86' lang='lat' dir='ltr'>discreiioni</span> 
     </span>
     <span class='ocr_line' id='line_1_7' title="bbox 344 899 1933 978; baseline -0.001 -14"><span class='ocrx_word' id='word_1_59' title='bbox 344 904 479 974; x_wconf 87' lang='lat' dir='ltr'>tentari,</span> <span class='ocrx_word' id='word_1_60' title='bbox 500 901 557 964; x_wconf 89' lang='lat' dir='ltr'>sed</span> <span class='ocrx_word' id='word_1_61' title='bbox 586 902 685 964; x_wconf 82' lang='lat' dir='ltr'>saciet</span> <span class='ocrx_word' id='word_1_62' title='bbox 699 917 775 962; x_wconf 89' lang='lat' dir='ltr'>cum</span> <span class='ocrx_word' id='word_1_63' title='bbox 798 901 980 962; x_wconf 76' lang='lat' dir='ltr'>tentatione</span> <span class='ocrx_word' id='word_1_64' title='bbox 1002 915 1146 976; x_wconf 86' lang='lat' dir='ltr'>proven·</span> <span class='ocrx_word' id='word_1_65' title='bbox 1199 904 1317 962; x_wconf 84' lang='lat' dir='ltr'>vestrae</span> <span class='ocrx_word' id='word_1_66' title='bbox 1343 915 1403 978; x_wconf 85' lang='lat' dir='ltr'>per</span> <span class='ocrx_word' id='word_1_67' title='bbox 1427 899 1617 977; x_wconf 79' lang='lat' dir='ltr'>Apostolica</span> <span class='ocrx_word' id='word_1_68' title='bbox 1640 899 1760 975; x_wconf 86' lang='lat' dir='ltr'>scripta</span> <span class='ocrx_word' id='word_1_69' title='bbox 1784 900 1933 964; x_wconf 78' lang='lat' dir='ltr'>mundaum</span> 
     </span>
     <span class='ocr_line' id='line_1_8' title="bbox 347 997 1934 1076; baseline -0.001 -15"><span class='ocrx_word' id='word_1_70' title='bbox 347 1003 428 1072; x_wconf 91' lang='lat' dir='ltr'>tum,</span> <span class='ocrx_word' id='word_1_71' title='bbox 446 1001 482 1062; x_wconf 92' lang='lat' dir='ltr'>ut</span> <span class='ocrx_word' id='word_1_72' title='bbox 499 1000 610 1062; x_wconf 84' lang='lat' dir='ltr'>valeat</span> <span class='ocrx_word' id='word_1_73' title='bbox 624 999 871 1076; x_wconf 82' lang='lat' dir='ltr'>sustinere,qui</span> <span class='ocrx_word' id='word_1_74' title='bbox 889 997 1144 1060; x_wconf 88' lang='lat' dir='ltr'>christianornm</span> <span class='ocrx_word' id='word_1_75' title='bbox 1198 1003 1374 1076; x_wconf 86' lang='lat' dir='ltr'>quatenns,</span> <span class='ocrx_word' id='word_1_76' title='bbox 1399 998 1428 1058; x_wconf 89' lang='lat' dir='ltr'>si</span> <span class='ocrx_word' id='word_1_77' title='bbox 1446 1001 1587 1072; x_wconf 81' lang='lat' dir='ltr'>Brugen.</span> <span class='ocrx_word' id='word_1_78' title='bbox 1603 997 1752 1058; x_wconf 76' lang='lat' dir='ltr'>ecclesias</span> <span class='ocrx_word' id='word_1_79' title='bbox 1770 997 1891 1060; x_wconf 87' lang='lat' dir='ltr'>videritis</span> <span class='ocrx_word' id='word_1_80' title='bbox 1900 1017 1934 1060; x_wconf 72' lang='lat' dir='ltr'>aa·</span> 
     </span>
     <span class='ocr_line' id='line_1_9' title="bbox 346 1094 1933 1174; baseline -0.001 -16"><span class='ocrx_word' id='word_1_81' title='bbox 346 1097 466 1174; x_wconf 88' lang='lat' dir='ltr'>quaerit</span> <span class='ocrx_word' id='word_1_82' title='bbox 480 1096 664 1160; x_wconf 88' lang='lat' dir='ltr'>subsidium</span> <span class='ocrx_word' id='word_1_83' title='bbox 679 1098 715 1158; x_wconf 92' lang='lat' dir='ltr'>in</span> <span class='ocrx_word' id='word_1_84' title='bbox 730 1113 843 1158; x_wconf 90' lang='lat' dir='ltr'>eorum</span> <span class='ocrx_word' id='word_1_85' title='bbox 864 1094 1027 1156; x_wconf 83' lang='lat' dir='ltr'>auxilium</span> <span class='ocrx_word' id='word_1_86' title='bbox 1042 1095 1075 1156; x_wconf 90' lang='lat' dir='ltr'>et</span> <span class='ocrx_word' id='word_1_87' title='bbox 1090 1109 1146 1154; x_wconf 88' lang='lat' dir='ltr'>sa·</span> <span class='ocrx_word' id='word_1_88' title='bbox 1199 1097 1328 1174; x_wconf 86' lang='lat' dir='ltr'>pedire,</span> <span class='ocrx_word' id='word_1_89' title='bbox 1356 1097 1430 1158; x_wconf 91' lang='lat' dir='ltr'>vice</span> <span class='ocrx_word' id='word_1_90' title='bbox 1466 1101 1581 1157; x_wconf 85' lang='lat' dir='ltr'>nostra</span> <span class='ocrx_word' id='word_1_91' title='bbox 1614 1096 1793 1156; x_wconf 82' lang='lat' dir='ltr'>cessionem</span> <span class='ocrx_word' id='word_1_92' title='bbox 1821 1098 1933 1172; x_wconf 78' lang='lat' dir='ltr'>recipiatis</span> 
     </span>
     <span class='ocr_line' id='line_1_10' title="bbox 343 1193 1934 1272; baseline 0.001 -18"><span class='ocrx_word' id='word_1_93' title='bbox 343 1194 464 1269; x_wconf 64' lang='lat' dir='ltr'>luteum</span> <span class='ocrx_word' id='word_1_94' title='bbox 478 1197 512 1257; x_wconf 88' lang='lat' dir='ltr'>st</span> <span class='ocrx_word' id='word_1_95' title='bbox 529 1195 680 1272; x_wconf 86' lang='lat' dir='ltr'>quamvis</span> <span class='ocrx_word' id='word_1_96' title='bbox 699 1193 859 1256; x_wconf 89' lang='lat' dir='ltr'>bonorum</span> <span class='ocrx_word' id='word_1_97' title='bbox 876 1195 1064 1254; x_wconf 89' lang='lat' dir='ltr'>nostrorum</span> <span class='ocrx_word' id='word_1_98' title='bbox 1080 1208 1145 1252; x_wconf 91' lang='lat' dir='ltr'>non</span> <span class='ocrx_word' id='word_1_99' title='bbox 1200 1194 1316 1272; x_wconf 89' lang='lat' dir='ltr'>ipsius,</span> <span class='ocrx_word' id='word_1_100' title='bbox 1340 1195 1438 1272; x_wconf 84' lang='lat' dir='ltr'>eique</span> <span class='ocrx_word' id='word_1_101' title='bbox 1463 1193 1688 1271; x_wconf 87' lang='lat' dir='ltr'>provisionem</span> <span class='ocrx_word' id='word_1_102' title='bbox 1715 1194 1866 1268; x_wconf 78' lang='lat' dir='ltr'>assignare</span> <span class='ocrx_word' id='word_1_103' title='bbox 1880 1211 1934 1255; x_wconf 83' lang='lat' dir='ltr'>cuns</span> 
     </span>
     <span class='ocr_line' id='line_1_11' title="bbox 346 1291 1935 1370; baseline -0.002 -16"><span class='ocrx_word' id='word_1_104' title='bbox 346 1294 454 1368; x_wconf 59' lang='lat' dir='ltr'>meat,</span> <span class='ocrx_word' id='word_1_105' title='bbox 468 1307 509 1354; x_wconf 86' lang='lat' dir='ltr'>ea</span> <span class='ocrx_word' id='word_1_106' title='bbox 523 1293 634 1354; x_wconf 89' lang='lat' dir='ltr'>tamen</span> <span class='ocrx_word' id='word_1_107' title='bbox 650 1309 669 1352; x_wconf 86' lang='lat' dir='ltr'>a</span> <span class='ocrx_word' id='word_1_108' title='bbox 686 1291 780 1354; x_wconf 87' lang='lat' dir='ltr'>nobis</span> <span class='ocrx_word' id='word_1_109' title='bbox 792 1291 951 1367; x_wconf 77' lang='lat' dir='ltr'>exposcit,</span> <span class='ocrx_word' id='word_1_110' title='bbox 970 1294 1005 1353; x_wconf 89' lang='lat' dir='ltr'>ut</span> <span class='ocrx_word' id='word_1_111' title='bbox 1019 1291 1067 1352; x_wconf 88' lang='lat' dir='ltr'>sic</span> <span class='ocrx_word' id='word_1_112' title='bbox 1083 1305 1146 1351; x_wconf 89' lang='lat' dir='ltr'>no·</span> <span class='ocrx_word' id='word_1_113' title='bbox 1199 1293 1242 1354; x_wconf 90' lang='lat' dir='ltr'>tis</span> <span class='ocrx_word' id='word_1_114' title='bbox 1267 1292 1308 1353; x_wconf 92' lang='lat' dir='ltr'>de</span> <span class='ocrx_word' id='word_1_115' title='bbox 1323 1295 1393 1370; x_wconf 88' lang='lat' dir='ltr'>jam</span> <span class='ocrx_word' id='word_1_116' title='bbox 1416 1292 1511 1353; x_wconf 88' lang='lat' dir='ltr'>dictae</span> <span class='ocrx_word' id='word_1_117' title='bbox 1538 1292 1765 1369; x_wconf 72' lang='lat' dir='ltr'>praepositurae</span> <span class='ocrx_word' id='word_1_118' title='bbox 1783 1293 1935 1368; x_wconf 76' lang='lat' dir='ltr'>proventibus</span> 
     </span>
     <span class='ocr_line' id='line_1_12' title="bbox 346 1387 1935 1467; baseline -0.003 -15"><span class='ocrx_word' id='word_1_119' title='bbox 346 1390 399 1452; x_wconf 92' lang='lat' dir='ltr'>bis</span> <span class='ocrx_word' id='word_1_120' title='bbox 420 1389 507 1452; x_wconf 82' lang='lat' dir='ltr'>illios</span> <span class='ocrx_word' id='word_1_121' title='bbox 528 1390 587 1450; x_wconf 89' lang='lat' dir='ltr'>Dei</span> <span class='ocrx_word' id='word_1_122' title='bbox 607 1390 681 1452; x_wconf 88' lang='lat' dir='ltr'>tleri</span> <span class='ocrx_word' id='word_1_123' title='bbox 704 1405 774 1452; x_wconf 87' lang='lat' dir='ltr'>suae</span> <span class='ocrx_word' id='word_1_124' title='bbox 792 1389 950 1452; x_wconf 86' lang='lat' dir='ltr'>bonitatis</span> <span class='ocrx_word' id='word_1_125' title='bbox 972 1388 1146 1451; x_wconf 87' lang='lat' dir='ltr'>clementia</span> <span class='ocrx_word' id='word_1_126' title='bbox 1200 1391 1451 1467; x_wconf 89' lang='lat' dir='ltr'>competentem,</span> <span class='ocrx_word' id='word_1_127' title='bbox 1463 1389 1677 1466; x_wconf 79' lang='lat' dir='ltr'>injungentes</span> <span class='ocrx_word' id='word_1_128' title='bbox 1688 1387 1823 1464; x_wconf 89' lang='lat' dir='ltr'>capitulo</span> <span class='ocrx_word' id='word_1_129' title='bbox 1835 1391 1935 1450; x_wconf 83' lang='lat' dir='ltr'>ecclesia</span> 
     </span>
     <span class='ocr_line' id='line_1_13' title="bbox 347 1486 1935 1565; baseline -0.003 -15"><span class='ocrx_word' id='word_1_130' title='bbox 347 1487 472 1550; x_wconf 85' lang='lat' dir='ltr'>tribuat</span> <span class='ocrx_word' id='word_1_131' title='bbox 494 1487 701 1565; x_wconf 85' lang='lat' dir='ltr'>potestatem,</span> <span class='ocrx_word' id='word_1_132' title='bbox 723 1491 756 1550; x_wconf 88' lang='lat' dir='ltr'>et</span> <span class='ocrx_word' id='word_1_133' title='bbox 773 1487 829 1550; x_wconf 84' lang='lat' dir='ltr'>iric</span> <span class='ocrx_word' id='word_1_134' title='bbox 845 1488 901 1565; x_wconf 85' lang='lat' dir='ltr'>qui</span> <span class='ocrx_word' id='word_1_135' title='bbox 922 1487 952 1549; x_wconf 90' lang='lat' dir='ltr'>ei</span> <span class='ocrx_word' id='word_1_136' title='bbox 968 1487 1097 1549; x_wconf 85' lang='lat' dir='ltr'>servire</span> <span class='ocrx_word' id='word_1_137' title='bbox 1111 1486 1147 1546; x_wconf 90' lang='lat' dir='ltr'>in</span> <span class='ocrx_word' id='word_1_138' title='bbox 1200 1491 1413 1558; x_wconf 74' lang='lat' dir='ltr'>memorata,</span> <span class='ocrx_word' id='word_1_139' title='bbox 1441 1489 1478 1549; x_wconf 89' lang='lat' dir='ltr'>nt</span> <span class='ocrx_word' id='word_1_140' title='bbox 1503 1487 1591 1549; x_wconf 89' lang='lat' dir='ltr'>inira</span> <span class='ocrx_word' id='word_1_141' title='bbox 1620 1487 1794 1548; x_wconf 92' lang='lat' dir='ltr'>terminum</span> <span class='ocrx_word' id='word_1_142' title='bbox 1818 1503 1935 1548; x_wconf 57' lang='lat' dir='ltr'>ararim</span> 
     </span>
     <span class='ocr_line' id='line_1_14' title="bbox 348 1582 1935 1662; baseline -0.002 -16"><span class='ocrx_word' id='word_1_143' title='bbox 348 1584 531 1646; x_wconf 87' lang='lat' dir='ltr'>subsidium</span> <span class='ocrx_word' id='word_1_144' title='bbox 546 1585 803 1647; x_wconf 83' lang='lat' dir='ltr'>TerraeSanctaa</span> <span class='ocrx_word' id='word_1_145' title='bbox 818 1601 885 1646; x_wconf 90' lang='lat' dir='ltr'>non</span> <span class='ocrx_word' id='word_1_146' title='bbox 901 1587 1048 1662; x_wconf 87' lang='lat' dir='ltr'>possunt,</span> <span class='ocrx_word' id='word_1_147' title='bbox 1074 1582 1145 1644; x_wconf 85' lang='lat' dir='ltr'>sal·</span> <span class='ocrx_word' id='word_1_148' title='bbox 1202 1589 1360 1648; x_wconf 88' lang='lat' dir='ltr'>statutum</span> <span class='ocrx_word' id='word_1_149' title='bbox 1385 1584 1622 1646; x_wconf 90' lang='lat' dir='ltr'>cumconsilio</span> <span class='ocrx_word' id='word_1_150' title='bbox 1646 1588 1757 1646; x_wconf 88' lang='lat' dir='ltr'>vestro</span> <span class='ocrx_word' id='word_1_151' title='bbox 1783 1585 1819 1644; x_wconf 88' lang='lat' dir='ltr'>de</span> <span class='ocrx_word' id='word_1_152' title='bbox 1844 1601 1935 1661; x_wconf 86' lang='lat' dir='ltr'>person</span> 
     </span>
     <span class='ocr_line' id='line_1_15' title="bbox 347 1680 1936 1760; baseline -0.003 -15"><span class='ocrx_word' id='word_1_153' title='bbox 347 1684 414 1745; x_wconf 88' lang='lat' dir='ltr'>tem</span> <span class='ocrx_word' id='word_1_154' title='bbox 434 1683 471 1744; x_wconf 88' lang='lat' dir='ltr'>in</span> <span class='ocrx_word' id='word_1_155' title='bbox 486 1697 681 1744; x_wconf 80' lang='lat' dir='ltr'>succursum</span> <span class='ocrx_word' id='word_1_156' title='bbox 709 1683 896 1744; x_wconf 83' lang='lat' dir='ltr'>Prutenicae</span> <span class='ocrx_word' id='word_1_157' title='bbox 918 1683 1027 1758; x_wconf 77' lang='lat' dir='ltr'>gentis</span> <span class='ocrx_word' id='word_1_158' title='bbox 1042 1681 1073 1744; x_wconf 90' lang='lat' dir='ltr'>ei</span> <span class='ocrx_word' id='word_1_159' title='bbox 1088 1680 1147 1742; x_wconf 89' lang='lat' dir='ltr'>de·</span> <span class='ocrx_word' id='word_1_160' title='bbox 1201 1684 1320 1745; x_wconf 88' lang='lat' dir='ltr'>idonea</span> <span class='ocrx_word' id='word_1_161' title='bbox 1335 1683 1399 1744; x_wconf 90' lang='lat' dir='ltr'>sibi</span> <span class='ocrx_word' id='word_1_162' title='bbox 1414 1698 1473 1760; x_wconf 88' lang='lat' dir='ltr'>per</span> <span class='ocrx_word' id='word_1_163' title='bbox 1487 1683 1936 1759; x_wconf 81' lang='lat' dir='ltr'>electionemcanonicanprod·</span> 
     </span>
     <span class='ocr_line' id='line_1_16' title="bbox 348 1778 1936 1859; baseline -0.002 -19"><span class='ocrx_word' id='word_1_164' title='bbox 348 1781 461 1842; x_wconf 88' lang='lat' dir='ltr'>votum</span> <span class='ocrx_word' id='word_1_165' title='bbox 484 1778 665 1842; x_wconf 79' lang='lat' dir='ltr'>exhibeant</span> <span class='ocrx_word' id='word_1_166' title='bbox 688 1780 1068 1851; x_wconf 79' lang='lat' dir='ltr'>inmutatum&#39;Quamvis</span> <span class='ocrx_word' id='word_1_167' title='bbox 1082 1779 1148 1856; x_wconf 81' lang='lat' dir='ltr'>igi·</span> <span class='ocrx_word' id='word_1_168' title='bbox 1200 1782 1302 1845; x_wconf 89' lang='lat' dir='ltr'>deant</span> <span class='ocrx_word' id='word_1_169' title='bbox 1328 1781 1363 1842; x_wconf 88' lang='lat' dir='ltr'>in</span> <span class='ocrx_word' id='word_1_170' title='bbox 1384 1783 1563 1858; x_wconf 87' lang='lat' dir='ltr'>pastorem.</span> <span class='ocrx_word' id='word_1_171' title='bbox 1590 1781 1813 1859; x_wconf 83' lang='lat' dir='ltr'>Alioquinros</span> <span class='ocrx_word' id='word_1_172' title='bbox 1836 1797 1869 1841; x_wconf 82' lang='lat' dir='ltr'>es</span> <span class='ocrx_word' id='word_1_173' title='bbox 1889 1783 1936 1840; x_wconf 80' lang='lat' dir='ltr'>tunc</span> 
     </span>
     <span class='ocr_line' id='line_1_17' title="bbox 346 1876 1934 1957; baseline -0.001 -19"><span class='ocrx_word' id='word_1_174' title='bbox 346 1879 402 1938; x_wconf 92' lang='lat' dir='ltr'>tur</span> <span class='ocrx_word' id='word_1_175' title='bbox 435 1893 495 1940; x_wconf 89' lang='lat' dir='ltr'>vos</span> <span class='ocrx_word' id='word_1_176' title='bbox 521 1877 592 1938; x_wconf 86' lang='lat' dir='ltr'>zelo</span> <span class='ocrx_word' id='word_1_177' title='bbox 625 1877 702 1938; x_wconf 86' lang='lat' dir='ltr'>lidai</span> <span class='ocrx_word' id='word_1_178' title='bbox 730 1893 769 1939; x_wconf 89' lang='lat' dir='ltr'>ac</span> <span class='ocrx_word' id='word_1_179' title='bbox 797 1877 983 1940; x_wconf 87' lang='lat' dir='ltr'>devotionis</span> <span class='ocrx_word' id='word_1_180' title='bbox 1014 1876 1148 1940; x_wconf 84' lang='lat' dir='ltr'>accensi</span> <span class='ocrx_word' id='word_1_181' title='bbox 1202 1883 1304 1943; x_wconf 85' lang='lat' dir='ltr'>Deum</span> <span class='ocrx_word' id='word_1_182' title='bbox 1319 1879 1479 1944; x_wconf 83' lang='lat' dir='ltr'>habentes</span> <span class='ocrx_word' id='word_1_183' title='bbox 1494 1895 1563 1957; x_wconf 90' lang='lat' dir='ltr'>prae</span> <span class='ocrx_word' id='word_1_184' title='bbox 1580 1879 1699 1952; x_wconf 90' lang='lat' dir='ltr'>oculis,</span> <span class='ocrx_word' id='word_1_185' title='bbox 1716 1879 1763 1940; x_wconf 90' lang='lat' dir='ltr'>eis</span> <span class='ocrx_word' id='word_1_186' title='bbox 1783 1877 1934 1957; x_wconf 84' lang='lat' dir='ltr'>pmviieais,</span> 
     </span>
     <span class='ocr_line' id='line_1_18' title="bbox 347 1974 1937 2056; baseline -0.002 -21"><span class='ocrx_word' id='word_1_187' title='bbox 347 1974 450 2038; x_wconf 82' lang='lat' dir='ltr'>attixo</span> <span class='ocrx_word' id='word_1_188' title='bbox 464 1975 585 2038; x_wconf 89' lang='lat' dir='ltr'>vestris</span> <span class='ocrx_word' id='word_1_189' title='bbox 600 1975 749 2036; x_wconf 85' lang='lat' dir='ltr'>humeris</span> <span class='ocrx_word' id='word_1_190' title='bbox 764 1975 859 2050; x_wconf 75' lang='lat' dir='ltr'>signo</span> <span class='ocrx_word' id='word_1_191' title='bbox 877 1975 986 2036; x_wconf 88' lang='lat' dir='ltr'>crucis</span> <span class='ocrx_word' id='word_1_192' title='bbox 1008 1976 1042 2036; x_wconf 93' lang='lat' dir='ltr'>in</span> <span class='ocrx_word' id='word_1_193' title='bbox 1057 1976 1147 2036; x_wconf 86' lang='lat' dir='ltr'>terra</span> <span class='ocrx_word' id='word_1_194' title='bbox 1201 1977 1424 2056; x_wconf 83' lang='lat' dir='ltr'>appellatione</span> <span class='ocrx_word' id='word_1_195' title='bbox 1435 1981 1573 2049; x_wconf 88' lang='lat' dir='ltr'>remota,</span> <span class='ocrx_word' id='word_1_196' title='bbox 1583 1977 1624 2038; x_wconf 91' lang='lat' dir='ltr'>de</span> <span class='ocrx_word' id='word_1_197' title='bbox 1637 1975 1937 2054; x_wconf 71' lang='lat' dir='ltr'>personaquaebujus</span> 
     </span>
     <span class='ocr_line' id='line_1_19' title="bbox 342 2071 1858 2154; baseline 0.002 -23"><span class='ocrx_word' id='word_1_198' title='bbox 342 2071 406 2148; x_wconf 25' lang='lat' dir='ltr'>&#39;illa</span> <span class='ocrx_word' id='word_1_199' title='bbox 421 2073 457 2132; x_wconf 86' lang='lat' dir='ltr'>in</span> <span class='ocrx_word' id='word_1_200' title='bbox 467 2088 533 2150; x_wconf 87' lang='lat' dir='ltr'>que</span> <span class='ocrx_word' id='word_1_201' title='bbox 547 2072 700 2134; x_wconf 84' lang='lat' dir='ltr'>Salvator</span> <span class='ocrx_word' id='word_1_202' title='bbox 711 2074 851 2135; x_wconf 84' lang='lat' dir='ltr'>salutem</span> <span class='ocrx_word' id='word_1_203' title='bbox 864 2073 1001 2134; x_wconf 83' lang='lat' dir='ltr'>humani</span> <span class='ocrx_word' id='word_1_204' title='bbox 1014 2073 1147 2150; x_wconf 81' lang='lat' dir='ltr'>generis</span> <span class='ocrx_word' id='word_1_205' title='bbox 1202 2077 1291 2138; x_wconf 91' lang='lat' dir='ltr'>modi</span> <span class='ocrx_word' id='word_1_206' title='bbox 1306 2077 1460 2154; x_wconf 76' lang='lat' dir='ltr'>dignitati</span> <span class='ocrx_word' id='word_1_207' title='bbox 1474 2078 1637 2152; x_wconf 79' lang='lat' dir='ltr'>congruat</span> <span class='ocrx_word' id='word_1_208' title='bbox 1648 2075 1683 2136; x_wconf 93' lang='lat' dir='ltr'>in</span> <span class='ocrx_word' id='word_1_209' title='bbox 1700 2077 1858 2152; x_wconf 88' lang='lat' dir='ltr'>pastorem.</span> 
     </span>
     <span class='ocr_line' id='line_1_20' title="bbox 347 2169 1936 2250; baseline 0 -22"><span class='ocrx_word' id='word_1_210' title='bbox 347 2169 503 2244; x_wconf 85' lang='lat' dir='ltr'>dignatus</span> <span class='ocrx_word' id='word_1_211' title='bbox 533 2172 585 2235; x_wconf 85' lang='lat' dir='ltr'>eat</span> <span class='ocrx_word' id='word_1_212' title='bbox 617 2171 766 2246; x_wconf 84' lang='lat' dir='ltr'>operari.</span> <span class='ocrx_word' id='word_1_213' title='bbox 801 2171 918 2250; x_wconf 87' lang='lat' dir='ltr'>praelia</span> <span class='ocrx_word' id='word_1_214' title='bbox 949 2170 1147 2232; x_wconf 86' lang='lat' dir='ltr'>desideratis</span> <span class='ocrx_word' id='word_1_215' title='bbox 1242 2175 1361 2236; x_wconf 89' lang='lat' dir='ltr'>Datum</span> <span class='ocrx_word' id='word_1_216' title='bbox 1391 2177 1503 2236; x_wconf 86' lang='lat' dir='ltr'>Romae</span> <span class='ocrx_word' id='word_1_217' title='bbox 1531 2172 1618 2250; x_wconf 90' lang='lat' dir='ltr'>apud</span> <span class='ocrx_word' id='word_1_218' title='bbox 1637 2176 1672 2235; x_wconf 84' lang='lat' dir='ltr'>S.</span> <span class='ocrx_word' id='word_1_219' title='bbox 1696 2174 1823 2235; x_wconf 87' lang='lat' dir='ltr'>Petrum</span> <span class='ocrx_word' id='word_1_220' title='bbox 1843 2169 1936 2231; x_wconf 74' lang='lat' dir='ltr'>smmis</span> 
     </span>
     <span class='ocr_line' id='line_1_21' title="bbox 347 2267 1692 2344; baseline 0.004 -18"><span class='ocrx_word' id='word_1_221' title='bbox 347 2267 480 2328; x_wconf 88' lang='lat' dir='ltr'>Domini</span> <span class='ocrx_word' id='word_1_222' title='bbox 508 2267 668 2344; x_wconf 80' lang='lat' dir='ltr'>praeliari,</span> <span class='ocrx_word' id='word_1_223' title='bbox 695 2267 773 2344; x_wconf 82' lang='lat' dir='ltr'>quia</span> <span class='ocrx_word' id='word_1_224' title='bbox 805 2269 895 2330; x_wconf 89' lang='lat' dir='ltr'>vires</span> <span class='ocrx_word' id='word_1_225' title='bbox 919 2272 953 2332; x_wconf 87' lang='lat' dir='ltr'>et</span> <span class='ocrx_word' id='word_1_226' title='bbox 972 2267 1147 2330; x_wconf 79' lang='lat' dir='ltr'>facultates</span> <span class='ocrx_word' id='word_1_227' title='bbox 1202 2287 1308 2333; x_wconf 88' lang='lat' dir='ltr'>nonas</span> <span class='ocrx_word' id='word_1_228' title='bbox 1323 2271 1415 2337; x_wconf 84' lang='lat' dir='ltr'>maii.</span> <span class='ocrx_word' id='word_1_229' title='bbox 1429 2287 1520 2334; x_wconf 91' lang='lat' dir='ltr'>anno</span> <span class='ocrx_word' id='word_1_230' title='bbox 1533 2271 1692 2333; x_wconf 91' lang='lat' dir='ltr'>secundo.</span> 
     </span>
     <span class='ocr_line' id='line_1_22' title="bbox 348 2364 1149 2444; baseline 0.004 -20"><span class='ocrx_word' id='word_1_231' title='bbox 348 2364 444 2425; x_wconf 91' lang='lat' dir='ltr'>vobis</span> <span class='ocrx_word' id='word_1_232' title='bbox 457 2380 523 2426; x_wconf 93' lang='lat' dir='ltr'>non</span> <span class='ocrx_word' id='word_1_233' title='bbox 539 2366 727 2442; x_wconf 88' lang='lat' dir='ltr'>suppetunt,</span> <span class='ocrx_word' id='word_1_234' title='bbox 742 2365 861 2444; x_wconf 87' lang='lat' dir='ltr'>quibus</span> <span class='ocrx_word' id='word_1_235' title='bbox 875 2367 937 2428; x_wconf 88' lang='lat' dir='ltr'>boc</span> <span class='ocrx_word' id='word_1_236' title='bbox 948 2367 1083 2444; x_wconf 88' lang='lat' dir='ltr'>possitis</span> <span class='ocrx_word' id='word_1_237' title='bbox 1096 2365 1149 2427; x_wconf 93' lang='lat' dir='ltr'>de-</span> 
     </span>
     <span class='ocr_line' id='line_1_23' title="bbox 350 2430 1699 2540; baseline -0.005 -16"><span class='ocrx_word' id='word_1_238' title='bbox 350 2461 509 2524; x_wconf 88' lang='lat' dir='ltr'>siderium</span> <span class='ocrx_word' id='word_1_239' title='bbox 545 2461 743 2540; x_wconf 87' lang='lat' dir='ltr'>adimplere,</span> <span class='ocrx_word' id='word_1_240' title='bbox 787 2463 958 2526; x_wconf 90' lang='lat' dir='ltr'>vobiscum</span> <span class='ocrx_word' id='word_1_241' title='bbox 992 2463 1148 2524; x_wconf 85' lang='lat' dir='ltr'>duximus</span> <span class='ocrx_word' id='word_1_242' title='bbox 1510 2430 1699 2518; x_wconf 74' lang='lat' dir='ltr'>CCXXVI</span> 
     </span>
     <span class='ocr_line' id='line_1_24' title="bbox 350 2559 1837 2638; baseline -0.001 -16"><span class='ocrx_word' id='word_1_243' title='bbox 350 2559 621 2637; x_wconf 85' lang='lat' dir='ltr'>dispensandum,</span> <span class='ocrx_word' id='word_1_244' title='bbox 642 2563 720 2622; x_wconf 84' lang='lat' dir='ltr'>vota</span> <span class='ocrx_word' id='word_1_245' title='bbox 733 2561 1012 2638; x_wconf 77' lang='lat' dir='ltr'>peregrinationis</span> <span class='ocrx_word' id='word_1_246' title='bbox 1027 2563 1146 2622; x_wconf 73' lang='lat' dir='ltr'>vestrae</span> <span class='ocrx_word' id='word_1_247' title='bbox 1353 2577 1405 2637; x_wconf 66' lang='lat' dir='ltr'>Aa</span> <span class='ocrx_word' id='word_1_248' title='bbox 1424 2578 1601 2636; x_wconf 61' lang='lat' dir='ltr'>mmm</span> <span class='ocrx_word' id='word_1_249' title='bbox 1621 2577 1837 2636; x_wconf 58' lang='lat' dir='ltr'>mmmmm,</span> 
     </span>
     <span class='ocr_line' id='line_1_25' title="bbox 349 2658 1701 2746; baseline 0 -27"><span class='ocrx_word' id='word_1_250' title='bbox 349 2658 384 2719; x_wconf 92' lang='lat' dir='ltr'>in</span> <span class='ocrx_word' id='word_1_251' title='bbox 409 2673 603 2722; x_wconf 81' lang='lat' dir='ltr'>succursum</span> <span class='ocrx_word' id='word_1_252' title='bbox 618 2658 766 2720; x_wconf 82' lang='lat' dir='ltr'>fidelium</span> <span class='ocrx_word' id='word_1_253' title='bbox 788 2659 829 2721; x_wconf 90' lang='lat' dir='ltr'>de</span> <span class='ocrx_word' id='word_1_254' title='bbox 854 2661 989 2722; x_wconf 87' lang='lat' dir='ltr'>Prussia</span> <span class='ocrx_word' id='word_1_255' title='bbox 1013 2658 1148 2721; x_wconf 91' lang='lat' dir='ltr'>miseri·</span> <span class='ocrx_word' id='word_1_256' title='bbox 1505 2687 1601 2746; x_wconf 55' lang='lat' dir='ltr'>oman</span> <span class='ocrx_word' id='word_1_257' title='bbox 1621 2689 1701 2745; x_wconf 68' lang='lat' dir='ltr'>latii.</span> 
     </span>
     <span class='ocr_line' id='line_1_26' title="bbox 352 2755 1148 2828; baseline 0 -12"><span class='ocrx_word' id='word_1_258' title='bbox 352 2755 497 2816; x_wconf 89' lang='lat' dir='ltr'>corditer</span> <span class='ocrx_word' id='word_1_259' title='bbox 524 2756 766 2818; x_wconf 86' lang='lat' dir='ltr'>commutando.</span> <span class='ocrx_word' id='word_1_260' title='bbox 794 2757 957 2828; x_wconf 87' lang='lat' dir='ltr'>Quocirca</span> <span class='ocrx_word' id='word_1_261' title='bbox 981 2757 1148 2818; x_wconf 89' lang='lat' dir='ltr'>universi-</span> 
     </span>
     <span class='ocr_line' id='line_1_27' title="bbox 348 2853 1821 2928; baseline 0.001 -14"><span class='ocrx_word' id='word_1_262' title='bbox 348 2853 449 2914; x_wconf 86' lang='lat' dir='ltr'>tatem</span> <span class='ocrx_word' id='word_1_263' title='bbox 470 2853 614 2914; x_wconf 80' lang='lat' dir='ltr'>vestrem</span> <span class='ocrx_word' id='word_1_264' title='bbox 636 2868 792 2928; x_wconf 83' lang='lat' dir='ltr'>rogamus</span> <span class='ocrx_word' id='word_1_265' title='bbox 816 2855 849 2916; x_wconf 88' lang='lat' dir='ltr'>et</span> <span class='ocrx_word' id='word_1_266' title='bbox 878 2854 1090 2916; x_wconf 85' lang='lat' dir='ltr'>obsecramus</span> <span class='ocrx_word' id='word_1_267' title='bbox 1112 2855 1148 2916; x_wconf 94' lang='lat' dir='ltr'>in</span> <span class='ocrx_word' id='word_1_268' title='bbox 1274 2913 1280 2926; x_wconf 86' lang='grc'><strong>,</strong></span> <span class='ocrx_word' id='word_1_269' title='bbox 1693 2916 1699 2927; x_wconf 79' lang='grc'><strong>,</strong></span> <span class='ocrx_word' id='word_1_270' title='bbox 1754 2915 1759 2926; x_wconf 83' lang='grc'><strong>,</strong></span> <span class='ocrx_word' id='word_1_271' title='bbox 1816 2911 1821 2921; x_wconf 94' lang='grc'>,</span> 
     </span>
     <span class='ocr_line' id='line_1_28' title="bbox 349 2911 1938 3031; baseline -0.03 -19"><span class='ocrx_word' id='word_1_272' title='bbox 349 2949 490 3012; x_wconf 87' lang='lat' dir='ltr'>Domino</span> <span class='ocrx_word' id='word_1_273' title='bbox 508 2965 569 3027; x_wconf 88' lang='lat' dir='ltr'>per</span> <span class='ocrx_word' id='word_1_274' title='bbox 582 2951 772 3028; x_wconf 77' lang='lat' dir='ltr'>apostolica</span> <span class='ocrx_word' id='word_1_275' title='bbox 791 2951 885 3012; x_wconf 90' lang='lat' dir='ltr'>vobis</span> <span class='ocrx_word' id='word_1_276' title='bbox 911 2953 1034 3031; x_wconf 90' lang='lat' dir='ltr'>scripta</span> <span class='ocrx_word' id='word_1_277' title='bbox 1059 2969 1149 3014; x_wconf 90' lang='lat' dir='ltr'>man·</span> <span class='ocrx_word' id='word_1_278' title='bbox 1242 2914 1336 2982; x_wconf 46' lang='grc' dir='ltr'>νῶθ’</span> <span class='ocrx_word' id='word_1_279' title='bbox 1353 2916 1375 2976; x_wconf 66' lang='lat' dir='ltr'>t·</span> <span class='ocrx_word' id='word_1_280' title='bbox 1397 2915 1422 2986; x_wconf 77' lang='lat'>1»</span> <span class='ocrx_word' id='word_1_281' title='bbox 1438 2914 1562 2980; x_wconf 76' lang='lat' dir='ltr'>Ollinia</span> <span class='ocrx_word' id='word_1_282' title='bbox 1578 2913 1789 2987; x_wconf 72' lang='lat' dir='ltr'>Colbnblotio,</span> <span class='ocrx_word' id='word_1_283' title='bbox 1802 2913 1844 2971; x_wconf 83' lang='lat' dir='ltr'>tlt.</span> <span class='ocrx_word' id='word_1_284' title='bbox 1860 2911 1882 2974; x_wconf 85' lang='lat'>5,</span> <span class='ocrx_word' id='word_1_285' title='bbox 1895 2921 1938 2978; x_wconf 83' lang='lat' dir='ltr'>cap</span> 
     </span>
     <span class='ocr_line' id='line_1_29' title="bbox 350 3009 1589 3128; baseline 0.002 -18"><span class='ocrx_word' id='word_1_286' title='bbox 350 3048 466 3110; x_wconf 89' lang='lat' dir='ltr'>dantes</span> <span class='ocrx_word' id='word_1_287' title='bbox 481 3049 515 3110; x_wconf 91' lang='lat' dir='ltr'>et</span> <span class='ocrx_word' id='word_1_288' title='bbox 538 3048 574 3110; x_wconf 92' lang='lat' dir='ltr'>in</span> <span class='ocrx_word' id='word_1_289' title='bbox 598 3049 827 3112; x_wconf 87' lang='lat' dir='ltr'>remissionem</span> <span class='ocrx_word' id='word_1_290' title='bbox 843 3051 1070 3128; x_wconf 88' lang='lat' dir='ltr'>peccaminum</span> <span class='ocrx_word' id='word_1_291' title='bbox 1090 3051 1148 3112; x_wconf 92' lang='lat' dir='ltr'>in·</span> <span class='ocrx_word' id='word_1_292' title='bbox 1204 3013 1232 3084; x_wconf 70' lang='lat'>1’</span> <span class='ocrx_word' id='word_1_293' title='bbox 1247 3014 1277 3084; x_wconf 73' lang='lat'>2’</span> <span class='ocrx_word' id='word_1_294' title='bbox 1290 3014 1320 3083; x_wconf 82' lang='lat'>3’</span> <span class='ocrx_word' id='word_1_295' title='bbox 1336 3011 1398 3073; x_wconf 71' lang='lat'>⁰⁰¹·</span> <span class='ocrx_word' id='word_1_296' title='bbox 1415 3013 1485 3083; x_wconf 71' lang='lat'>350&#39;</span> <span class='ocrx_word' id='word_1_297' title='bbox 1502 3009 1589 3089; x_wconf 69' lang='lat'>35¹¹)</span> 
     </span>
     <span class='ocr_line' id='line_1_30' title="bbox 344 3146 1689 3250; baseline 0.004 -45"><span class='ocrx_word' id='word_1_298' title='bbox 344 3147 535 3224; x_wconf 83' lang='lat' dir='ltr'>jungentes,</span> <span class='ocrx_word' id='word_1_299' title='bbox 545 3148 709 3222; x_wconf 87' lang='lat' dir='ltr'>quatenus</span> <span class='ocrx_word' id='word_1_300' title='bbox 722 3147 762 3207; x_wconf 88' lang='lat' dir='ltr'>ad</span> <span class='ocrx_word' id='word_1_301' title='bbox 779 3146 1019 3210; x_wconf 78' lang='lat' dir='ltr'>defendendum</span> <span class='ocrx_word' id='word_1_302' title='bbox 1034 3149 1148 3210; x_wconf 88' lang='lat' dir='ltr'>tidelos</span> <span class='ocrx_word' id='word_1_303' title='bbox 1519 3163 1689 3250; x_wconf 64' lang='lat' dir='ltr'>(¹0va</span> 
     </span>
     <span class='ocr_line' id='line_1_31' title="bbox 349 3217 1938 3358; baseline -0.004 -39"><span class='ocrx_word' id='word_1_304' title='bbox 349 3242 525 3319; x_wconf 78' lang='lat' dir='ltr'>praedictos</span> <span class='ocrx_word' id='word_1_305' title='bbox 541 3248 656 3305; x_wconf 86' lang='lat' dir='ltr'>contra</span> <span class='ocrx_word' id='word_1_306' title='bbox 675 3243 835 3306; x_wconf 86' lang='lat' dir='ltr'>barbaras</span> <span class='ocrx_word' id='word_1_307' title='bbox 851 3246 1002 3306; x_wconf 90' lang='lat' dir='ltr'>nationes</span> <span class='ocrx_word' id='word_1_308' title='bbox 1018 3262 1076 3307; x_wconf 89' lang='lat' dir='ltr'>vos</span> <span class='ocrx_word' id='word_1_309' title='bbox 1097 3262 1149 3307; x_wconf 87' lang='lat' dir='ltr'>ac·</span> <span class='ocrx_word' id='word_1_310' title='bbox 1203 3299 1254 3358; x_wconf 62' lang='lat' dir='ltr'>Ad</span> <span class='ocrx_word' id='word_1_311' title='bbox 1274 3301 1301 3358; x_wconf 64' lang='lat' dir='ltr'><em>A</em></span> <span class='ocrx_word' id='word_1_312' title='bbox 1329 3299 1371 3358; x_wconf 45' lang='lat' dir='ltr'>d„</span> <span class='ocrx_word' id='word_1_313' title='bbox 1529 3217 1593 3357; x_wconf 36' lang='grc' dir='ltr'>ἰή]</span> <span class='ocrx_word' id='word_1_314' title='bbox 1615 3279 1627 3310; x_wconf 86' lang='grc'>.·</span> <span class='ocrx_word' id='word_1_315' title='bbox 1784 3293 1938 3356; x_wconf 50' lang='lat' dir='ltr'>mmm</span> 
     </span>
     <span class='ocr_line' id='line_1_32' title="bbox 348 3311 1828 3422; baseline 0.005 -22"><span class='ocrx_word' id='word_1_316' title='bbox 348 3339 491 3415; x_wconf 84' lang='lat' dir='ltr'>cingetis</span> <span class='ocrx_word' id='word_1_317' title='bbox 506 3339 650 3402; x_wconf 80' lang='lat' dir='ltr'>fideliter</span> <span class='ocrx_word' id='word_1_318' title='bbox 663 3343 696 3402; x_wconf 90' lang='lat' dir='ltr'>et</span> <span class='ocrx_word' id='word_1_319' title='bbox 706 3341 824 3403; x_wconf 89' lang='lat' dir='ltr'>devote</span> <span class='ocrx_word' id='word_1_320' title='bbox 834 3342 914 3403; x_wconf 89' lang='lat' dir='ltr'>illuc</span> <span class='ocrx_word' id='word_1_321' title='bbox 928 3344 1150 3420; x_wconf 82' lang='lat' dir='ltr'>personaliter</span> <span class='ocrx_word' id='word_1_322' title='bbox 1306 3314 1326 3358; x_wconf 64' lang='grc' dir='ltr'><strong>η</strong></span> <span class='ocrx_word' id='word_1_323' title='bbox 1352 3313 1449 3358; x_wconf 60' lang='lat' dir='ltr'>&#39;eam</span> <span class='ocrx_word' id='word_1_324' title='bbox 1468 3312 1530 3408; x_wconf 47' lang='lat' dir='ltr'>asc</span> <span class='ocrx_word' id='word_1_325' title='bbox 1566 3311 1762 3422; x_wconf 46' lang='lat' dir='ltr'>e&#39;fflfopum</span> <span class='ocrx_word' id='word_1_326' title='bbox 1825 3337 1828 3342; x_wconf 77' lang='grc'><strong>’</strong></span> 
     </span>
     <span class='ocr_line' id='line_1_33' title="bbox 348 3395 1799 3519; baseline 0.003 -22"><span class='ocrx_word' id='word_1_327' title='bbox 348 3436 527 3514; x_wconf 85' lang='lat' dir='ltr'>protecturi</span> <span class='ocrx_word' id='word_1_328' title='bbox 557 3438 591 3501; x_wconf 91' lang='lat' dir='ltr'>et</span> <span class='ocrx_word' id='word_1_329' title='bbox 617 3440 724 3500; x_wconf 83' lang='lat' dir='ltr'>acturi</span> <span class='ocrx_word' id='word_1_330' title='bbox 757 3440 938 3502; x_wconf 89' lang='lat' dir='ltr'>secundum</span> <span class='ocrx_word' id='word_1_331' title='bbox 973 3441 1148 3502; x_wconf 89' lang='lat' dir='ltr'>consilium</span> <span class='ocrx_word' id='word_1_332' title='bbox 1402 3395 1436 3456; x_wconf 50' lang='grc' dir='ltr'>εἰ</span> <span class='ocrx_word' id='word_1_333' title='bbox 1457 3411 1532 3466; x_wconf 54' lang='lat' dir='ltr'>esus</span> <span class='ocrx_word' id='word_1_334' title='bbox 1550 3395 1628 3519; x_wconf 49' lang='lat' dir='ltr'>suff</span> <span class='ocrx_word' id='word_1_335' title='bbox 1640 3408 1799 3471; x_wconf 54' lang='lat' dir='ltr'><em>‘mam&#39;</em></span> 
     </span>
     <span class='ocr_line' id='line_1_34' title="bbox 348 3507 1886 3626; baseline 0.003 -30"><span class='ocrx_word' id='word_1_336' title='bbox 348 3535 496 3613; x_wconf 88' lang='lat' dir='ltr'>episcopi</span> <span class='ocrx_word' id='word_1_337' title='bbox 520 3537 721 3604; x_wconf 87' lang='lat' dir='ltr'>eorumdem.</span> <span class='ocrx_word' id='word_1_338' title='bbox 747 3540 816 3600; x_wconf 85' lang='lat' dir='ltr'>Nos</span> <span class='ocrx_word' id='word_1_339' title='bbox 836 3539 924 3600; x_wconf 91' lang='lat' dir='ltr'>enim</span> <span class='ocrx_word' id='word_1_340' title='bbox 948 3539 1150 3616; x_wconf 88' lang='lat' dir='ltr'>quibuslibet</span> <span class='ocrx_word' id='word_1_341' title='bbox 1503 3507 1604 3626; x_wconf 31' lang='lat'>⁶⁸¹¹¹³¹¹</span> <span class='ocrx_word' id='word_1_342' title='bbox 1623 3508 1705 3626; x_wconf 53' lang='grc' dir='ltr'>ΨΒ·</span> <span class='ocrx_word' id='word_1_343' title='bbox 1759 3613 1799 3625; x_wconf 88' lang='lat'>..</span> <span class='ocrx_word' id='word_1_344' title='bbox 1845 3610 1849 3620; x_wconf 36' lang='grc' dir='ltr'>Ι</span> <span class='ocrx_word' id='word_1_345' title='bbox 1882 3606 1886 3616; x_wconf 58' lang='grc'><em>,</em></span> 
     </span>
     <span class='ocr_line' id='line_1_35' title="bbox 347 3605 1940 3717; baseline 0.002 -23"><span class='ocrx_word' id='word_1_346' title='bbox 347 3633 428 3696; x_wconf 91' lang='lat' dir='ltr'>illuc</span> <span class='ocrx_word' id='word_1_347' title='bbox 449 3635 489 3696; x_wconf 91' lang='lat' dir='ltr'>in</span> <span class='ocrx_word' id='word_1_348' title='bbox 511 3635 663 3711; x_wconf 89' lang='lat' dir='ltr'>personis</span> <span class='ocrx_word' id='word_1_349' title='bbox 684 3637 736 3696; x_wconf 92' lang='lat' dir='ltr'>vel</span> <span class='ocrx_word' id='word_1_350' title='bbox 758 3636 854 3698; x_wconf 85' lang='lat' dir='ltr'>bonis</span> <span class='ocrx_word' id='word_1_351' title='bbox 879 3637 1148 3700; x_wconf 86' lang='lat' dir='ltr'>succurrentibus</span> <span class='ocrx_word' id='word_1_352' title='bbox 1203 3615 1360 3717; x_wconf 50' lang='grc' dir='ltr'><strong>Μᾶῃᾱῦψῑ</strong></span> <span class='ocrx_word' id='word_1_353' title='bbox 1375 3616 1402 3672; x_wconf 67' lang='lat'>¹¹¹</span> <span class='ocrx_word' id='word_1_354' title='bbox 1418 3613 1590 3674; x_wconf 54' lang='lat' dir='ltr'>dmm</span> <span class='ocrx_word' id='word_1_355' title='bbox 1606 3629 1669 3672; x_wconf 73' lang='lat'>⁸⁰¹⁸</span> <span class='ocrx_word' id='word_1_356' title='bbox 1684 3605 1940 3715; x_wconf 45' lang='lat' dir='ltr'>,dssfflssfllssfqhwm</span> 
     </span>
     <span class='ocr_line' id='line_1_36' title="bbox 347 3693 1940 3813; baseline -0.008 -50"><span class='ocrx_word' id='word_1_357' title='bbox 347 3731 496 3792; x_wconf 63' lang='lat' dir='ltr'>eamdem</span> <span class='ocrx_word' id='word_1_358' title='bbox 532 3733 743 3794; x_wconf 63' lang='lat' dir='ltr'>concedimus</span> <span class='ocrx_word' id='word_1_359' title='bbox 776 3733 1037 3809; x_wconf 52' lang='lat' dir='ltr'>indulgentiam,</span> <span class='ocrx_word' id='word_1_360' title='bbox 1074 3751 1147 3813; x_wconf 70' lang='lat' dir='ltr'>quae</span> <span class='ocrx_word' id='word_1_361' title='bbox 1238 3693 1940 3778; x_wconf 75' lang='lat' dir='ltr'>netilapresbyterorumerclericorunipssulan·</span> 
     </span>
     <span class='ocr_line' id='line_1_37' title="bbox 346 3791 1871 3913; baseline 0.002 -23"><span class='ocrx_word' id='word_1_362' title='bbox 346 3829 618 3891; x_wconf 86' lang='lat' dir='ltr'>subvenientibus</span> <span class='ocrx_word' id='word_1_363' title='bbox 637 3833 749 3892; x_wconf 86' lang='lat' dir='ltr'>Terras</span> <span class='ocrx_word' id='word_1_364' title='bbox 769 3834 899 3894; x_wconf 82' lang='lat' dir='ltr'>Sanctae</span> <span class='ocrx_word' id='word_1_365' title='bbox 914 3848 1073 3894; x_wconf 89' lang='lat' dir='ltr'>concessa</span> <span class='ocrx_word' id='word_1_366' title='bbox 1097 3834 1149 3894; x_wconf 88' lang='lat' dir='ltr'>est</span> <span class='ocrx_word' id='word_1_367' title='bbox 1199 3851 1203 3876; x_wconf 75' lang='lat'><strong>¹</strong></span> <span class='ocrx_word' id='word_1_368' title='bbox 1238 3791 1635 3868; x_wconf 61' lang='lat' dir='ltr'>‘¹¹‘³¹⁹·p³¹⁹&#39;&#39;¹⁸⁸¹¹⁰⁰⁰d³m&#39;</span> <span class='ocrx_word' id='word_1_369' title='bbox 1867 3903 1871 3913; x_wconf 36' lang='grc' dir='ltr'>Ι</span> 
     </span>
     <span class='ocr_line' id='line_1_38' title="bbox 348 3897 1939 4004; baseline -0.011 -30"><span class='ocrx_word' id='word_1_370' title='bbox 348 3929 383 3988; x_wconf 73' lang='lat' dir='ltr'>in</span> <span class='ocrx_word' id='word_1_371' title='bbox 397 3928 544 3989; x_wconf 88' lang='lat' dir='ltr'>Concilio</span> <span class='ocrx_word' id='word_1_372' title='bbox 556 3929 715 4004; x_wconf 67' lang='lat' dir='ltr'>generali,</span> <span class='ocrx_word' id='word_1_373' title='bbox 1244 3912 1386 3992; x_wconf 88' lang='lat' dir='ltr'>(Decret.</span> <span class='ocrx_word' id='word_1_374' title='bbox 1404 3911 1487 3972; x_wconf 81' lang='lat' dir='ltr'>Vide</span> <span class='ocrx_word' id='word_1_375' title='bbox 1503 3911 1628 3981; x_wconf 77' lang='lat' dir='ltr'>Quirite</span> <span class='ocrx_word' id='word_1_376' title='bbox 1644 3909 1843 3985; x_wconf 79' lang='lat' dir='ltr'>Compitalia,</span> <span class='ocrx_word' id='word_1_377' title='bbox 1856 3901 1896 3964; x_wconf 82' lang='lat' dir='ltr'>lib.</span> <span class='ocrx_word' id='word_1_378' title='bbox 1906 3897 1939 3962; x_wconf 88' lang='grc' dir='ltr'>ΙΙΙ,</span> 
     </span>
     <span class='ocr_line' id='line_1_39' title="bbox 387 4007 1635 4104; baseline 0.002 -20"><span class='ocrx_word' id='word_1_379' title='bbox 387 4027 506 4086; x_wconf 86' lang='lat' dir='ltr'>Datum</span> <span class='ocrx_word' id='word_1_380' title='bbox 535 4028 649 4088; x_wconf 86' lang='lat' dir='ltr'>Romae</span> <span class='ocrx_word' id='word_1_381' title='bbox 675 4025 761 4104; x_wconf 90' lang='lat' dir='ltr'>apud</span> <span class='ocrx_word' id='word_1_382' title='bbox 787 4029 820 4088; x_wconf 81' lang='lat' dir='ltr'>S.</span> <span class='ocrx_word' id='word_1_383' title='bbox 847 4029 981 4088; x_wconf 86' lang='lat' dir='ltr'>Petrum</span> <span class='ocrx_word' id='word_1_384' title='bbox 1003 4028 1148 4089; x_wconf 89' lang='lat' dir='ltr'>secundo</span> <span class='ocrx_word' id='word_1_385' title='bbox 1204 4011 1252 4072; x_wconf 89' lang='lat' dir='ltr'>tii.</span> <span class='ocrx_word' id='word_1_386' title='bbox 1271 4012 1320 4082; x_wconf 82' lang='lat'>14,</span> <span class='ocrx_word' id='word_1_387' title='bbox 1336 4026 1409 4087; x_wconf 67' lang='lat' dir='ltr'>cal)-</span> <span class='ocrx_word' id='word_1_388' title='bbox 1425 4008 1531 4082; x_wconf 68' lang='lat'><strong>12001·</strong></span> <span class='ocrx_word' id='word_1_389' title='bbox 1548 4007 1635 4087; x_wconf 55' lang='lat'>294)</span> 
     </span>
    </p>
   </div>
   <div class='ocr_carea' id='block_1_3' title="bbox 349 4123 1706 4280">
    <p class='ocr_par' dir='ltr' id='par_1_3' title="bbox 349 4123 1706 4280">
     <span class='ocr_line' id='line_1_40' title="bbox 349 4126 1624 4194; baseline -0.013 -13"><span class='ocrx_word' id='word_1_390' title='bbox 349 4137 370 4181; x_wconf 91' lang='lat' dir='ltr'>n</span> <span class='ocrx_word' id='word_1_391' title='bbox 440 4138 455 4180; x_wconf 90' lang='lat' dir='ltr'>s</span> <span class='ocrx_word' id='word_1_392' title='bbox 565 4168 573 4194; x_wconf 94' lang='lat'>,</span> <span class='ocrx_word' id='word_1_393' title='bbox 936 4126 941 4138; x_wconf 93' lang='lat'><em>·</em></span> <span class='ocrx_word' id='word_1_394' title='bbox 1131 4155 1149 4170; x_wconf 93' lang='lat'>.</span> <span class='ocrx_word' id='word_1_395' title='bbox 1613 4161 1624 4182; x_wconf 44' lang='lat' dir='ltr'><strong><em>r</em></strong></span> 
     </span>
     <span class='ocr_line' id='line_1_41' title="bbox 349 4123 1706 4280; baseline -0.002 -97"><span class='ocrx_word' id='word_1_396' title='bbox 349 4137 561 4280; x_wconf 52' lang='lat' dir='ltr'>cffigmmau</span> <span class='ocrx_word' id='word_1_397' title='bbox 597 4123 809 4199; x_wconf 81' lang='lat' dir='ltr'>pontificatus</span> <span class='ocrx_word' id='word_1_398' title='bbox 840 4125 944 4186; x_wconf 83' lang='lat' dir='ltr'>nostri</span> <span class='ocrx_word' id='word_1_399' title='bbox 974 4141 1061 4186; x_wconf 89' lang='lat' dir='ltr'>anno</span> <span class='ocrx_word' id='word_1_400' title='bbox 1094 4139 1130 4187; x_wconf 90' lang='lat' dir='ltr'>se</span> <span class='ocrx_word' id='word_1_401' title='bbox 1495 4160 1706 4247; x_wconf 58' lang='lat' dir='ltr'>CGXWH</span> 
     </span>
    </p>
   </div>
   <div class='ocr_carea' id='block_1_4' title="bbox 1381 2793 1817 2868">
    <p class='ocr_par' dir='ltr' id='par_1_4' title="bbox 1381 2793 1817 2868">
     <span class='ocr_line' id='line_1_42' title="bbox 1381 2793 1817 2868; baseline -0.011 -15"><span class='ocrx_word' id='word_1_402' title='bbox 1381 2797 1422 2853; x_wconf 83' lang='lat' dir='ltr'>lle</span> <span class='ocrx_word' id='word_1_403' title='bbox 1438 2796 1574 2868; x_wconf 87' lang='lat' dir='ltr'>apostatis</span> <span class='ocrx_word' id='word_1_404' title='bbox 1585 2803 1613 2852; x_wconf 86' lang='lat' dir='ltr'>et</span> <span class='ocrx_word' id='word_1_405' title='bbox 1622 2793 1817 2852; x_wconf 89' lang='lat' dir='ltr'>schismaticis.</span> 
     </span>
    </p>
   </div>
   <div class='ocr_carea' id='block_1_5' title="bbox 655 4291 1914 4424">
    <p class='ocr_par' dir='ltr' id='par_1_5' title="bbox 655 4291 1914 4424">
     <span class='ocr_line' id='line_1_43' title="bbox 655 4291 1914 4424; baseline -0.045 -24"><span class='ocrx_word' id='word_1_406' title='bbox 655 4337 843 4424; x_wconf 68' lang='lat' dir='ltr'>CCXXW</span> <span class='ocrx_word' id='word_1_407' title='bbox 1242 4291 1914 4367; x_wconf 68' lang='lat' dir='ltr'>AdTerrociiicnsescormdcscipopidim.</span> 
     </span>
    </p>
   </div>
   <div class='ocr_carea' id='block_1_6' title="bbox 1503 4418 1699 4476">
    <p class='ocr_par' dir='ltr' id='par_1_6' title="bbox 1503 4418 1699 4476">
     <span class='ocr_line' id='line_1_44' title="bbox 1503 4418 1699 4476; baseline 0 -2"><span class='ocrx_word' id='word_1_408' title='bbox 1503 4419 1601 4476; x_wconf 78' lang='lat' dir='ltr'>lmaii</span> <span class='ocrx_word' id='word_1_409' title='bbox 1620 4418 1699 4475; x_wconf 79' lang='lat'>1218.</span> 
     </span>
    </p>
   </div>
   <div class='ocr_carea' id='block_1_7' title="bbox 486 4503 1938 4670">
    <p class='ocr_par' dir='ltr' id='par_1_7' title="bbox 486 4503 1938 4670">
     <span class='ocr_line' id='line_1_45' title="bbox 1202 4503 1938 4592; baseline -0.015 -14"><span class='ocrx_word' id='word_1_410' title='bbox 1202 4525 1332 4592; x_wconf 66' lang='lat' dir='ltr'>[Tbeinem</span> <span class='ocrx_word' id='word_1_411' title='bbox 1342 4524 1428 4576; x_wconf 82' lang='lat' dir='ltr'>Codex</span> <span class='ocrx_word' id='word_1_412' title='bbox 1440 4524 1622 4589; x_wconf 82' lang='lat' dir='ltr'>diplomaticus</span> <span class='ocrx_word' id='word_1_413' title='bbox 1635 4523 1752 4578; x_wconf 87' lang='lat' dir='ltr'>dominii,</span> <span class='ocrx_word' id='word_1_414' title='bbox 1764 4527 1784 4570; x_wconf 89' lang='lat' dir='ltr'>t.</span> <span class='ocrx_word' id='word_1_415' title='bbox 1797 4519 1814 4578; x_wconf 94' lang='lat' dir='ltr'>I,</span> <span class='ocrx_word' id='word_1_416' title='bbox 1827 4513 1908 4581; x_wconf 69' lang='lat' dir='ltr'>pisa.</span> <span class='ocrx_word' id='word_1_417' title='bbox 1916 4503 1938 4552; x_wconf 66' lang='lat'>57·</span> 
     </span>
     <span class='ocr_line' id='line_1_46' title="bbox 486 4581 1823 4670; baseline -0.007 -33"><span class='ocrx_word' id='word_1_418' title='bbox 486 4581 633 4639; x_wconf 82' lang='lat' dir='ltr'>decanos</span> <span class='ocrx_word' id='word_1_419' title='bbox 650 4582 851 4648; x_wconf 74' lang='lat' dir='ltr'>Tornocen„</span> <span class='ocrx_word' id='word_1_420' title='bbox 863 4583 1014 4640; x_wconf 72' lang='lat' dir='ltr'>dissulcat.</span> <span class='ocrx_word' id='word_1_421' title='bbox 1407 4607 1505 4670; x_wconf 71' lang='lat' dir='ltr'>neges.</span> <span class='ocrx_word' id='word_1_422' title='bbox 1519 4604 1563 4657; x_wconf 86' lang='lat' dir='ltr'>lib.</span> <span class='ocrx_word' id='word_1_423' title='bbox 1575 4605 1606 4660; x_wconf 47' lang='lat' dir='ltr'>fl,</span> <span class='ocrx_word' id='word_1_424' title='bbox 1617 4603 1693 4668; x_wconf 84' lang='lat' dir='ltr'>epist.</span> <span class='ocrx_word' id='word_1_425' title='bbox 1710 4601 1786 4668; x_wconf 71' lang='lat' dir='ltr'>lobs]</span> <span class='ocrx_word' id='word_1_426' title='bbox 1821 4655 1823 4658; x_wconf 15' lang='grc' dir='ltr'>Ι</span> 
     </span>
    </p>
   </div>
   <div class='ocr_carea' id='block_1_8' title="bbox 346 4481 1147 4542">
    <p class='ocr_par' dir='ltr' id='par_1_8' title="bbox 346 4481 1147 4542">
     <span class='ocr_line' id='line_1_47' title="bbox 346 4481 1147 4542; baseline 0.002 -2"><span class='ocrx_word' id='word_1_427' title='bbox 346 4481 399 4540; x_wconf 84' lang='lat' dir='ltr'>Ad</span> <span class='ocrx_word' id='word_1_428' title='bbox 418 4481 573 4541; x_wconf 79' lang='lat' dir='ltr'>abbatem</span> <span class='ocrx_word' id='word_1_429' title='bbox 594 4483 635 4542; x_wconf 82' lang='lat' dir='ltr'>dc</span> <span class='ocrx_word' id='word_1_430' title='bbox 658 4484 775 4541; x_wconf 77' lang='lat' dir='ltr'>Laride</span> <span class='ocrx_word' id='word_1_431' title='bbox 799 4482 938 4542; x_wconf 82' lang='lat' dir='ltr'>cisterc.</span> <span class='ocrx_word' id='word_1_432' title='bbox 960 4484 1093 4542; x_wconf 78' lang='lat' dir='ltr'>ordinis</span> <span class='ocrx_word' id='word_1_433' title='bbox 1114 4483 1147 4542; x_wconf 84' lang='lat' dir='ltr'>ci</span> 
     </span>
    </p>
   </div>
   <div class='ocr_carea' id='block_1_9' title="bbox 379 4701 1938 4874">
    <p class='ocr_par' dir='ltr' id='par_1_9' title="bbox 379 4701 1938 4874">
     <span class='ocr_line' id='line_1_48' title="bbox 649 4701 1938 4786; baseline 0.008 -22"><span class='ocrx_word' id='word_1_434' title='bbox 649 4701 666 4758; x_wconf 83' lang='grc'>6</span> <span class='ocrx_word' id='word_1_435' title='bbox 680 4701 749 4758; x_wconf 74' lang='lat' dir='ltr'>maii</span> <span class='ocrx_word' id='word_1_436' title='bbox 764 4703 841 4758; x_wconf 72' lang='lat'><strong>1218·</strong></span> <span class='ocrx_word' id='word_1_437' title='bbox 1201 4713 1317 4772; x_wconf 83' lang='lat' dir='ltr'>blandai</span> <span class='ocrx_word' id='word_1_438' title='bbox 1331 4727 1368 4769; x_wconf 88' lang='lat' dir='ltr'>ne</span> <span class='ocrx_word' id='word_1_439' title='bbox 1379 4713 1578 4786; x_wconf 86' lang='lat' dir='ltr'>Frangipanos</span> <span class='ocrx_word' id='word_1_440' title='bbox 1592 4713 1620 4767; x_wconf 91' lang='lat' dir='ltr'>in</span> <span class='ocrx_word' id='word_1_441' title='bbox 1631 4711 1742 4785; x_wconf 84' lang='lat' dir='ltr'>juribus</span> <span class='ocrx_word' id='word_1_442' title='bbox 1752 4723 1808 4782; x_wconf 82' lang='lat' dir='ltr'>que</span> <span class='ocrx_word' id='word_1_443' title='bbox 1817 4707 1840 4762; x_wconf 94' lang='lat' dir='ltr'>in</span> <span class='ocrx_word' id='word_1_444' title='bbox 1855 4703 1938 4773; x_wconf 62' lang='lat' dir='ltr'>iltiorum</span> 
     </span>
     <span class='ocr_line' id='line_1_49' title="bbox 379 4801 1804 4874; baseline -0.001 -21"><span class='ocrx_word' id='word_1_445' title='bbox 379 4806 487 4869; x_wconf 70' lang='lat' dir='ltr'>[Repest</span> <span class='ocrx_word' id='word_1_446' title='bbox 500 4805 545 4856; x_wconf 86' lang='lat' dir='ltr'>lib.</span> <span class='ocrx_word' id='word_1_447' title='bbox 556 4807 588 4868; x_wconf 93' lang='lat' dir='ltr'>ll,</span> <span class='ocrx_word' id='word_1_448' title='bbox 603 4806 677 4870; x_wconf 87' lang='lat' dir='ltr'>epist.</span> <span class='ocrx_word' id='word_1_449' title='bbox 691 4807 761 4858; x_wconf 75' lang='lat' dir='ltr'>loti.</span> <span class='ocrx_word' id='word_1_450' title='bbox 776 4808 834 4858; x_wconf 84' lang='lat' dir='ltr'>lies.</span> <span class='ocrx_word' id='word_1_451' title='bbox 851 4809 885 4858; x_wconf 83' lang='lat' dir='ltr'>La</span> <span class='ocrx_word' id='word_1_452' title='bbox 893 4809 968 4860; x_wconf 84' lang='lat' dir='ltr'>Porta</span> <span class='ocrx_word' id='word_1_453' title='bbox 978 4808 1012 4858; x_wconf 88' lang='lat' dir='ltr'>du</span> <span class='ocrx_word' id='word_1_454' title='bbox 1022 4808 1115 4874; x_wconf 71' lang='lat' dir='ltr'>illati]</span> <span class='ocrx_word' id='word_1_455' title='bbox 1388 4803 1503 4860; x_wconf 76' lang='lat' dir='ltr'>civitate</span> <span class='ocrx_word' id='word_1_456' title='bbox 1517 4801 1632 4870; x_wconf 79' lang='lat' dir='ltr'>hubent,</span> <span class='ocrx_word' id='word_1_457' title='bbox 1650 4801 1804 4858; x_wconf 77' lang='lat' dir='ltr'>molestent.</span> 
     </span>
    </p>
   </div>
   <div class='ocr_carea' id='block_1_10' title="bbox 374 4897 1938 5095">
    <p class='ocr_par' dir='ltr' id='par_1_10' title="bbox 374 4897 1938 5095">
     <span class='ocr_line' id='line_1_50' title="bbox 374 4897 1938 4996; baseline -0.009 -27"><span class='ocrx_word' id='word_1_458' title='bbox 374 4911 516 4970; x_wconf 82' lang='lat' dir='ltr'>Exonerat</span> <span class='ocrx_word' id='word_1_459' title='bbox 538 4915 737 4986; x_wconf 78' lang='lat' dir='ltr'>prepositura,</span> <span class='ocrx_word' id='word_1_460' title='bbox 760 4917 921 4988; x_wconf 88' lang='lat' dir='ltr'>provisione</span> <span class='ocrx_word' id='word_1_461' title='bbox 940 4924 1120 4988; x_wconf 89' lang='lat' dir='ltr'>competente</span> <span class='ocrx_word' id='word_1_462' title='bbox 1241 4921 1407 4982; x_wconf 81' lang='lat' dir='ltr'>Honorius</span> <span class='ocrx_word' id='word_1_463' title='bbox 1437 4919 1633 4996; x_wconf 76' lang='lat' dir='ltr'>episcopuS,</span> <span class='ocrx_word' id='word_1_464' title='bbox 1664 4918 1739 4989; x_wconf 79' lang='lat' dir='ltr'>etc,</span> <span class='ocrx_word' id='word_1_465' title='bbox 1762 4910 1869 4976; x_wconf 86' lang='lat' dir='ltr'>dilectis</span> <span class='ocrx_word' id='word_1_466' title='bbox 1889 4897 1938 4960; x_wconf 88' lang='lat' dir='ltr'>iliis</span> 
     </span>
     <span class='ocr_line' id='line_1_51' title="bbox 401 4996 1937 5095; baseline -0.004 -39"><span class='ocrx_word' id='word_1_467' title='bbox 401 5001 558 5072; x_wconf 75' lang='lat' dir='ltr'>assignata,</span> <span class='ocrx_word' id='word_1_468' title='bbox 569 5017 669 5060; x_wconf 87' lang='lat' dir='ltr'>senem</span> <span class='ocrx_word' id='word_1_469' title='bbox 683 5003 894 5062; x_wconf 83' lang='lat' dir='ltr'>infirmitatibus</span> <span class='ocrx_word' id='word_1_470' title='bbox 905 5005 1091 5064; x_wconf 73' lang='lat' dir='ltr'>substractum.</span> <span class='ocrx_word' id='word_1_471' title='bbox 1201 5019 1393 5082; x_wconf 66' lang='lat' dir='ltr'>consulibus</span> <span class='ocrx_word' id='word_1_472' title='bbox 1411 5020 1443 5080; x_wconf 58' lang='lat'>02</span> <span class='ocrx_word' id='word_1_473' title='bbox 1455 5016 1576 5095; x_wconf 70' lang='lat' dir='ltr'>populo</span> <span class='ocrx_word' id='word_1_474' title='bbox 1590 5009 1871 5078; x_wconf 59' lang='lat' dir='ltr'>Terracineusffius,</span> <span class='ocrx_word' id='word_1_475' title='bbox 1884 4996 1937 5059; x_wconf 77' lang='lat' dir='ltr'>sniu-</span> 
     </span>
    </p>
   </div>
   <div class='ocr_carea' id='block_1_11' title="bbox 346 5115 1937 5684">
    <p class='ocr_par' dir='ltr' id='par_1_11' title="bbox 346 5115 1937 5684">
     <span class='ocr_line' id='line_1_52' title="bbox 386 5115 1356 5190; baseline 0.002 -15"><span class='ocrx_word' id='word_1_476' title='bbox 386 5115 564 5187; x_wconf 80' lang='lat' dir='ltr'>Honorius,</span> <span class='ocrx_word' id='word_1_477' title='bbox 582 5117 657 5189; x_wconf 83' lang='lat' dir='ltr'>etc,</span> <span class='ocrx_word' id='word_1_478' title='bbox 679 5117 810 5180; x_wconf 84' lang='lat' dir='ltr'>dilectis</span> <span class='ocrx_word' id='word_1_479' title='bbox 828 5115 943 5181; x_wconf 85' lang='lat' dir='ltr'>tiliis...</span> <span class='ocrx_word' id='word_1_480' title='bbox 971 5119 1083 5183; x_wconf 86' lang='lat' dir='ltr'>abbati</span> <span class='ocrx_word' id='word_1_481' title='bbox 1106 5121 1146 5183; x_wconf 90' lang='lat' dir='ltr'>de</span> <span class='ocrx_word' id='word_1_482' title='bbox 1200 5120 1277 5190; x_wconf 81' lang='lat' dir='ltr'>tem</span> <span class='ocrx_word' id='word_1_483' title='bbox 1293 5119 1356 5178; x_wconf 89' lang='lat' dir='ltr'>eto.</span> 
     </span>
     <span class='ocr_line' id='line_1_53' title="bbox 346 5201 1936 5296; baseline -0.003 -21"><span class='ocrx_word' id='word_1_484' title='bbox 346 5213 469 5286; x_wconf 85' lang='lat' dir='ltr'>Laude,</span> <span class='ocrx_word' id='word_1_485' title='bbox 500 5213 693 5276; x_wconf 78' lang='lat' dir='ltr'>cistercien.</span> <span class='ocrx_word' id='word_1_486' title='bbox 721 5217 863 5290; x_wconf 87' lang='lat' dir='ltr'>ordinis,</span> <span class='ocrx_word' id='word_1_487' title='bbox 892 5220 925 5279; x_wconf 89' lang='lat' dir='ltr'>et</span> <span class='ocrx_word' id='word_1_488' title='bbox 961 5221 1144 5280; x_wconf 84' lang='lat' dir='ltr'>Tornacen.</span> <span class='ocrx_word' id='word_1_489' title='bbox 1242 5216 1367 5278; x_wconf 88' lang='lat' dir='ltr'>Invicta</span> <span class='ocrx_word' id='word_1_490' title='bbox 1392 5213 1472 5275; x_wconf 89' lang='lat' dir='ltr'>tides</span> <span class='ocrx_word' id='word_1_491' title='bbox 1494 5215 1527 5274; x_wconf 87' lang='lat' dir='ltr'>et</span> <span class='ocrx_word' id='word_1_492' title='bbox 1547 5212 1677 5274; x_wconf 90' lang='lat' dir='ltr'>devotio</span> <span class='ocrx_word' id='word_1_493' title='bbox 1701 5207 1858 5270; x_wconf 77' lang='lat' dir='ltr'>indelessa,</span> <span class='ocrx_word' id='word_1_494' title='bbox 1873 5201 1936 5296; x_wconf 73' lang='lat' dir='ltr'>puali</span> 
     </span>
     <span class='ocr_line' id='line_1_54' title="bbox 347 5298 1937 5391; baseline -0.003 -18"><span class='ocrx_word' id='word_1_495' title='bbox 347 5313 415 5374; x_wconf 88' lang='lat' dir='ltr'>et...</span> <span class='ocrx_word' id='word_1_496' title='bbox 430 5313 576 5375; x_wconf 86' lang='lat' dir='ltr'>insulan.</span> <span class='ocrx_word' id='word_1_497' title='bbox 589 5315 774 5375; x_wconf 82' lang='lat' dir='ltr'>Tornacen.</span> <span class='ocrx_word' id='word_1_498' title='bbox 790 5315 944 5377; x_wconf 89' lang='lat' dir='ltr'>dioecesis</span> <span class='ocrx_word' id='word_1_499' title='bbox 955 5317 1101 5379; x_wconf 88' lang='lat' dir='ltr'>decanis.</span> <span class='ocrx_word' id='word_1_500' title='bbox 1200 5314 1369 5391; x_wconf 79' lang='lat' dir='ltr'>magnifici</span> <span class='ocrx_word' id='word_1_501' title='bbox 1385 5312 1449 5373; x_wconf 89' lang='lat' dir='ltr'>viri</span> <span class='ocrx_word' id='word_1_502' title='bbox 1463 5311 1591 5388; x_wconf 86' lang='lat' dir='ltr'>antiqui</span> <span class='ocrx_word' id='word_1_503' title='bbox 1612 5306 1786 5386; x_wconf 83' lang='lat' dir='ltr'>Frajapani</span> <span class='ocrx_word' id='word_1_504' title='bbox 1799 5319 1815 5364; x_wconf 83' lang='lat' dir='ltr'>a</span> <span class='ocrx_word' id='word_1_505' title='bbox 1828 5298 1937 5378; x_wconf 64' lang='grc' dir='ltr'>ρΙῡΙθῦ]θ</span> 
     </span>
     <span class='ocr_line' id='line_1_55' title="bbox 386 5385 1937 5490; baseline -0.01 -20"><span class='ocrx_word' id='word_1_506' title='bbox 386 5409 533 5472; x_wconf 81' lang='lat' dir='ltr'>Dilectus</span> <span class='ocrx_word' id='word_1_507' title='bbox 543 5413 631 5473; x_wconf 88' lang='lat' dir='ltr'>tilius</span> <span class='ocrx_word' id='word_1_508' title='bbox 640 5414 836 5490; x_wconf 82' lang='lat' dir='ltr'>praepositus</span> <span class='ocrx_word' id='word_1_509' title='bbox 849 5415 1039 5490; x_wconf 77' lang='lat' dir='ltr'>Burgenae</span> <span class='ocrx_word' id='word_1_510' title='bbox 1050 5417 1147 5476; x_wconf 73' lang='lat' dir='ltr'>lllan-</span> <span class='ocrx_word' id='word_1_511' title='bbox 1200 5415 1235 5475; x_wconf 88' lang='lat' dir='ltr'>in</span> <span class='ocrx_word' id='word_1_512' title='bbox 1249 5411 1424 5490; x_wconf 82' lang='lat' dir='ltr'>progenies</span> <span class='ocrx_word' id='word_1_513' title='bbox 1442 5423 1521 5485; x_wconf 76' lang='lat' dir='ltr'>erga</span> <span class='ocrx_word' id='word_1_514' title='bbox 1537 5411 1718 5470; x_wconf 84' lang='lat' dir='ltr'>Romanam</span> <span class='ocrx_word' id='word_1_515' title='bbox 1739 5396 1887 5466; x_wconf 74' lang='lat' dir='ltr'>Ecclesiam</span> <span class='ocrx_word' id='word_1_516' title='bbox 1903 5385 1937 5444; x_wconf 86' lang='lat' dir='ltr'>ba·</span> 
     </span>
     <span class='ocr_line' id='line_1_56' title="bbox 347 5493 1936 5583; baseline -0.012 -17"><span class='ocrx_word' id='word_1_517' title='bbox 347 5506 429 5568; x_wconf 81' lang='lat' dir='ltr'>drlae</span> <span class='ocrx_word' id='word_1_518' title='bbox 466 5509 686 5571; x_wconf 66' lang='lat' dir='ltr'>cancellarius</span> <span class='ocrx_word' id='word_1_519' title='bbox 720 5511 839 5571; x_wconf 86' lang='lat' dir='ltr'>humili</span> <span class='ocrx_word' id='word_1_520' title='bbox 865 5511 961 5573; x_wconf 89' lang='lat' dir='ltr'>nobis</span> <span class='ocrx_word' id='word_1_521' title='bbox 987 5513 1145 5576; x_wconf 86' lang='lat' dir='ltr'>instantia</span> <span class='ocrx_word' id='word_1_522' title='bbox 1200 5513 1354 5582; x_wconf 90' lang='lat' dir='ltr'>buerunt,</span> <span class='ocrx_word' id='word_1_523' title='bbox 1366 5507 1461 5570; x_wconf 89' lang='lat' dir='ltr'>nobis</span> <span class='ocrx_word' id='word_1_524' title='bbox 1475 5493 1936 5583; x_wconf 76' lang='lat' dir='ltr'>etilcaciterpersuadet,utru11t</span> 
     </span>
     <span class='ocr_line' id='line_1_57' title="bbox 348 5581 1935 5684; baseline -0.011 -19"><span class='ocrx_word' id='word_1_525' title='bbox 348 5605 556 5681; x_wconf 87' lang='lat' dir='ltr'>supplicavit,</span> <span class='ocrx_word' id='word_1_526' title='bbox 579 5610 614 5670; x_wconf 89' lang='lat' dir='ltr'>ut</span> <span class='ocrx_word' id='word_1_527' title='bbox 640 5625 716 5670; x_wconf 90' lang='lat' dir='ltr'>cum</span> <span class='ocrx_word' id='word_1_528' title='bbox 741 5610 785 5673; x_wconf 89' lang='lat' dir='ltr'>eit</span> <span class='ocrx_word' id='word_1_529' title='bbox 810 5609 978 5674; x_wconf 86' lang='lat' dir='ltr'>conlectus</span> <span class='ocrx_word' id='word_1_530' title='bbox 999 5611 1092 5674; x_wconf 90' lang='lat' dir='ltr'>senio</span> <span class='ocrx_word' id='word_1_531' title='bbox 1114 5615 1146 5675; x_wconf 90' lang='lat' dir='ltr'>et</span> <span class='ocrx_word' id='word_1_532' title='bbox 1200 5626 1315 5674; x_wconf 88' lang='lat' dir='ltr'>eorum</span> <span class='ocrx_word' id='word_1_533' title='bbox 1343 5606 1536 5684; x_wconf 89' lang='lat' dir='ltr'>superstites</span> <span class='ocrx_word' id='word_1_534' title='bbox 1572 5607 1708 5682; x_wconf 89' lang='lat' dir='ltr'>paterno</span> <span class='ocrx_word' id='word_1_535' title='bbox 1740 5581 1935 5673; x_wconf 76' lang='lat' dir='ltr'>compiectente</span> 
     </span>
    </p>
   </div>
   <div class='ocr_carea' id='block_1_12' title="bbox 0 0 2048 6308">
    <p class='ocr_par' dir='ltr' id='par_1_12' title="bbox 0 0 2048 6308">
     <span class='ocr_line' id='line_1_58' title="bbox 0 0 2048 6308; baseline 0 0"><span class='ocrx_word' id='word_1_536' title='bbox 0 0 2048 6308; x_wconf 95' lang='lat' dir='ltr'> </span> 
     </span>
    </p>
   </div>
  </div>
 </body>
</html>
