3996 6326
333 373 394 434 247
798 374 975 436 HONORII
997 375 1043 436 111
1064 374 1212 436 OPERA.
1227 405 1269 432 ε-
1282 375 1516 440 SERMONES.
1879 383 1916 444 aa
1968 393 1969 428 ἓ

334 537 415 614 pati,
431 533 509 613 qula
524 532 623 597 faciet
637 547 694 596 eos
709 548 807 611 reges
822 535 981 612 quantum
996 535 1038 598 ad
1053 531 1132 613 pul·
1187 536 1283 614 quasi
1305 536 1431 614 vipera.
1455 537 1539 610 Quia
1562 525 1648 602 siout
1673 538 1779 616 vipera
1797 543 1839 602 est
1852 541 1916 618 plan
1968 552 1969 560 ¹

335 633 556 697 cbritudinem
572 632 809 710 etpotestatem
824 633 857 695 et
868 631 1072 704 felicitatem,
1085 634 1132 696 ita
1186 649 1325 706 veneno,
1342 633 1388 696 ita
1403 633 1538 711 iniquus
1552 635 1586 696 et
1600 649 1767 712 perversus
1782 637 1824 699 est
1839 638 1916 714 plenus
1968 649 1969 688 1

337 733 374 793 ut
388 731 498 792 omnia
514 728 658 792 habeant
673 745 732 808 pro
746 730 927 794 voluntate.
941 731 1036 793 Unde
1050 731 1130 794 lob:
1186 731 1277 793 omni
1305 731 1434 794 mulitia
1457 733 1490 794 et
1512 731 1695 809 iniquitate.
1722 732 1770 795 llli
1788 749 1852 795 vero
1869 736 1918 795 sunt

333 831 413 892 Nou
423 829 560 902 auferet
572 829 694 900 ajusto
707 833 818 892 octabas
831 843 924 901 suos,
941 829 974 890 et
985 844 1086 906 repes
1097 832 1133 890 to
1187 829 1336 905 perversi
1348 829 1493 906 quisunt
1505 828 1804 906 liliiperuersorum.
1817 831 1919 891 lstisunt

332 926 1133 1003 soltoootlocottuperpetuum,ettlttccrtpuotur
1186 925 1227 988 de
1242 927 1401 1003 progenie
1421 927 1622 1004 viperarum,
1653 927 1728 1005 quia
1753 928 1881 988 venenosi
1895 928 1919 988 de

334 1021 421 1102 (lob.
436 1039 553 1096 xxxvr,
570 1022 615 1102 7).
631 1028 678 1087 llo
692 1024 721 1084 si
736 1024 862 1086 diceret
877 1046 886 1084 ι
899 1023 1048 1087 custodit
1066 1027 1133 1086 Do-
1186 1023 1362 1087 venenosis
1377 1025 1486 1088 exorti
1498 1024 1586 1086 sunt.
1604 1023 1725 1096 Quibus
1740 1024 1919 1090 dictumest

334 1122 447 1182 minus
461 1123 582 1199 justos,
599 1122 634 1183 ut
653 1123 767 1200 pastor
780 1137 926 1198 gregem
942 1123 975 1183 et
992 1121 1133 1184 collocat
1186 1122 1334 1184 ostendit
1351 1125 1445 1184 uobis
1458 1125 1580 1199 amere
1593 1137 1617 1184 a
1629 1123 1772 1184 nemora
1782 1124 1847 1183 troi
1864 1123 1921 1182 lcsi

335 1235 393 1280 eos
408 1220 443 1280 in
462 1219 584 1292 tuturo,
603 1221 699 1298 quasi
723 1235 820 1297 reges
835 1221 871 1282 in
891 1219 987 1290 solio,
1010 1221 1043 1282 et
1062 1219 1133 1281 illic
1186 1219 1300 1296 aperte
1314 1219 1404 1282 dicat
1419 1241 1430 1280 s
1444 1219 1522 1298 quid
1543 1219 1673 1282 iacietis
1684 1219 1719 1281 in
1736 1219 1854 1290 dieirae,
1875 1235 1921 1278 cun

335 1319 511 1393 eriguntur
523 1318 579 1396 qul
595 1318 649 1380 hio
661 1318 882 1381 humiliantur
895 1319 929 1380 et
940 1317 1133 1395 deprimun-
1187 1333 1254 1378 non
1266 1316 1398 1380 faciatis
1410 1317 1537 1380 tructus
1549 1315 1821 1395 poenitentiae,nec
1831 1317 1922 1377 senten-

333 1415 399 1479 tur.
415 1415 654 1480 cohaereditate
673 1416 816 1492 Christi3
833 1415 911 1494 quia
925 1416 1012 1480 sicut
1024 1415 1132 1478 baeres
1186 1414 1266 1476 tiam
1282 1414 1409 1478 ludicis
1428 1415 1570 1480 valeatis
1590 1415 1755 1492 effugeret
1770 1417 1804 1475 ln
1821 1414 1863 1474 die
1877 1414 1922 1484 ira,

331 1516 421 1592 juste
436 1514 583 1591 possidet
595 1515 825 1578 haereditatem
839 1515 954 1592 patris,
972 1513 1019 1578 ita
1034 1513 1132 1576 electi
1186 1511 1273 1574 idest
1286 1513 1384 1575 indie
1389 1513 1520 1591 judicii,
1535 1513 1665 1592 qnando
1676 1511 1785 1576 reddet
1795 1511 1924 1587 unumque

333 1612 481 1688 regalem
496 1613 622 1674 curiam
638 1614 671 1676 et
689 1611 925 1676 beatitudinem
948 1611 1043 1688 regni
1059 1627 1131 1674 coe·
1186 1610 1367 1672 secundum
1399 1627 1501 1688 opera
1530 1625 1602 1680 sua,
1631 1611 1665 1673 et
1687 1608 1835 1688 judicabit
1851 1607 1924 1670 orben

334 1709 439 1772 lestis.
464 1710 560 1773 Unde
580 1712 760 1789 Apostolus
781 1733 788 1772 :
810 1714 978 1776 Horredos
996 1715 1133 1786 quidem
1186 1710 1285 1771 terras
1297 1708 1482 1785 injustitia,
1499 1709 1533 1772 et
1546 1705 1925 1787 populosiueqnitataltns

334 1811 609 1880 Detcoluoeredes
621 1810 738 1872 autem
749 1807 1052 1888 Cbrtsttffiomsv,
1066 1806 1130 1889 17).
1186 1806 1479 1884 praedicationibus
1503 1808 1537 1870 et
1558 1804 1810 1869 correctionibus
1831 1803 1925 1866 loannis

335 1905 558 1968 similitudine
584 1907 662 1982 Dei,
684 1908 762 1985 quia
790 1907 877 1970 sicut
896 1909 1042 1970 loannes
1061 1907 1130 1968 ait:
1187 1905 1343 1981 Baptistae
1358 1903 1453 1966 multi
1468 1905 1657 1982 compuncti
1671 1903 1818 1982 baptizati
1830 1901 1895 1971 sunt,
1908 1899 1927 1960 et

332 2005 464 2065 «Nunc
478 2004 540 2066 filii
552 2005 612 2066 Dei
627 2014 741 2066 sumus
756 2005 791 2069 in
806 2005 869 2068 hoc
883 2005 1017 2078 mundo,
1034 2004 1131 2066 vide·
1187 2002 1235 2064 sic
1259 2001 1392 2064 incultae
1413 2004 1513 2065 terrac
1537 2001 1662 2081 proluit
1684 1989 1817 2064 vomeris
1839 1997 1926 2066 scissio,

334 2098 424 2171 licet,
441 2116 500 2177 per
508 2101 650 2177 gratiam
658 2103 691 2163 et
704 2102 934 2174 imitationem,
946 2103 979 2164 et
988 2101 1132 2164 nondum
1187 2100 1282 2173 idest,
1298 2100 1510 2178 peccatorum
1524 2101 1722 2178 increpatio,
1736 2102 1862 2163 ioannes
1873 2099 1927 2171 bap

335 2198 501 2274 apparuit,
519 2199 596 2276 quid
606 2199 760 2261 erimus»
773 2197 802 2279 (l
815 2203 911 2263 toan.
924 2215 974 2270 111,
986 2197 1032 2278 2).
1048 2198 1134 2261 Sub-
1186 2197 1265 2259 tista
1301 2197 1392 2260 tenet
1428 2197 1484 2260 hic
1520 2214 1701 2276 personam¹
1727 2197 1802 2260 boni
1831 2191 1927 2272 prelei-

334 2294 470 2358 auditur
485 2297 520 2358 in
534 2296 697 2359 claritate.
711 2297 805 2360 Unde
820 2297 1131 2373 Dominusffluloc-
1188 2295 1282 2369 Quia,
1312 2295 1398 2358 sicut
1420 2296 1493 2373 ipse
1516 2295 1718 2374 praedicabat
1739 2295 1771 2358 et
1791 2288 1930 2366 corrigebat

335 2394 517 2466 buotjustt
531 2395 621 2456 stad
634 2401 685 2458 sol
701 2399 738 2458 tu
749 2410 857 2473 reque
871 2396 993 2458 Putris
1011 2410 1133 2458 eorum
1186 2393 1345 2473 populum
1359 2394 1395 2456 in
1416 2392 1559 2467 deserto,
1573 2394 1621 2456 ita
1635 2393 1741 2456 bonus
1758 2395 1858 2471 pastor
1868 2385 1930 2448 debet

335 2488 467 2569 (Matth.
483 2507 558 2564 x111,
572 2491 637 2572 43),
652 2493 731 2571 quia
746 2493 1016 2556 ridebimusenm
1033 2490 1132 2558 sicuti
1186 2491 1381 2568 praedicare,
1406 2507 1554 2564 monere,
1586 2493 1620 2555 et
1646 2492 1807 2568 corrigere
1827 2484 1931 2550 subditos

334 2590 395 2661 est,
425 2590 459 2650 in
490 2591 662 2668 majestate
690 2590 856 2654 videlicet.
890 2593 994 2654 Erunt
1020 2592 1132 2669 itaque
1187 2604 1265 2651 suos
1275 2589 1311 2652 in
1324 2590 1483 2663 Ecclesia,
1502 2590 1581 2668 qnia
1599 2590 1667 2666 ipsi
1679 2589 1754 2652 data
1773 2581 1931 2663 estpousus

335 2686 516 2748 Christiani
535 2687 648 2762 magni
671 2703 767 2765 reges
793 2705 868 2750 cum
883 2705 1011 2750 summo
1029 2690 1129 2765 Rege,
1186 2687 1391 2766 praedicandi
1407 2689 1441 2750 et
1459 2687 1649 2765 corrigendi
1669 2690 1779 2750 aDeo.
1796 2689 1863 2758 Quae
1875 2678 1931 2742 enin

334 2782 486 2845 haeredes
497 2784 557 2846 Dei
569 2800 644 2846 cum
657 2785 786 2847 Christo
798 2786 981 2858 cohaerede,
996 2785 1134 2862 prselul-
1185 2788 1298 2864 mator
1316 2786 1558 2855 misericordia,
1587 2787 1645 2848 aut
1665 2785 1769 2864 pietas
1793 2784 1847 2852 est,
1867 2790 1931 2856 quan

336 2883 463 2956 gentes,
485 2880 581 2954 idest,
597 2881 695 2944 ualde
709 2881 919 2959 splendentes
934 2883 993 2946 Dei
1008 2881 1130 2944 simili·
1186 2884 1315 2946 animas
1335 2883 1546 2948 morientium
1568 2883 1776 2948 subditorum
1796 2877 1932 2942 vivificare

335 2974 463 3037 tudine.
472 2976 502 3036 N
505 2991 542 3036 os
553 2975 666 3052 igitur,
678 2976 895 3049 dilectissimi,
906 2977 1045 3040 Domino
1052 2978 1132 3038 Jesu
1185 2982 1337 3046 errantes
1352 2981 1393 3042 ad
1417 2982 1506 3044 viam
1522 2981 1664 3059 justitiae
1679 2973 1933 3050 reduceremus

334 3071 466 3134 Christo
489 3073 715 3136 ministremus
732 3075 768 3136 in
790 3075 947 3152 praesenti
969 3073 1037 3138 vita
1055 3090 1130 3136 cum
1185 3079 1552 3152 consolidare,moestos
1567 3081 1601 3144 et
1615 3093 1777 3158 pauperes
1791 3067 1934 3138 consulerit

334 3169 524 3233 bumilitate
542 3173 575 3234 at
601 3173 771 3249 patientia,
798 3174 834 3236 ut
853 3173 979 3234 bonore
997 3173 1131 3236 tandem
1186 3179 1225 3240 st
1246 3178 1322 3240 ideo
1342 3178 1390 3240 ait
1417 3180 1563 3240 loannes
1578 3179 1614 3239 in
1643 3192 1784 3255 persons
1805 3164 1936 3248 cujuslibet

335 3268 538 3344 magnificati
552 3286 627 3332 cum
640 3271 713 3348 ipso
724 3269 910 3334 exultemus
925 3271 959 3334 in
970 3271 1095 3348 patria.
1185 3276 1319 3354 praelati
1341 3297 1349 3337 ι
1374 3279 1502 3353 nupero
1529 3278 1693 3339 Ecclesia
1716 3276 1831 3338 Sardis
1852 3287 1862 3329 :
1882 3263 1936 3328 ssu

1185 3378 1334 3453 visitans
1346 3374 1381 3438 et
1393 3375 1800 3450 accommodatumque
1807 3363 1936 3434 corilum

667 3495 780 3583 XXII
1184 3473 1288 3534 orasti
1300 3470 1415 3583 (apoc.
1432 3469 1544 3552 ιιι,.2).
1889 3558 1895 3570 ¹

1186 3625 1189 3633 .
1225 3570 1529 3648 cnariss1mi,.jam
1556 3570 1728 3634 moriturae
1758 3565 1832 3630 sunt
1853 3569 1937 3623 anna

429 3692 474 3753 ΙΝ
496 3693 628 3753 pggqo
648 3691 1045 3755 EVANGELISTARUM,
1130 3743 1134 3750 Ι
1185 3667 1402 3740 subditorum,
1419 3667 1486 3730 nisi
1496 3668 1736 3731 confirmentur
1748 3681 1806 3744 per
1818 3672 1908 3726 ouran
1918 3650 1938 3712 sl

1186 3765 1445 3828 sollicitudinem
1459 3766 1684 3844 praelatorum.
1700 3769 1802 3838 Quam
1813 3752 1939 3835 torpentis

370 3865 495 3924 Messts
522 3865 660 3938 quidem
686 3863 808 3932 molto,
829 3865 986 3938 operasti
1012 3861 1132 3924 aulem
1186 3864 1220 3926 et
1240 3864 1447 3940 negligentes
1478 3863 1556 3935 sint,
1586 3863 1652 3940 ipsi
1680 3861 1830 3926 viderint.
1852 3845 1940 3926 Vltl¹⁰¹

330 3963 442 4035 paud.
471 3960 601 4037 nocato
627 3975 710 4037 erqo
735 3964 922 4022 Donatum
946 3961 1073 4022 messis
1093 3961 1132 4021 ut
1188 3977 1267 4038 ergo
1283 3961 1421 4040 quilibet
1443 3960 1601 4038 praelatus
1621 3961 1655 4022 et
1675 3942 1941 4029 laboretimplendo

332 4058 449 4119 mittat
463 4059 694 4132 operuissem
711 4072 861 4120 messem
874 4072 975 4120 mmm
998 4055 1129 4136 (Matth.
1188 4077 1285 4122 sunm
1300 4058 1535 4122 ministerium.
1549 4057 1669 4122 Faciat
1676 4074 1760 4136 opus
1774 4042 1941 4126 evangelista

332 4169 380 4226 1¹,
395 4152 461 4232 37)·
1188 4157 1259 4221 siue
1285 4157 1528 4236 predicatoris,
1550 4156 1637 4219 sicut
1658 4156 1740 4218 dicit
1763 4151 1896 4216 Paulus:
1913 4141 1943 4200 iu

371 4252 526 4327 Legimus
541 4251 576 4312 in
593 4252 695 4312 Sacra
709 4252 892 4330 Scriptura,
910 4252 997 4331 quod
1012 4251 1131 4314 messis
1187 4270 1270 4318 cero
1293 4258 1408 4332 vigila,
1434 4259 1473 4318 to
1494 4257 1652 4318 omuibus
1677 4257 1805 4323 laboro,
1826 4257 1896 4322 opus
1908 4239 1944 4310 tlt

334 4348 478 4421 Domini,
494 4348 712 4411 sicutmessis
729 4349 874 4411 bominis
895 4349 1022 4427 indiget
1043 4365 1130 4428 qua·
1187 4353 1424 4430 evangelistar,
1461 4353 1701 4415 mtutstertum
1745 4351 1838 4413 tuum
1872 4335 1945 4408 tanto

334 4447 478 4523 druplici
493 4447 634 4519 cultura,
649 4446 746 4520 idest,
757 4447 901 4509 vomeris
917 4447 1068 4510 aratione
1078 4447 1131 4509 vel
1189 4449 1234 4531 (II
1246 4451 1329 4512 Tim.
1348 4467 1395 4524 iv,
1412 4451 1457 4530 5).
1471 4452 1518 4512 De
1530 4449 1653 4512 talibus
1664 4446 1847 4527 pastoribus
1858 4433 1946 4501 dicitur

334 4545 507 4618 scissione,
531 4545 722 4622 pluviarum
737 4544 918 4618 infusione,
938 4545 1035 4608 salcis
1052 4561 1130 4606 sec·
1187 4565 1247 4626 per
1260 4549 1440 4612 ieremiam
1457 4570 1464 4610 ι
1480 4551 1574 4612 Dabo
1593 4551 1687 4610 oobts
1698 4546 1851 4623 pastores
1863 4541 1947 4600 scell·

330 4644 432 4716 tione,
449 4644 482 4706 ct
503 4659 591 4706 areae
610 4643 832 4706 trituratione.
847 4642 998 4706 vomeris
1014 4642 1131 4705 scissio
1187 4651 1270 4708 dum
1288 4661 1349 4708 cor
1371 4661 1505 4718 meum,
1515 4646 1704 4720 adposcent
1721 4658 1782 4707 uos
1795 4634 1916 4703 salustio
1926 4621 1948 4730 el

332 4745 384 4805 est
397 4745 608 4818 peccatorum
623 4742 820 4820 increpatio.
843 4743 929 4804 Nam
942 4741 1029 4803 sicut
1039 4742 1130 4802 terra
1186 4745 1345 4807 doctrino
1362 4741 1500 4822 (terem.
1521 4749 1574 4816 ιιι,
1596 4741 1667 4823 15).
1685 4742 1726 4805 Et
1744 4740 1844 4804 isaias
1856 4757 1863 4794 ι
1877 4721 1948 4792 pactu

332 4840 415 4901 dura
430 4842 463 4902 et
476 4839 602 4901 inculta
615 4854 749 4901 vomere
764 4838 937 4912 scinditur,
954 4840 987 4902 et
1001 4838 1042 4901 ad
1058 4839 1132 4900 cul·
1186 4842 1431 4917 quiserotuatts
1441 4855 1677 4916 superomuos
1688 4833 1947 4924 aquosusxmu,

331 4939 401 5000 tum
420 4938 582 5014 peruenit,
600 4939 648 5000 ita
664 4938 756 5000 durae
778 4939 904 4999 mentes
919 4940 1130 5016 peccatorum
1185 4937 1251 5019 20).
1263 4941 1491 5016 superomnos
1504 4919 1948 5019 aquasseminareestcunotn
1968 4923 1969 4986 l

331 5035 436 5108 duris,
454 5035 582 5112 asperis
597 5038 631 5097 et
645 5034 771 5096 crebris
791 5035 1075 5112 increpationibus
1099 5037 1132 5098 ct
1188 5037 1318 5115 populis
1333 5035 1470 5098 verbum
1481 5035 1540 5098 bei
1553 5035 1749 5114 praedicare,
1763 5032 1796 5094 et
1808 5013 1949 5091 ideobttll
1968 5023 1969 5088 Ξ

333 5133 595 5196 correctionibus
609 5133 809 5208 tranguntur
820 5134 853 5194 et
864 5133 1070 5196 molliuntur.
1084 5136 1131 5195 De
1186 5134 1264 5197 sunt
1284 5135 1341 5212 qui
1368 5135 1550 5206 seminant,
1570 5133 1669 5206 idest,
1702 5131 1760 5210 qui
1790 5111 1948 5206 predicant
1968 5141 1969 5206 t

332 5229 1131 5310 quibusincrepationibusdioittoannesBaptista
1187 5233 1266 5311 quia
1280 5231 1407 5294 iaciunt
1420 5231 1565 5294 iructum
1585 5231 1663 5294 uitas
1676 5229 1712 5292 in
1736 5221 1890 5290 mentibus
1905 5223 1951 5322 ¹³11·

331 5331 366 5392 in
382 5327 562 5404 Evangelio
581 5343 589 5388 ε
606 5330 797 5404 Progenies
818 5330 1033 5403 viperarum,
1055 5332 1133 5404 quis
1188 5331 1360 5392 dientlum.
1383 5332 1489 5406 Super
1515 5343 1631 5391 omnes
1648 5342 1766 5405 aquas,
1787 5321 1870 5402 quia.
1889 5303 1951 5373 ⁸¹⁰¹¹t

330 5428 480 5492 osteoatt
490 5430 583 5490 vobis
596 5426 906 5502 mporeooeuturo
920 5430 1000 5488 ινα)
1013 5427 1132 5488 Facito
1187 5427 1268 5490 dicit
1282 5429 1428 5490 ioannes
1441 5427 1476 5488 in
1488 5425 1688 5504 Apocalypsi
1702 5445 1710 5486 ι
1725 5425 1830 5497 Aquae
1847 5407 1950 5476 ossula.
1968 5471 1969 5476 ,

329 5540 415 5604 orgo
437 5526 573 5602 auctus
598 5527 718 5602 dtpuos
732 5524 950 5598 poeociteottoe
965 5521 1059 5602 (Luc.
1080 5541 1130 5596 ιιι,
1184 5529 1300 5600 populi
1315 5527 1415 5588 multi
1430 5523 1545 5602 (Apoc.
1566 5539 1651 5592 nvn,
1673 5520 1737 5601 15).
1758 5516 1857 5581 Debet
1869 5507 1954 5614 alutem

329 5623 415 5704 7-8)·
1188 5625 1301 5700 pastor
1315 5639 1380 5684 non
1397 5622 1503 5684 solum
1518 5621 1643 5684 babere
1666 5618 1802 5684 verbum
1820 5605 1954 5691 praedica·

372 5721 609 5803 Unusquisque
646 5721 780 5802 iniquus
808 5723 840 5784 et
872 5735 1050 5800 perversus
1083 5720 1134 5783 est
1187 5722 1288 5784 tionis
1308 5722 1348 5784 ad
1365 5721 1629 5793 aedificationem,
1646 5719 1702 5783 sed
1724 5717 1822 5781 etiam
1837 5707 1954 5790 quinque
