4058 6308
102 391 150 454 245
261 433 267 444 ,
715 380 945 444 nrrsronm.
970 381 1049 443 nis.
1071 379 1096 442 r.
1671 378 1755 447 246.

100 547 265 615 casterium
301 546 410 623 ipsum
437 541 477 606 ad
512 542 736 623 Apostolicam
761 543 880 605 sedem
933 543 996 607 tini
1011 542 1162 620 quaedam
1177 540 1368 606 constitutio
1385 555 1486 618 super
1498 537 1731 602 distributione

101 645 259 728 pertineat,
275 644 407 705 nemine
424 642 600 715 mediante,
615 641 880 720 sicjurisdictio-
934 643 1122 708 reddituum
1136 641 1225 704 inter
1246 639 1424 702 canonicos
1446 638 1599 700 iacienda
1617 637 1651 698 in
1665 637 1730 700 lae-

100 763 163 808 nem
176 757 340 820 usurpans
350 739 529 802 indebitam
542 740 577 801 in
589 739 714 812 eodem,
729 738 764 800 in
779 755 881 825 quos·
934 745 1061 806 sionem
1075 739 1223 820 ejusdem
1242 739 1391 800 ecclesiae
1406 753 1446 799 ac
1460 737 1576 798 contra
1589 751 1732 801 consuo-

101 847 162 906 dam
198 840 379 902 monachos
416 841 488 916 ojus
525 835 879 900 excommunicationis
934 841 1082 904 tudinem
1105 835 1344 901 cathedralium
1379 833 1594 898 eeclesiarum
1627 833 1731 896 totius

98 939 280 1004 sententiam
295 954 354 1015 pro
377 939 434 1000 tuo
450 936 632 1000 voluntatis
649 936 788 999 arbitrio
802 951 881 1012 pro-
934 938 1116 1018 provinciae
1138 937 1200 998 tuit
1214 935 1312 997 sacta.
1337 936 1405 1007 Qua
1418 933 1559 994 durante
1572 930 1613 994 ad
1628 931 1733 994 eolle-

98 1035 239 1113 mulgasti
249 1035 323 1112 post
335 1033 595 1112 appellationem
608 1031 649 1094 ad
659 1047 720 1094 nos
733 1031 880 1109 legitime
934 1038 1025 1115 gium
1049 1035 1156 1114 ipsius
1182 1033 1333 1096 eeclesiae
1358 1031 1465 1093 bonus
1489 1031 1632 1092 clericus
1661 1018 1730 1091 non

96 1134 300 1212 interjectam.
328 1131 491 1205 Quoniam
518 1131 621 1208 igitur
645 1130 718 1193 haec
742 1131 771 1192 si
798 1145 880 1191 vera
933 1135 1124 1198 traheretur
1146 1132 1199 1196 vel
1224 1130 1416 1194 alliceretur
1432 1128 1472 1192 de
1487 1127 1579 1190 sacili
1598 1139 1674 1190 cum
1694 1127 1731 1188 in

97 1232 160 1302 siut,
175 1245 238 1291 1100
251 1230 284 1293 to
297 1227 409 1291 docuit
430 1225 541 1290 ftooro
555 1243 617 1290 noo
635 1243 697 1289 110³
713 1227 807 1289 dooot
819 1226 880 1288 sub
936 1234 1050 1297 eadem
1070 1249 1137 1296 non
1151 1232 1263 1311 posset
1286 1227 1501 1292 residentiam
1515 1225 1626 1288 faeere
1640 1241 1733 1290 com·-

97 1325 349 1436 dissimulatione
358 1323 518 1396 transire,
533 1324 734 1387 fraternitati
743 1324 810 1385 tuae
820 1339 881 1402 per
935 1334 1095 1412 potenter,
1112 1330 1196 1405 Quia
1216 1345 1295 1391 vero
1319 1325 1509 1406 frequenter
1530 1325 1603 1403 plus
1625 1324 1734 1385 eccle-

97 1424 267 1503 ti⁰⁸f⁰¹¹⁶³
300 1423 424 1500 fictilia
467 1421 674 1493 mandamus,
718 1423 880 1500 quatenus
935 1433 995 1494 siis
1014 1432 1049 1493 in
1073 1428 1225 1508 personis
1249 1425 1440 1504 buJusmcdi
1459 1439 1558 1500 quarn
1580 1419 1732 1498 personis

98 1519 648 1600 prefatumvualcksinedilatione
662 1519 820 1582 restituas
833 1516 880 1579 u.
934 1531 971 1592 in
994 1528 1145 1592 ecclesus
1162 1525 1364 1606 providetur,
1397 1519 1590 1584 discretioni
1613 1517 1732 1580 vestre

95 1619 211 1730 battuli,
231 1635 293 1680 nee
309 1617 471 1696 ifflltditt
486 1618 544 1681 eut
564 1633 624 1696 1³01*
637 1616 881 1694 tuos.irnpediri
936 1645 995 1708 per
1007 1627 1188 1706 apostolica
1207 1624 1331 1702 scripta
1345 1621 1551 1691 mandamus,
1569 1617 1734 1696 quatenus

96 1717 270 1795 permittas,
296 1717 473 1795 quominus
494 1731 630 1780 causam
650 1731 745 1778 tuam
769 1729 881 1778 eoram
936 1726 977 1788 ad
1000 1725 1150 1787 eamdem
1180 1720 1356 1784 eeclesiam
1380 1715 1601 1796 personaliter
1631 1729 1734 1775 acee-

93 1813 229 1923 Ptaetatis
241 1811 411 1890 judicibus
433 1810 538 1874 libero
559 1810 789 1890 prosequatur,
804 1824 883 1874 sen·
936 1823 1061 1895 dentes,
1079 1821 1107 1882 si
1123 1818 1390 1882 constitutionem
1407 1816 1513 1893 ipsam
1526 1813 1561 1874 in
1574 1809 1735 1890 praejudi-

93 1911 201 1974 ttfltltt
214 1925 349 1988 quoque
360 1925 442 1987 qtras
458 1911 493 1972 in
509 1909 748 1972 tubdltssfflfflffl
761 1908 793 1971 et
805 1924 882 1970 mo·
937 1921 1025 1984 oium
1040 1917 1235 1981 inveneritis
1248 1932 1321 1978 esse
1342 1915 1474 1982 factam,
1491 1911 1598 1989 ipsam
1618 1907 1735 1970 aucto·

93 2009 204 2070 ”³⁰11OE
225 2008 438 2086 supradictos
461 2007 651 2071 iss⁰tdisstt⁰
668 2007 789 2070 dicerit
804 2023 885 2085 itm·
937 2020 1036 2082 nitate
1052 2018 1165 2080 nostra
1179 2015 1308 2077 sublato
1318 2010 1550 2091 appellationis
1562 2005 1732 2070 obstaculo

93 2106 250 2182 mulgasse
265 2106 339 2166 sine
353 2104 547 2168 difficultate
559 2104 771 2178 relaxasset
783 2104 883 2166 etiam
937 2117 1112 2180 revocetis,
1143 2114 1234 2188 Quod
1261 2112 1289 2174 si
1316 2127 1382 2173 non
1408 2123 1534 2180 omnes,
1551 2107 1640 2168 etc...
1667 2103 1733 2164 duo

94 2204 189 2265 nullas
213 2219 293 2265 esse
323 2203 511 2275 denunties,
541 2219 616 2265 eum
644 2201 883 2264 monasterium
937 2217 1096 2288 vestrum,
1120 2213 1208 2276 etp...
1245 2210 1364 2273 Datum
1396 2203 1579 2278 Laterani,
1617 2203 1733 2264 octavo

93 2303 256 2364 atteratur
285 2303 474 2379 exemptum
510 2302 543 2363 θῒ
577 2301 725 2377 legitima
754 2301 884 2363 ditatur
937 2312 1013 2376 idus
1040 2311 1226 2384 februarii,
1260 2307 1472 2388 pontificatus
1503 2302 1608 2365 nostri
1643 2314 1732 2361 anno

93 2399 266 2477 appellatio
290 2400 513 2477 processisse;
534 2399 683 2478 alioquin
697 2398 883 2462 venerabili
938 2414 1056 2492 prim,

92 2495 175 2560 tratri
198 2498 319 2560 nostro
344 2498 377 2560 et
402 2497 524 2559 dilecto
546 2497 616 2558 illio
636 2497 762 2560 decano
782 2499 885 2558 Pata-

92 2595 185 2657 riensi
205 2599 243 2659 et
268 2596 447 2673 praeposito
469 2596 644 2658 Maticensi
674 2595 883 2658 Patariensis

93 2691 234 2756 dioecesis
248 2693 882 2766 nostrisdamuslitterisinmandatis,
1259 2654 1411 2745 CXCIX

92 2791 121 2851 ut
142 2791 172 2854 te
191 2791 235 2854 ad
260 2791 473 2870 exsequenda
490 2791 650 2868 predicta
678 2791 884 2854 districtione

94 2903 149 2964 naa
171 2890 336 2952 aavaait
352 2889 574 2967 annotatione
602 2890 729 2952 ramata
752 2890 884 2966 justitia
939 2912 990 2974 Aa
1004 2909 1159 2972 annalem
1178 2907 1212 2969 et
1229 2904 1435 2968 conventum
1452 2899 1736 2964 semitertianae

94 2988 307 3064 compellant,
347 2988 559 3066 injungentes
594 2987 763 3064 judicibus
805 2989 884 3067 qui-
1184 3017 1371 3076 promen,
1392 3012 1490 3072 appe·

92 3080 147 3142 bus
170 3099 277 3146 eausa
299 3084 471 3166 electionis
495 3084 686 3163 hujusmodi
714 3085 766 3146 est
794 3099 886 3146 com-

90 3179 192 3254 missa,
218 3183 263 3244 ut
286 3181 468 3244 secundum
490 3181 630 3245 formam
651 3181 884 3244 sibitraditam
1234 3196 1336 3256 ulebr.
1352 3196 1433 3254 luti.

90 3278 266 3351 procedere
281 3295 349 3340 non
364 3279 654 3342 omittantbatum
669 3280 837 3352 Laterani,
855 3281 885 3342 ll

89 3389 182 3438 nonas
207 3375 389 3450 februarii,
419 3375 632 3453 pontificatus
658 3376 764 3440 nostri
797 3390 885 3440 anno

89 3487 195 3548 pnmo.

1066 3350 1200 3420 [inuecta
1215 3347 1280 3414 iuris
1291 3347 1426 3415 pontificii,
1443 3359 1510 3397 anne
1528 3343 1611 3410 lars]

975 3513 1737 3600 Indulgetpontifexconventuiutinpignusdetineat

118 3611 301 3686 Sfflttlttm
325 3609 377 3672 &Sl
395 3623 502 3685 Super
534 3611 596 3673 boc
626 3607 752 3672 decano
785 3609 887 3673 Pata-
940 3617 1047 3676 tructus
1070 3613 1218 3673 tentorum
1233 3608 1389 3669 dummodo
1402 3609 1460 3666 sint
1480 3609 1623 3664 immunes
1642 3617 1733 3662 aser·

87 3703 183 3767 riensi
209 3709 246 3771 et
282 3706 461 3784 preposito
486 3707 662 3770 Maticensi
690 3707 882 3772 Patariens.
939 3707 1077 3778 vitioque
1092 3708 1223 3760 tenentur
1237 3693 1609 3758 feudatariirationeleudi.

87 3800 247 3879 dioecesis,
266 3806 305 3866 ut
317 3804 358 3867 ab
371 3803 621 3883 archiepiscopo
634 3804 885 3882 salseburgensi

86 3901 239 3976 mediata
251 3900 428 3965 observari
443 3900 580 3966 faciant,
983 3875 1163 3949 Honorius,
1194 3873 1268 3946 ete,
1299 3869 1428 3933 dilectis
1457 3867 1535 3929 tiliis
1564 3863 1676 3927 abbati
1702 3863 1737 3925 et

940 3975 1117 4040 conventui
1141 3972 1248 4036 sancti
1269 3967 1412 4034 amandi
1436 3969 1620 4029 Tornaeen.
1647 3960 1735 4024 dioe-

390 4117 584 4206 CXGVHI
940 4074 1735 4246 cestilrsrnrossronobispetitur,etc.,uspueellectum.

940 4271 1134 4352 Eapropter‚
1161 4265 1274 4329 dilecti
1295 4265 1330 4327 iu
1358 4263 1498 4326 Domino
1520 4260 1592 4334 ulii,
1616 4257 1736 4322 vestris

937 4371 1037 4450 justis
1064 4363 1342 4447 postulationibus
1371 4362 1467 4439 grato
1501 4355 1737 4422 concurrentes

941 4482 1090 4539 assensu,
1103 4466 1139 4527 ut
1152 4465 1272 4534 terras,
1287 4459 1443 4531 decimes,
1457 4456 1491 4520 et
1503 4473 1569 4528 res,
1586 4455 1737 4531 aliasque

941 4565 982 4630 de
994 4563 1092 4628 leudo
1111 4559 1306 4625 monasterii
1326 4557 1429 4620 vestri
1448 4553 1630 4617 noscuntur
1644 4551 1737 4614 exis·

381 4652 399 4709 θ
417 4649 488 4710 sm·
514 4652 592 4712 ¹²¹⁷·
941 4667 1023 4737 tere,
1037 4661 1156 4726 abillis
1171 4659 1228 4738 qui
1242 4655 1489 4719 casiniensium
1501 4669 1521 4714 a
1533 4649 1736 4713 monasterio

107 4793 175 4856 tuos.
190 4793 369 4861 rancessp.
382 4795 435 4846 rae.
449 4792 855 4862 uenrnrreuequsnauonnep
942 4763 1014 4840 ipso
1035 4759 1184 4822 detinent
1204 4756 1239 4820 in
1263 4755 1382 4832 pignus
1404 4751 1553 4830 recipere
1573 4763 1613 4811 ³0
1634 4745 1736 4809 etiam

940 4860 1099 4931 retinere,
1120 4853 1281 4918 fructibus
1305 4867 1420 4915 eornm
1444 4865 1513 4913 non
1538 4845 1737 4925 computatis

82 4943 198 5018 llandat,
211 4957 248 5006 ut
268 4947 308 5005 ed
322 4947 475 5050 ecclesium
500 4947 680 5006 Petentiuam
700 4950 888 5023 personaliter
941 4959 977 5021 in
1002 4958 1140 5035 partem,
1168 4949 1349 5016 Dummodo
1375 4946 1553 5012 feudatarii
1578 4943 1738 5024 quamdiu

110 5037 254 5180 ιθῢωᾶθῡῑ
276 5043 308 5094 θῑ
327 5035 526 5138 inquirent'de
542 5035 666 5110 quadam
686 5038 888 5142 mnsuutione
941 5057 1067 5120 fructus
1082 5053 1159 5117 illos
1180 5048 1396 5130 perceperitis
1414 5045 1589 5108 insontem
1601 5043 1738 5106 minime

120 5139 243 5200 empore
263 5125 352 5182 bone
369 5140 516 5183 memorue
542 5126 577 5186 A.
598 5127 726 5201 episcopt
746 5128 895 5196 Palentrnr
942 5151 1179 5232 computandos
1205 5147 1377 5210 asepvffio
1391 5146 1427 5207 in
1441 5142 1612 5222 (mombis
1627 5141 1739 5204 etmo-

111 5227 195 5290 auper
221 5213 431 5275 distributione
449 5213 611 5273 reddituum
636 5216 710 5274 inter
733 5217 888 5276 canonicos
942 5194 1211 5316 nasteriovesusso
1245 5262 1284 5308 ro
1298 5244 1423 5308 seudop
1447 5259 1485 5305 30
1498 5241 1635 5304 peneum
1680 5239 1738 5301 pn..

111 5301 259 5404 iacienda,
275 5304 377 5377 eisque
393 5303 888 5378 praecipitutbujusmodiconstitu·
940 5351 954 5414 t
996 5350 1002 5364 .
1081 5345 1161 5411 Ψ
1223 5263 1244 5325 p
1344 5342 1390 5406 sb
1425 5260 1445 5322 p
1485 5341 1516 5402 a]
1559 5337 1585 5402 fi
1634 5255 1694 5400 r’p

111 5399 231 5465 nonem,
252 5395 283 5450 si
307 5393 336 5450 in
355 5392 551 5467 prejudicium
569 5392 699 5468 ejusdem
715 5395 886 5467 invenerint,
941 5366 1039 5512 rm
1057 5353 1740 5524 εὲἷὶειῗὲζὲἓῗίυζῃθὲᾶζιείἓέςωξηῗὴ

111 5490 263 5542 ‘'mn‘'
941 5545 1110 5622 argeste.
1128 5543 1164 5605 Si
1184 5543 1258 5621 quis
1279 5538 1478 5612 autemetc.
1503 5534 1739 5598 Datumbate-

117 5646 359 5710 lntelleximus
375 5645 460 5725 quod
484 5647 520 5708 in
542 5647 715 5712 Patentina
746 5647 886 5711 eeclesia
941 5643 1027 5717 reni,
1059 5642 1176 5705 octavo
1210 5639 1284 5702 idus
1317 5635 1489 5709 februarii,
1526 5632 1739 5713 pontificatus

31 5749 32 5802 t
84 5741 226 5823 tempore
243 5745 347 5807 bonae
362 5743 584 5808 memorien.
604 5745 751 5825 episcopi
766 5746 889 5809 Palen·
942 5740 1046 5806 nostri
1062 5755 1149 5804 anno
1164 5737 1282 5818 primo.

31 4289 32 4292 ‘
82 4305 885 4382 enaccusemneeetertaraenceeeraecese,

116 4405 147 4463 et
154 4409 327 4479 petorem
337 4405 450 4466 seruit
458 4407 604 4467 Ioannis
613 4405 648 4468 et
660 4409 699 4468 G.
712 4406 887 4469 rectorem

115 4504 153 4564 de
166 4505 278 4566 Sales
291 4505 497 4564 canonicum
510 4505 740 4580 Brerpensem.
