3988 6308
74 365 138 432 225
711 367 941 432 nris'ronAE.
964 315 1043 430 nin.
1067 367 1093 442 L
1666 368 1726 432 226

74 529 200 594 terium
214 529 266 593 est
282 527 492 603 translatum,
509 543 608 608 quam
629 526 718 592 idem
736 545 873 592 monas·

74 628 198 691 terium
230 626 329 704 longo
363 627 511 705 tempore
547 627 697 690 asseritis
725 629 873 690 tenuisse

75 727 256 804 antequam
270 725 422 788 instituta
436 725 668 788 cisterciensis
683 726 874 808 1111111111-

77 825 193 903 pisset,
207 823 294 886 sicut
305 840 378 886 eam
384 825 474 902 juste
485 840 524 886 ac
536 824 674 902 pacifice
684 824 871 902 possidetis,

76 923 173 986 vobis
196 922 229 986 et
246 921 384 1000 praefato
404 923 514 984 vestro
537 922 741 986 monasterio
762 939 806 984 au
826 923 875 984 to·

74 1021 177 1084 ritate
197 1020 386 1098 Apostolica
401 1019 636 1083 confirmamus
654 1023 687 1083 et
699 1020 873 1100 praesentis

70 1118 193 1196 scripti
207 1117 392 1196 patrocinio
413 1119 666 1182 communimus.
683 1119 775 1180 Nulli
795 1134 874 1195 ergo

74 1217 213 1278 omnino
231 1217 413 1289 hominum,
430 1217 492 1280 etc.
508 1218 628 1279 Datum
643 1217 810 1290 Laterani,
828 1219 874 1278 111

71 1313 240 1376 kalendas
255 1313 427 1390 februarii,
440 1314 650 1392 pontificatus
665 1315 771 1378 nostri
786 1331 873 1377 anno

72 1428 198 1490 primo.

362 1573 590 1661 CLXXXIII

113 1753 169 1814 Ad
189 1750 372 1814 1111111111
394 1756 558 1827 populum
585 1751 835 1813 culumina

153 1853 319 1914 01111111
329 1852 789 1926 alneopansemepucopum.

374 1989 410 2049 ³0
418 1989 479 2064 jun.
494 1991 572 2049 lili.

216 2103 373 2171 [Vastovlus
387 2105 454 2159 Vitis
463 2105 612 2171 Aquilonia,
625 2121 653 2171 p.
666 2103 733 2172 tta]

66 2247 316 2322 Compositionent
337 2248 411 2307 iuter
424 2248 532 2306 clerum
548 2249 741 2323 populumque
753 2248 871 2307 Gatian-

106 2339 166 2396 din
189 2345 219 2396 et
252 2338 383 2397 carolum
412 2339 619 2412 lincopensem
643 2337 808 2411 episcopum
838 2337 873 2396 de

104 2425 309 2485 distributione
329 2426 504 2485 decimarum
527 2425 637 2496 initam,
658 2433 686 2484 11
706 2426 873 2484 auctoritate

105 2515 234 2574 Andreae
268 2515 474 2590 archiepiscopi
512 2515 672 2574 lundensis
698 2515 871 2586 roboratam,

105 2605 273 2664 confirmat.

110 2749 219 2813 Justis
249 2751 444 2828 petentium,
475 2751 551 2823 etc,
585 2764 693 2824 usque
721 2765 871 2814 assensu.

71 2847 355 2926 compositionem
381 2863 482 2926 super
510 2847 743 2910 distributione
778 2847 872 2910 deci-

69 2963 205 3009 marum
217 2947 318 3008 totius
337 2947 436 3010 terrae
454 2947 574 3010 vestrae
594 2945 683 3010 inter
694 2962 753 3009 vos
771 2946 804 3008 11
815 2961 875 3008 ve-

75 3044 259 3106 nerabilem
273 3043 410 3106 tratrem
425 3045 575 3106 nostrum
586 3044 767 3123 Lincopen.
784 3045 875 3122 epis-

75 3158 195 3220 copum
207 3143 248 3204 de
263 3159 403 3206 assensu
416 3143 448 3204 et
460 3142 657 3205 auctoritate
669 3142 873 3205 venerabilis

72 3239 190 3303 fratris
210 3241 316 3304 nostri
330 3240 481 3303 Lunden.
494 3239 738 3319 archiepiscopi
753 3239 875 3302 amica·

69 3337 189 3401 biliter
208 3337 337 3412 initam,
354 3338 440 3400 sicut
460 3337 535 3400 sine
556 3339 719 3416 pravitate
736 3337 873 3417 provide

69 3435 162 3498 sacta
187 3437 252 3508 est,
278 3435 312 3497 et
336 3435 377 3498 ab
399 3437 539 3514 utraque
561 3437 654 3514 parte
676 3435 793 3514 sponte
818 3451 874 3496 re-

69 3535 181 3614 cepta,
195 3536 228 3596 et
239 3533 352 3596 multis
366 3533 569 3612 temporibus
582 3533 822 3612 approbatam
836 3534 872 3596 ln

68 3631 311 3711 praedictorum
321 3631 565 3711 archiepiscopi
579 3635 613 3694 et
623 3633 771 3712 episcopi
790 3631 874 3695 litte

68 3731 116 3793 ris
140 3731 267 3792 dicitur
280 3730 456 3800 contineri,
472 3731 669 3792 auctoritate
682 3729 873 3808 apostolica

67 3829 322 3900 confirmamus,
335 3829 367 3890 et
378 3829 553 3906 praesentis
565 3827 680 3905 scripti
688 3828 873 3905 patrocinio

68 3928 330 3989 communimus.
346 3926 438 3987 Nulli
454 3942 544 4002 ergo,
557 3926 632 3999 etc,
648 3927 771 3988 nostrae
788 3942 872 3988 con-

66 4025 289 4097 firmationis,
305 4025 367 4086 etc.
388 4023 512 4102 Siquis
528 4025 650 4096 autem,
672 4025 733 4086 etc.
754 4025 873 4088 Datum

67 4122 246 4195 Laterani,
264 4124 310 4184 ill
326 4122 488 4186 kalendas
506 4120 682 4196 februarii,
698 4123 875 4200 pontifica-

67 4223 122 4285 tus
136 4221 249 4284 nostri
262 4236 351 4286 anno
365 4221 483 4298 primo.

368 4416 591 4505 GLXXXlV

85 4581 142 4640 Ad
155 4575 369 4652 montrum
382 4577 416 4638 et
429 4576 562 4651 lintres
572 4575 707 4638 Mtttttoe
713 4577 851 4651 Tempu.

367 4708 403 4768 ³0
418 4707 479 4782 jan.
500 4708 581 4766 121⁷.

80 4815 162 4882 [flod.
179 4815 227 4866 let.
240 4814 312 4879 3911,
325 4829 352 4880 p.
370 4814 424 4866 lot.
441 4816 499 4866 llss.
519 4812 696 4878 bibliotheque
708 4813 859 4882 1111111111]

65 4960 215 5034 blagistro
230 4957 347 5016 tratrum
362 4957 470 5018 blilitiae
485 4956 593 5030 l'empli
608 4957 638 5014 in
652 4956 789 5030 Hispania
804 4973 872 5015 con-

100 5048 217 5108 stitutis
236 5047 364 5116 mandat,
381 5054 413 5104 ut
426 5047 501 5104 circa
516 5059 633 5104 causam
656 5047 729 5104 inter
750 5047 829 5119 ipsos
848 5055 876 5104 et

99 5140 278 5211 episcopum
293 5136 515 5196 ulixbonensem
530 5149 616 5208 super
635 5134 699 5209 jure
719 5136 876 5209 episcopali

100 5229 134 5286 in
151 5225 278 5284 ecclesia
293 5224 329 5282 de
348 5227 451 5284 iomar
468 5224 665 5282 executionem
684 5223 790 5282 habeat
808 5239 873 5282 sen·

100 5315 200 5374 tentia
213 5313 250 5372 ab
263 5315 431 5374 Innocentio
441 5316 481 5372 lll
494 5313 673 5386 promulgata
685 5328 741 5386 qus
760 5313 824 5372 illos
840 5313 876 5372 ab

100 5405 191 5463 omni
202 5399 516 5478 jurisdictionepraeiati
531 5402 658 5476 episcopi
673 5401 791 5460 omnino
804 5402 874 5461 libe-

99 5509 156 5552 ros
173 5499 205 5549 et
216 5498 364 5565 exemptos
375 5489 521 5565 judicavit.

110 5625 476 5702 Quoniamlabentium
490 5626 674 5703 temporum
689 5641 878 5689 11111111-
932 5627 1058 5706 copalis
1080 5624 1144 5687 sibi
1165 5622 1343 5686 substracti
1366 5623 1403 5684 in
1425 5622 1550 5684 eisdem
1565 5624 1735 5697 ecclesiis,

67 5742 150 5790 rum
177 5725 383 5802 gestarum...
417 5724 611 5787 memoriam
637 5740 751 5788 secum
776 5725 874 5804 rapit,

221 5897 334 5946 111111.
350 5887 473 5946 1111111.

928 528 1044 592 contra
1054 524 1231 592 oblivionis
1241 525 1486 590 incommodum
1500 527 1726 592 necessarium
1788 509 1792 518 ’

928 628 978 690 111
1000 625 1184 688 remedium
1207 626 1459 704 scripturarum,
1482 643 1524 689 ne
1545 626 1621 690 lites
1642 643 1726 690 con·

928 725 1042 788 cordia
1069 725 1123 786 vel
1143 724 1273 802 judicio
1307 724 1493 788 terminatae
1518 725 1553 787 in
1581 727 1726 788 reciduae

928 823 1122 902 questionis
1137 823 1328 900 scrupulum
1348 824 1552 886 relabantur.
1568 825 1729 901 (1111111-

928 923 984 984 tur
1007 921 1147 1000 quaestio
1171 937 1245 1000 quan
1264 920 1351 982 inter
1369 938 1429 984 uos
1448 939 1491 984 ex
1509 924 1603 1000 parte
1616 939 1683 984 una
1695 923 1729 985 et
1801 970 1806 982 .

930 1018 1154 1082 venerabilem
1164 1019 1300 1082 tratrem
1310 1021 1460 1082 nostrum
1469 1020 1728 1084 Ulixbonensenr

928 1119 1120 1195 episcopum
1135 1133 1236 1195 super
1250 1116 1401 1180 ecclesiis
1422 1118 1463 1179 de
1484 1119 1729 1181 1111111111-

927 1214 1037 1289 batur,
1050 1231 1111 1293 per
1120 1215 1318 1278 sententiam
1331 1214 1438 1276 ielicis
1448 1217 1617 1278 memorias
1628 1218 1730 1280 Inno-

929 1313 1030 1376 centii
1043 1329 1139 1391 papae
1153 1313 1409 1390 praedecessoris
1423 1313 1529 1376 nostri
1547 1309 1646 1376 luerit
1660 1315 1730 1376 111-

928 1411 1065 1484 minata,
1091 1410 1177 1474 sicut
1192 1411 1229 1472 in
1254 1414 1326 1488 ejus
1348 1399 1580 1488 prospeximus
1607 1411 1728 1474 litteris

928 1509 1104 1583 contineri,
1120 1525 1182 1573 nos
1199 1509 1349 1571 eamdem
1364 1510 1562 1574 sententiam
1581 1511 1731 1572 auctori-

928 1608 996 1670 tate
1021 1607 1212 1686 apostolica
1230 1607 1466 1670 confirmamus
1497 1610 1533 1669 et
1552 1607 1728 1685 presentis

927 1706 1044 1784 scripti
1063 1706 1187 1784 pagina
1211 1705 1465 1768 communimus.
1494 1706 1545 1768 Ad
1567 1707 1729 1784 majorem

927 1820 1007 1866 vero
1026 1803 1228 1876 firmitatem,
1247 1804 1397 1866 tenorem
1424 1803 1530 1880 ipsius
1554 1804 1728 1866 sententiae

928 1901 1147 1979 praesentibus
1153 1900 1316 1978 jussimus
1327 1901 1494 1974 annotari,
1505 1902 1562 1980 qui
1570 1902 1647 1964 talis
1658 1903 1726 1964 est:

968 1999 1214 2062 «Innocentius
1234 2002 1409 2080 episcopus
1430 2014 1728 2062 servasservorunt

928 2098 988 2162 Dei
1003 2098 1133 2162 dilectis
1146 2097 1224 2160 tiliis
1240 2099 1399 2175 magistro
1413 2098 1447 2159 et
1461 2097 1619 2160 iratribus
1637 2097 1729 2160 Mili-

927 2197 983 2260 tiae
997 2195 1135 2274 Templi,
1146 2196 1289 2260 salutem
1302 2197 1336 2260 et
1345 2195 1560 2274 apostolicam
1572 2195 1730 2258 benedic-

927 2295 1062 2358 tionem.
1372 2291 1376 2298 '

969 2391 1730 2470 «Te‚flli,magisterF.MilitiaeTempliinHis-
1777 2427 1781 2434 ·

928 2490 1040 2569 panta,
1061 2491 1096 2552 in
1117 2493 1232 2554 nostra
1257 2490 1437 2568 praesentia
1458 2490 1727 2569 conquerentem,

928 2588 1015 2666 quod
1026 2589 1231 2651 venerabilis
1247 2587 1351 2651 irater
1366 2589 1480 2652 noster
1493 2587 1728 2650 Ulixbonensis

928 2687 1103 2764 episcopus
1116 2687 1149 2750 te
1163 2703 1203 2750 ac
1218 2686 1349 2750 domum
1362 2685 1490 2763 Templi
1504 2702 1606 2763 super
1620 2685 1729 2748 eccle-

929 2784 989 2846 siis
1001 2784 1171 2846 deTomar
1180 2783 1388 2857 molestabat,
1397 2783 1519 2862 injuste
1529 2784 1565 2845 in
1575 2783 1727 2862 illisjura

928 2883 1132 2962 episcopalia
1146 2883 1322 2960 exigendo,
1343 2899 1418 2944 cum
1437 2882 1544 2944 ielicis
1559 2883 1729 2945 memorias

927 2981 1104 3054 Adrianus,
1132 2981 1322 3044 Alexander
1347 2983 1381 3044 et
1405 2981 1559 3043 Urbanus
1587 2982 1729 3044 Romani

928 3078 1101 3158 pontifices
1115 3078 1235 3140 iundos
1246 3078 1462 3140 ecclesiarum
1472 3079 1620 3156 ipsarum
1630 3078 1728 3141 beato

928 3176 1026 3238 Petro
1047 3175 1172 3240 intuitu
1192 3176 1378 3238 devotionis
1403 3175 1531 3238 oblatos
1556 3177 1591 3238 in
1615 3180 1672 3255 jus
1696 3178 1729 3239 et
1823 3203 1827 3212 ·

928 3274 1163 3353 proprietatem
1182 3275 1288 3352 ipsius
1307 3273 1493 3338 boauPetn
1508 3275 1725 3352 susceperint,

928 3371 1145 3434 concedentes
1164 3371 1258 3434 vobis
1282 3371 1422 3436 liberam
1442 3371 1631 3436 facultatem
1646 3388 1729 3435 con-

928 3469 1078 3534 struendi
1088 3470 1247 3532 ecclesias
1269 3471 1305 3532 in
1326 3470 1464 3536 eisdem.
1486 3486 1525 3532 ac
1544 3472 1726 3536 statuentes

928 3568 965 3631 11
978 3567 1128 3630 ecclesiae
1148 3567 1229 3644 ipsae
1249 3568 1332 3630 nulli
1352 3567 1418 3630 nisi
1434 3567 1562 3632 tantum
1578 3571 1726 3630 Romano

929 3665 1082 3728 Pontifici
1102 3664 1315 3743 subjacerent
1333 3665 1386 3726 111
1403 3665 1596 3728 tenerentur
1609 3666 1645 3727 in
1660 3665 1726 3727 ali-

928 3779 992 3842 quo
1006 3761 1220 3841 respondere,
1238 3761 1324 3823 sicut
1339 3777 1397 3839 per
1416 3767 1564 3839 ipsorum
1589 3762 1728 3840 privile-

927 3861 983 3940 gia
998 3859 1125 3938 liquida
1140 3859 1401 3922 demonstrabas.
1420 3858 1582 3922 Praefatae
1596 3859 1729 3938 episco-

927 3975 989 4037 pus
1002 3973 1046 4021 ex
1059 3957 1199 4020 adverso
1211 3956 1382 4035 respondit
1394 3957 1568 4036 privilegia
1579 3959 1651 4036 ipsa
1662 3959 1727 4020 sibi

926 4071 1049 4120 nocere
1063 4056 1274 4134 aliquatenus
1289 4071 1356 4118 non
1371 4055 1502 4130 debere,
1523 4057 1635 4134 utpote
1653 4073 1726 4135 quae

928 4155 1029 4219 tacita
1036 4155 1177 4218 ueritate
1192 4153 1359 4232 subrepta,
1368 4153 1407 4215 de
1421 4156 1658 4231 compositione
1669 4173 1728 4217 su-

928 4271 988 4333 per
1001 4253 1065 4316 boc
1079 4253 1166 4316 iacta
1179 4253 1267 4314 inter
1281 4253 1414 4313 domum
1427 4253 1572 4316 vestram
1585 4256 1619 4316 et
1631 4253 1727 4317 bonae

928 4352 1099 4414 memorias
1114 4350 1311 4413 Gilibertum
1327 4349 1587 4414 Ulinbonensem
1598 4353 1729 4430 episco-

928 4465 1017 4528 pum,
1034 4450 1102 4512 111
1116 4449 1255 4527 praeiato
1274 4448 1420 4512 Adriano
1437 4451 1587 4512 Romano
1607 4449 1726 4512 Ponti-

929 4547 991 4610 llce
1000 4546 1205 4620 confirmata,
1220 4547 1345 4608 nullam
1358 4546 1489 4622 penitus
1501 4545 1626 4608 iaciunt
1636 4563 1726 4608 men-

927 4645 1064 4719 tionem,
1088 4643 1248 4723 adjiciens
1277 4643 1363 4721 quod
1392 4659 1466 4704 cum
1494 4659 1554 4721 pro
1576 4643 1727 4706 ecclesiis

929 4744 1055 4822 ipsisin
1061 4741 1304 4822 iurisdictionis
1317 4740 1544 4817 recognitione
1555 4742 1730 4820 episcopa-

930 4843 972 4904 lis
987 4840 1143 4904 continue
1163 4839 1329 4902 solveritis
1355 4837 1502 4917 quinque
1522 4839 1646 4902 solidos
1662 4857 1727 4902 an-

929 4956 1013 5002 nuos
1036 4938 1100 5000 sibi
1129 4939 1161 5000 11
1193 4935 1496 5016 praedecessoribus
1525 4937 1607 5012 suis,
1630 4941 1728 5017 juxta

929 5039 1079 5100 tenorem
1095 5034 1344 5114 compositionis
1362 5035 1529 5113 praedictae
1544 5037 1655 5112 tacite,
1672 5055 1728 5100 re-

931 5135 1108 5198 nunciasse
1116 5134 1319 5197 videbamini
1326 5133 1512 5210 privilegiis
1525 5138 1728 5211 memoratis,

931 5233 1027 5313 quasi
1047 5233 1147 5295 etiam
1164 5234 1276 5294 essent
1289 5231 1375 5293 alias
1388 5232 1542 5306 valitura,
1560 5234 1732 5312 praescrip·

930 5335 1055 5398 tionem
1078 5333 1191 5394 tamen
1213 5331 1330 5392 contra
1352 5330 1467 5392 eadem
1488 5330 1664 5407 allegabat,
1689 5332 1731 5394 ad

931 5449 1004 5496 eam
1024 5428 1227 5510 probandam
1247 5427 1400 5490 inducias
1424 5429 1457 5490 et
1471 5427 1602 5506 Judices
1618 5431 1733 5506 postu-

930 5531 1030 5593 lando
1043 5544 1083 5591 ac
1098 5525 1239 5606 petendo
1255 5525 1523 5604 jurisdictionem
1534 5527 1622 5603 juris
1637 5529 1731 5605 epis-

930 5728 968 5790 ut
980 5723 1121 5788 dicebat.
1137 5722 1206 5784 Nos
1220 5719 1323 5796 igitur
1337 5719 1390 5782 bis
1410 5720 1443 5782 et
1461 5719 1537 5784 aliis
1556 5719 1635 5784 binc
1654 5721 1731 5784 iude

1556 5881 1583 5939 8.

1984 631 1986 688 l
