3988 6308
261 383 321 446 323

262 538 434 622 agriensis
449 533 626 611 episcopus
646 524 689 587 ad
704 516 923 601 supplendum
937 517 1058 580 vestras

262 653 387 706 mensae
408 629 588 700 delectum,
609 624 705 690 uobis
726 621 782 700 pia
801 615 1003 681 liberalitate
1027 614 1059 676 et

262 737 401 820 provida
425 725 664 793 deliberatione
687 718 862 791 concessit,
891 717 978 778 sicut
1001 727 1058 775 aas

256 839 348 918 juste
363 849 402 896 ac
415 827 553 909 pacifice
566 820 754 902 possidetis,
771 817 865 880 vobis
879 815 913 877 et
926 827 985 891 per
999 827 1058 874 vos

263 931 413 1000 ecclesiae
428 927 549 991 restrae
564 919 762 984 auctoritate
776 912 967 992 apostolica
984 927 1061 972 con·

263 1036 444 1100 firmamus,
471 1027 503 1086 et
532 1017 705 1100 praesentis
732 1013 847 1092 scripti
875 1009 1059 1089 patrocinio

263 1127 517 1196 communimus.
534 1118 627 1183 Nulli
649 1131 740 1192 erga,
757 1115 819 1176 etc.
836 1111 958 1172 nostrae
974 1123 1059 1170 con-

263 1224 474 1295 firmationis,
498 1221 560 1282 etc.
586 1215 706 1293 Siquis
721 1213 845 1284 autem,
862 1210 924 1270 etc.
941 1207 1060 1268 Datum

264 1323 432 1393 Laterani,
444 1322 504 1384 Vll
517 1314 591 1380 idus
599 1311 723 1385 martii,
735 1307 946 1390 pontificatus
954 1305 1060 1368 nostri

265 1439 353 1490 anno
369 1421 487 1501 primo.

598 1597 723 1688 ccix

264 1743 316 1819 Ad
332 1752 625 1824 archiepiscopum
648 1742 682 1804 et
700 1741 980 1802 archidiaconum
994 1737 1062 1796 ite-

304 1865 382 1924 111.
400 1859 434 1920 11
448 1853 634 1918 sacristam
652 1851 686 1910 s.
704 1847 806 1908 Paeti
821 1845 1018 1908 Narbonem

551 1975 683 2031 limari.
699 1969 777 2027 lali.

298 2091 408 2156 [aegest.
422 2083 498 2144 libi,
516 2079 659 2146 11111108.
675 2078 732 2128 lies.
746 2077 782 2126 La
793 2075 871 2124 Porta
888 2068 1030 2134 balbuli]

266 2217 302 2276 lit
330 2214 436 2273 iaciant
460 2208 599 2284 justitiam
621 2205 658 2263 de
680 2203 795 2277 querela
820 2199 952 2259 Einensis
980 2195 1061 2253 electi

300 2303 439 2362 adversus
449 2299 581 2357 abbatem
592 2303 620 2352 st
629 2299 802 2352 conventum
817 2291 846 2349 S.
864 2287 1013 2348 Michaelis
1027 2285 1063 2344 du

300 2395 408 2453 cosan.
424 2397 453 2448 et
463 2389 535 2447 alios
549 2383 689 2459 quosdam
700 2381 862 2454 religiosos.

304 2536 484 2608 Honorius,
507 2531 583 2605 etc„
603 2522 789 2593 venerabili
809 2523 906 2588 fratri
930 2521 1064 2585 archie-

264 2639 400 2717 piscopo
411 2634 445 2695 et
455 2631 585 2694 dilectis
596 2626 674 2689 liliis
687 2623 924 2688 archidiacono
935 2621 1060 2684 Redcn.

265 2737 298 2798 et
312 2733 461 2796 sacristae
475 2729 582 2792 sancti
596 2725 694 2787 Pauli
708 2723 899 2784 Narbonem.

306 2829 483 2905 Querelam
517 2823 630 2887 dilecti
665 2821 764 2882 lilii...
801 2817 899 2880 electi
931 2816 1060 2887 Elnen„

263 2930 451 3006 recepimus
464 2921 700 2992 continentem,
715 2917 801 2997 quod
817 2915 919 2978 abbas
935 2916 967 2976 et
982 2929 1064 2975 con-

265 3028 384 3090 ventus
394 3023 501 3087 sancti
511 3018 686 3084 Michaelis
699 3018 739 3078 de
750 3018 875 3078 coxan.
886 3011 1063 3090 etquidem

266 3126 325 3188 alii
350 3121 501 3200 religiosi
518 3120 632 3181 Elaea.
653 3114 816 3191 dioecesiS,
833 3111 1062 3173 usurarorium

267 3224 300 3287 et
324 3218 687 3285 excommunicatorum
721 3227 862 3289 corpora
894 3206 1063 3271 tradentes

267 3317 505 3383 ecclesiasticae
540 3312 736 3391 sepulturae,
762 3311 798 3370 in
831 3305 1063 3386 praeJ'udlcium

267 3419 383 3482 Elnen.
398 3413 559 3485 ecclesiae,
574 3413 607 3473 et
620 3407 814 3471 scandalum
829 3405 1060 3482 plurimorum,

267 3501 1063 3585 sacerdotesinstituuntinquibusdamecclesiis

267 3631 341 3694 quae
355 3612 396 3674 ad
412 3627 468 3673 eos
482 3610 579 3688 pleno
586 3610 663 3685 jure
675 3619 743 3666 non
757 3602 935 3679 pertinent,
947 3615 1063 3662 eorum

266 3711 458 3789 irrequisito
489 3721 629 3768 assensu
653 3703 710 3781 qui
732 3700 829 3763 debet
847 3698 887 3760 de
905 3702 982 3775 jure
1005 3712 1064 3758 re-

268 3811 356 3890 quiri
368 3807 484 3870 111111
499 3803 621 3867 statuta
635 3801 834 3862 Lateranen.
846 3795 991 3864 concilii,
1004 3809 1064 3872 pro
1116 3883 1117 3886 Ἴ

268 3907 338 3970 'suae
352 3906 446 3967 libito
460 3901 661 3975 voluntatis3
678 3899 764 3960 alias
779 3897 894 3958 Elnen.
912 3893 1063 3956 ecclesiae

268 4020 368 4082 super
382 4000 585 4072 mortuariis,
603 3993 904 4074 procurationibus,
917 3991 951 4053 et
963 3990 1063 4053 rebus

269 4103 344 4165 aliis
360 4115 479 4176 graues
494 4099 527 4159 et
541 4093 697 4173 inJuriosi
712 4092 892 4170 plurimum
910 4090 1062 4151 existen-

268 4203 330 4262 tes.
347 4197 489 4272 Ideoque
507 4190 702 4254 discretioni
716 4189 835 4250 vestras
850 4185 1065 4264 111111111-

268 4297 335 4357 lica
359 4293 482 4370 scripta
504 4290 709 4360 mandamus,
731 4287 893 4363 quatenus
915 4283 1064 4361 partibus

270 4391 472 4464 convocatis,
498 4390 560 4451 etc.
582 4385 695 4448 Testes
728 4386 854 4456 autem,
876 4383 955 4454 etc,
977 4381 1063 4459 quod

270 4495 299 4555 si
313 4507 380 4554 non
399 4504 526 4561 omnes,
543 4487 617 4558 etc,
633 4484 670 4546 tu
684 4481 789 4544 frater
812 4481 977 4558 episcope,
1000 4479 1062 4542 etc.

268 4592 387 4655 Datum
403 4585 573 4658 Laterani,
599 4581 713 4661 quinto
740 4577 817 4640 idus
831 4577 955 4651 martii,
985 4593 1065 4654 pon·

268 4689 412 4752 tibuatus
424 4684 531 4748 nostri
548 4697 635 4745 anno
649 4677 767 4758 primo.

599 4836 746 4929 sanxi

344 5009 395 5069 aa
415 5002 708 5079 archiepiscopum
719 4952 1008 5062 Narbonensem

555 5134 587 5190 n
603 5108 781 5190 1111111.

302 5235 413 5304 [begeat.
427 5231 476 5284 lib.
488 5228 511 5292 l,
527 5229 601 5294 episi.
616 5227 741 5280 10111.
760 5227 797 5278 La
808 5225 885 5277 Poris
895 5225 930 5277 du
942 5224 1035 5290 risit]

271 5375 307 5432 lit
320 5370 394 5428 bona
410 5367 543 5428 binensis
564 5362 693 5422 ecclesia
708 5374 759 5433 per
772 5360 912 5418 incuriam
929 5360 1065 5432 collapsa,

310 5455 318 5467 ’
422 5457 466 5515 vel
482 5457 605 5513 alienata
619 5453 680 5526 ipse
695 5452 805 5509 restitui
818 5449 913 5508 iaciat.

312 5601 491 5673 Honorius,
515 5599 589 5670 etc,
620 5595 804 5660 venerabili
832 5593 928 5658 tratri
953 5591 1066 5654 nostro

272 5699 523 5778 archiepiscopo
538 5696 729 5759 Narbonen.

889 354 1066 417 HONORII
1087 351 1132 413 ΙΙΙ
1154 351 1302 412 OPERA.
1838 353 1886 414 324

1152 512 1300 576 Dilectus
1320 511 1409 577 lilius
1433 510 1564 585 Elnen„
1581 509 1716 584 electus,
1733 525 1791 572 sua
1808 511 1890 576 nobis

1112 611 1339 674 insinuatione
1360 609 1572 682 monstravit,
1594 608 1679 686 quod
1700 609 1733 670 11
1752 607 1790 670 de
1809 607 1891 672 bonis

1113 710 1264 771 ecclesiae
1278 725 1347 770 suae
1358 709 1455 786 plura
1465 707 1793 786 perpraedecessores
1802 707 1892 784 ipsius

1114 808 1260 869 alienata
1271 807 1393 869 suntin
1404 806 1554 885 ejusdem
1566 805 1717 867 ecclesiae
1727 804 1890 879 laesionem,

1113 905 1232 982 etipsa
1247 904 1401 982 ecclesia,
1419 919 1480 982 per
1494 902 1712 982 quorumdam
1728 917 1770 962 ex
1786 902 1893 964 eisdem

1114 1001 1414 1080 praedecessoribus
1444 1002 1515 1062 suis
1545 999 1729 1071 incuriam,
1764 999 1841 1060 adeo
1866 999 1894 1060 in

1115 1099 1343 1178 spiritualibus
1366 1101 1400 1162 et
1422 1097 1660 1176 temporalibus
1684 1097 1735 1159 est
1752 1097 1893 1174 collapsa,

1114 1200 1147 1260 et
1170 1199 1321 1276 exposita
1344 1196 1533 1259 incursibus
1559 1195 1794 1272 malignorum,
1821 1194 1894 1272 quod

1115 1297 1181 1358 nisi
1197 1297 1229 1358 ei
1244 1313 1303 1374 per
1317 1296 1383 1358 tuae
1405 1293 1639 1358 sollicitudinis
1662 1293 1808 1357 studium
1832 1309 1896 1354 suo-

1115 1396 1279 1468 curratur,
1294 1394 1354 1456 vix
1368 1394 1408 1456 ad
1408 1393 1505 1472 jiciot
1516 1395 1552 1456 ut
1566 1392 1732 1469 resurgat.
1749 1392 1896 1464 Quocirca

1115 1492 1316 1555 fraternitati
1326 1494 1392 1553 tuae
1408 1507 1468 1570 per
1479 1491 1669 1568 Apostolica
1684 1489 1809 1567 scripta
1820 1505 1897 1549 man·

1116 1591 1244 1664 damus,
1259 1592 1422 1668 quatenus
1435 1605 1486 1663 ea,
1503 1605 1577 1666 quae
1592 1585 1633 1649 de
1648 1587 1745 1648 bonis
1764 1585 1898 1664 eJusden

1116 1689 1266 1751 ecclesias
1279 1688 1424 1749 alienata
1444 1687 1624 1758 inveneris
1641 1685 1760 1746 illicita
1773 1685 1825 1746 vel
1837 1683 1898 1744 dis-

1115 1787 1233 1860 tracta,
1250 1785 1396 1859 studeas,
1413 1801 1473 1864 per
1488 1786 1522 1846 11
1543 1784 1597 1846 vel
1617 1784 1732 1856 alium,
1749 1781 1793 1844 ad
1808 1785 1859 1860 J'us
1874 1781 1901 1844 et

1116 1885 1351 1964 proprietatem
1366 1883 1471 1962 ipsius
1493 1881 1641 1960 legitime
1655 1896 1834 1955 revocare;
1854 1879 1900 1957 ip·
1977 1917 1978 1920 =

1117 2000 1187 2044 sam
1214 1983 1401 2054 ecclesiam,
1427 1995 1588 2058 personas
1619 1979 1653 2042 et
1684 1979 1901 2056 possessiones
1977 2039 1978 2050 ,

1116 2081 1319 2159 pertinentes
1335 2079 1376 2142 ad
1392 2079 1497 2156 ipsam
1513 2078 1669 2156 protegas
1691 2077 1725 2139 et
1743 2075 1901 2146 defendas,

1116 2181 1149 2242 ei
1164 2180 1232 2241 tam
1249 2179 1284 2240 ln
1306 2177 1535 2256 spiritualibus
1558 2173 1902 2254 quamtamporalibus
1977 2167 1978 2170 ’

1116 2275 1312 2350 reformans,
1339 2277 1473 2338 tandem
1500 2289 1568 2337 non
1595 2269 1768 2352 permittas
1795 2287 1902 2334 eama

1117 2389 1281 2455 quoquam
1294 2373 1440 2438 indebite
1451 2374 1633 2435 molestari.
1646 2371 1903 2435 contradictores

1117 2478 1150 2538 et
1183 2473 1412 2536 molestatores
1442 2466 1606 2534 indebitos
1643 2486 1704 2549 per
1736 2483 1903 2532 censuram
1977 2483 1978 2540 1

1117 2571 1377 2634 ecclesiasticam
1415 2568 1666 2648 compescendo.
1703 2567 1820 2630 Testes
1853 2583 1905 2628 au-

1116 2672 1193 2743 111,
1210 2670 1272 2732 etc.
1284 2668 1404 2730 Datum
1416 2669 1573 2730 Laterani
1584 2665 1698 2745 quinio
1711 2663 1787 2728 idus
1802 2663 1903 2727 martii
1977 2679 1978 2682 ¹

1118 2767 1326 2848 pontificatus
1341 2767 1449 2828 nostri
1464 2781 1553 2828 anno
1573 2763 1692 2844 primo.

1425 3091 1593 3180 cubili

1117 3321 1169 3380 Aa
1191 3317 1399 3379 abbatissam
1421 3317 1456 3378 at
1478 3315 1685 3378 reuocatam
1708 3311 1905 3378 monasterti

1176 3416 1297 3478 Fontis
1311 3416 1476 3486 11111111,
1490 3415 1670 3476 Macen.
1687 3413 1854 3475 atacem.

1402 3610 1435 3676 11
1451 3623 1534 3675 mart.
1551 3615 1631 3674 liii.

1150 3759 1261 3826 [aegest.
1277 3761 1323 3814 11.
1338 3755 1358 3823 1,
1374 3759 1451 3826 epist.
1466 3757 1520 3810 ass.
1534 3759 1594 3811 uss.
1606 3753 1729 3809 11111
1741 3754 1879 3816 auriam
1977 3739 1978 3764 ¹

1118 3966 1286 4036 Libertates,
1304 3963 1501 4038 possessiones
1515 3978 1531 4021 a
1546 3959 1699 4021 comitibus
1718 3955 1904 4033 andegaven·

1153 4055 1232 4113 sibus
1255 4056 1382 4127 ipsarum
1406 4052 1581 4110 monastario
1607 4051 1726 4109 collatas
1748 4049 1903 4109 auctoritate

1153 4145 1316 4218 Apostolica
1328 4141 1489 4200 11111111.

1158 4324 1337 4396 Honorius
1355 4321 1430 4395 etc,
1447 4317 1577 4382 dilectis
1592 4319 1670 4380 filiis
1685 4317 1858 4379 abbatissae
1877 4314 1905 4373 11

1119 4421 1296 4486 conventui
1319 4418 1512 4482 monasterii
1537 4417 1651 4480 Fontis
1675 4412 1903 4478 11111111Ρὶ1-

1118 4523 1230 4585 taven.
1252 4517 1415 4580 dioecesis.

1157 4618 1262 4682 ausus
1282 4615 1464 4694 petentium
1483 4611 1671 4698 desideriis,
1692 4609 1772 4683 etc„
1786 4619 1904 4682 usqua:

1119 4711 1499 4784 assensu-Redditus,
1513 4709 1684 4772 libertates
1696 4709 1731 4770 et
1741 4703 1906 4786 possessio·

1120 4831 1179 4878 nes
1194 4831 1214 4875 a
1227 4813 1326 4874 clarae
1337 4810 1506 4872 memorlae
1517 4807 1693 4870 comitibus
1704 4805 1901 4880 andegaven.
1977 4823 1978 4826 ¹

1120 4909 1323 4976 monasterio
1339 4907 1451 4970 restro
1470 4907 1526 4984 pia
1547 4903 1752 4978 liberalitate
1766 4899 1902 4965 collatas,

1120 5011 1207 5073 sicut
1231 5024 1288 5070 eas
1306 5006 1398 5085 juste
1420 5006 1453 5068 11
1474 5003 1613 5081 pacifice
1635 5001 1803 5072 obtinetis,
1827 4994 1902 5060 otiu
1977 5053 1978 5066 ,

1121 5106 1311 5171 eorumdem
1331 5103 1491 5166 comitum
1515 5100 1636 5164 litteris
1661 5099 1795 5177 plenius
1813 5090 1903 5158 conti-

1121 5204 1228 5275 netur,
1250 5199 1344 5262 vobis
1373 5197 1407 5260 et
1429 5211 1489 5274 per
1507 5211 1567 5259 ros
1589 5194 1697 5257 eidem
1718 5185 1903 5254 monastario

1121 5297 1317 5364 auctoritate
1326 5295 1517 5374 Apostolica
1530 5293 1775 5362 confirmamus,
1788 5290 1818 5350 et
1828 5297 1904 5364 praa-

1121 5399 1224 5462 sentis
1237 5395 1352 5473 scripti
1362 5391 1547 5471 patrocinio
1560 5389 1810 5454 communimus.
1822 5377 1901 5445 Nulli

1121 5511 1211 5573 ergo,
1233 5497 1310 5565 etc„
1333 5492 1458 5553 nostru
1489 5487 1763 5559 conns-ationis,
1786 5485 1841 5545 etc.
1868 5475 1900 5536 Si

1121 5596 1195 5674 quis
1207 5594 1327 5664 autem,
1335 5590 1397 5652 etc.
1408 5589 1528 5658 Datum
1536 5585 1706 5660 Laterani,
1719 5581 1826 5663 quinto
1838 5575 1901 5638 idus

1121 5693 1244 5767 martii,
1262 5687 1472 5769 pontificatus
1484 5685 1591 5750 nostri
1602 5700 1691 5750 anno
1703 5683 1814 5762 primo·
