4014 6312
278 231 339 292 litt
898 218 1075 282 ilONORIl
1096 217 1141 280 111
1164 216 1312 282 ordita
1841 225 1883 288 oo

279 405 347 453 non
366 388 410 452 sit
424 384 561 450 malitiis
582 381 753 447 hominum
776 377 1026 458 indulgendum,
1043 378 1077 439 et
1130 377 1374 441 nuiscurarum
1387 376 1554 455 angustiis
1570 379 1882 458 nostrumangenlihus

278 483 355 551 lites
376 485 526 567 protrahi
556 500 622 546 non
648 480 789 546 debeant
813 477 870 542 sed
900 471 1072 552 restringi,
1130 477 1279 540 animum
1292 477 1480 550 anxiemur,
1493 475 1675 554 cogitamus
1682 476 1883 560 tamenetalia,

280 581 405 650 eisdem
431 579 579 646 districte
603 581 754 644 dedimus
776 578 811 639 in
840 569 1016 646 mandatis,
1041 575 1077 637 ut
1131 593 1204 653 quae
1225 575 1289 636 nisi
1307 575 1365 636 illa
1380 575 1564 653 provideat,
1585 572 1640 653 qui
1656 591 1768 655 aspera
1788 578 1817 638 in
1832 573 1882 642 rias

281 685 401 762 gratia,
423 677 509 753 odio,
534 681 567 742 et
586 679 699 741 lavore
720 673 923 755 postpositis,
937 674 971 734 et
986 667 1077 733 omni
1131 673 1249 751 planas
1264 675 1298 736 et
1309 689 1412 751 prava
1425 673 1460 734 in
1475 673 1602 736 directa
1615 675 1780 743 conuertit,
1797 672 1883 740 exhor

280 775 558 860 tergiversatione
576 777 728 840 cessante
745 774 832 836 inira
851 775 920 835 tres
944 785 1076 832 menses
1131 769 1328 848 inopinabili
1339 771 1372 832 et
1384 770 1589 832 lamentabili
1605 787 1685 832 casu
1699 773 1883 837 evenientde·

281 877 355 960 pos't
373 878 616 956 susceptionem
639 873 873 954 praesentium,
896 862 1077 948 propositis
1130 865 1883 947 trimenta.ExhocenimGraecorumperlidiain·

280 980 379 1042 simul
394 979 428 1040 et
439 976 541 1038 semel
556 973 708 1036 omnibus
726 969 976 1048 exceptionibus
991 959 1078 1028 dila·
1131 969 1283 1041 solescet,
1299 967 1602 1032 consternabuntur
1613 969 1715 1029 animi
1732 971 1883 1033 Latinorum

281 1078 389 1149 toriis,
399 1074 525 1138 iaciant
532 1073 624 1135 litem
633 1071 779 1148 legitime
788 1066 1021 1138 contestari,et
1029 1064 1077 1125 sio
1131 1067 1344 1129 existentium
1357 1065 1391 1128 in
1412 1066 1562 1144 partibus
1578 1067 1755 1140 Romania,
1776 1084 1825 1145 per
1842 1071 1884 1130 hoc

281 1176 412 1238 ratione
436 1172 562 1252 praevia
581 1170 623 1232 ad
647 1167 916 1232 terminationem
939 1162 1075 1240 negotii,
1132 1167 1167 1227 in
1191 1165 1290 1244 gravi
1307 1161 1501 1227 discrimine
1523 1166 1725 1243 positorum:
1748 1162 1886 1229 christiani

281 1269 412 1336 sublato
427 1269 605 1350 cujnslibet
617 1265 889 1332 contradictionis
908 1265 942 1325 et
962 1260 1079 1339 appel·
1132 1280 1262 1341 quoque
1290 1264 1473 1325 existentes
1500 1264 1535 1326 iu
1561 1263 1710 1341 partibus
1733 1265 1886 1326 transmari·

279 1367 415 1434 lationis
443 1366 632 1438 obstaculo,
667 1365 740 1426 sine
772 1361 945 1440 dispendio
976 1373 1077 1420 morae
1133 1363 1195 1436 nis,
1209 1357 1265 1440 qui
1281 1377 1301 1424 a
1317 1361 1685 1441 Constantinopolitano
1697 1362 1820 1440 imperio
1831 1381 1886 1440 per·

281 1468 462 1548 procedant
478 1467 576 1544 juxta
597 1464 746 1542 priorum
762 1458 1002 1524 continentiam
1021 1456 1079 1520 lit-
1132 1478 1290 1524 sonarum
1314 1463 1347 1524 et
1369 1477 1484 1523 rerum
1504 1460 1670 1523 auxilium
1691 1455 1884 1538 expectabant,

280 1569 439 1630 terarum.
468 1564 629 1637 Quocirca
650 1557 844 1622 discretioni
867 1559 988 1620 vestrae
1019 1571 1079 1634 per
1132 1555 1174 1622 iis
1189 1559 1312 1621 auditis
1327 1559 1517 1621 rumoribus
1531 1555 1769 1637 obstupescent,
1783 1561 1811 1620 et
1822 1577 1887 1622 assu·

281 1665 464 1744 apostolica
484 1662 607 1740 scripta
629 1659 824 1721 mandamus
844 1656 943 1733 atque
956 1653 1078 1733 praeoi-
1132 1661 1199 1721 met
1226 1658 1401 1720 audaciam
1423 1658 1538 1720 feritas
1567 1669 1785 1736 paganorum,
1808 1653 1834 1720 ot
1854 1651 1886 1718 sio

281 1765 401 1842 manus,
419 1759 623 1840 quatenussi
642 1757 749 1818 dictus
763 1753 1033 1831 archiepiscopus
1046 1752 1079 1813 et
1133 1757 1212 1818 dicti
1236 1773 1333 1820 casus
1357 1755 1494 1820 tristitia
1516 1758 1622 1820 totum
1648 1750 1750 1834 tangit
1768 1756 1886 1834 populun

282 1860 417 1937 collegae
435 1859 540 1937 ipsius
553 1855 641 1918 inira
657 1853 885 1932 praescriptum
899 1850 1078 1913 terminum
1133 1849 1353 1918 christianum
1369 1877 1377 1916 2
1391 1871 1576 1934 quaequum
1588 1855 1767 1918 communis
1776 1855 1813 1916 sit
1823 1853 1886 1924 apg,

281 1958 472 2021 mandatum
501 1955 651 2018 nostrum
679 1968 745 2014 110ss
774 1950 898 2012 fuerint
934 1947 1076 2020 executi,
1133 1948 1228 2017 nobis
1241 1971 1281 2016 ac
1290 1947 1351 2016 tibi
1366 1967 1440 2016 esse
1455 1947 1664 2030 dignoscitur
1675 1953 1825 2031 specialis,
1835 1969 1887 2013 cun

280 2073 342 2118 vos
357 2072 400 2118 ex
421 2057 502 2116 tuno
516 2068 632 2116 eorum
651 2050 843 2128 supplentes
861 2047 1024 2110 delectum
1043 2046 1079 2106 in
1133 2069 1194 2116 nac
1217 2053 1416 2130 apostolic-a
1446 2051 1540 2113 sedis
1569 2052 1709 2128 legatus,
1737 2067 1791 2112 nec
1810 2051 1887 2111 dictus

281 2154 414 2231 negotio
439 2153 523 2230 ipso,
553 2149 775 2228 appellatione
799 2145 994 2225 postposita,
1017 2159 1077 2205 ra·
1133 2152 1324 2230 imperator,
1346 2150 1402 2229 qui
1424 2149 1484 2212 tibi
1511 2151 1579 2212 tam
1597 2151 1775 2228 propinquo
1788 2148 1887 2210 uinculo

280 2253 372 2314 ῑῑθῐὶθ
388 2250 513 2327 PPaeVifl
525 2245 713 2326 Ρΐθθθᾶθῐὶδ
723 2246 821 2318 juxta
839 2244 987 2322 priorum
999 2257 1080 2303 001¹·
1133 2250 1184 2311 est
1198 2252 1405 2327 conJ'unctuS,
1420 2249 1492 2310 sine
1505 2249 1620 2310 nostra
1637 2251 1670 2310 et
1687 2249 1742 2310 tua
1755 2245 1855 2323 inJuria
1866 2245 1888 2304 et

280 2349 456 2411 tinentiam
478 2346 667 2408 litterarum
692 2341 930 2404 nonobstante
954 2339 1080 2403 consti·
1134 2347 1311 2426 0ppr0hr10
1325 2345 1625 2408 valeantdqtinepi,
1640 2343 1888 2418 Hortamurqutp

280 2447 408 2509 tutione
423 2443 563 2506 Concilii
576 2440 744 2518 generalis
757 2440 797 2501 de
810 2438 977 2515 aliquibus
992 2437 1079 2498 ultra
1132 2447 1224 2508 tuam
1239 2445 1463 2517 serenitatem,
1486 2460 1644 2521 rogamus
1667 2443 1699 2506 et
1719 2442 1888 2504 obsecramus

283 2545 367 2606 duas
389 2543 506 2604 diaetas
523 2541 618 2602 extra
638 2554 732 2600 suam
747 2537 917 2598 dioecesim
932 2536 974 2596 ad
983 2535 1078 2614 judi·
1133 2543 1168 2605 in
1180 2545 1330 2616 Domino,
1345 2543 1518 2621 quatenus,
1530 2543 1622 2604 omni
1634 2558 1725 2605 mom
1735 2539 1887 2618 postposita,

283 2643 371 2705 cium
383 2633 1077 2709 11⁰ssirdhendiS·Qu⁰dSiss0ss0m110⁸‚0i0·‚
1134 2641 1298 2704 solemnes
1322 2642 1457 2704 nuutios
1472 2635 1513 2702 ad
1533 2639 1708 2718 praefatum
1722 2637 1888 2700 Theodorum

282 2740 348 2801 <¹110
369 2739 533 2809 Vestrum,
560 2735 621 2797 etc·
652 2733 770 2793 Datum
794 2729 963 2792 Ferentini
985 2732 1078 2792 θθῖὶθ
1133 2733 1311 2802 cumomni
1329 2737 1542 2801 festinatione
1557 2730 1888 2806 transmittasetabao

282 2835 443 2898 kalendas
464 2832 615 2910 Augusti,
640 2828 850 2910 pontificatus
871 2827 975 2890 ssOSil'i
990 2843 1079 2891 dmm
1134 2837 1345 2916 imperatoris
1367 2837 1400 2899 et
1421 2831 1602 2899 cardinalis
1623 2851 1776 2914 personas
1790 2824 1887 2894 blandis

283 2933 438 2996 secund&
1133 2951 1253 3012 aspera
1263 2927 1422 3012 regaliter
1434 2927 1648 2998 admiscendo
1657 2933 1798 3011 requiras
1813 2941 1820 2986 t
1833 2922 1888 3006 quia

647 3069 725 3160 VH
1134 3033 1340 3105 confidimus,
1374 3033 1461 3110 quod
1487 3049 1544 3094 eos
1573 3029 1825 3094 consideratione
1848 3028 1888 3087 tua

1134 3130 1288 3194 restituat
1311 3129 1473 3203 libertati,
1499 3131 1686 3208 praesertim
1712 3130 1839 3190 metuens
1854 3117 1889 3183 tui

381 3229 433 3289 Ad
444 3227 620 3288 :litoream
634 3237 753 3300 regem
767 3223 972 3298 Hliilllal'ioe·
1135 3229 1302 3291 exercitus
1326 3229 1534 3307 apparatum,
1555 3245 1654 3306 quem
1672 3229 1735 3306 ipsi
1753 3223 1842 3288 nuntii
1855 3220 1888 3281 tui

580 3355 615 3413 23
631 3353 682 3427 jul.
705 3353 783 3412 litt.
1134 3326 1197 3387 sibi
1208 3328 1363 3403 poterunt
1373 3326 1545 3388 insinuare
1559 3326 1737 3403 prudenter
1747 3317 1888 3385 innuendo.

1133 3425 1166 3486 te
1189 3441 1326 3486 usurum
1347 3423 1488 3497 viribus,
1511 3424 1539 3484 si
1563 3425 1725 3502 prolicere
1739 3415 1889 3498 nequiveris

1133 3522 1287 3600 precibus
1297 3522 1383 3599 apud
1392 3539 1478 3583 eum.
1491 3523 1612 3584 Datum
1626 3519 1795 3590 Ferentini,
1806 3519 1829 3578 V
1840 3512 1886 3574 lal.

281 3597 355 3673 Regi
366 3596 523 3700 Hurrgariae
542 3592 670 3696 Pontifex
692 3594 896 3666 imperatorem
914 3592 1076 3694 desistenti·
1133 3620 1283 3697 Augusti,
1298 3621 1510 3697 pontificatus
1526 3621 1635 3683 nostri
1649 3635 1735 3682 anno
1746 3613 1873 3680 secundo·

316 3687 513 3760 nopolnanum
527 3692 556 3742 et
567 3682 740 3742 cardinalem
755 3683 784 3740 S.
801 3677 937 3740 Praxedts
950 3677 1078 3754 legatum

316 3775 472 3849 aquodam
495 3772 644 3832 'l'beodoro
670 3777 769 3845 captos
795 3769 883 3829 tuisse
909 3771 1076 3839 annuntiat,

316 3865 471 3923 exhortans
486 3870 516 3921 ut
530 3861 566 3920 ad
578 3878 628 3920 eos
645 3859 823 3919 liberandum
839 3860 954 3917 nuntios
973 3858 1076 3916 mittat.
1482 3807 1582 3897 VHI

1237 3963 1290 4024 Ad
1315 3963 1350 4023 C.
1377 3964 1555 4024 Alterascm
1573 3959 1803 4038 praepositam.

362 3478 489 3544 [Theiuon
501 3479 666 3530 documenta
676 3475 820 3541 ilungariae,
831 3475 851 3539 1,
862 3473 886 3534 8,
900 3490 926 3526 n.
941 3473 992 3540 lt]

322 4000 490 4062 Honorius
504 3997 690 4075 opiscopus,
707 3995 880 4058 carissimo
898 3994 931 4056 in
948 3994 1078 4058 Christo

281 4097 389 4159 illio...
417 4095 540 4156 illustri
566 4095 636 4170 regi
659 4092 851 4169 ilungariae,
879 4093 1019 4154 salutem
1046 4093 1079 4155 et
1429 4091 1526 4166 sajul.
1544 4093 1623 4153 lili.

281 4193 499 4274 ³P⁰⁸i⁰li⁰am
511 4191 786 4254 benedictionem·
1180 4217 1308 4280 [Thelser.
1316 4219 1482 4269 llonumanta
1493 4218 1639 4284 Hungsrias,
1653 4223 1673 4269 t.
1689 4219 1708 4278 l,
1718 4232 1742 4283 p.
1754 4215 1776 4274 l,
1785 4223 1808 4264 n·
1818 4207 1856 4272 ll]

322 4291 452 4354 Cibavit
465 4306 526 4352 uos
546 4289 705 4350 Dominus
729 4290 816 4350 Deus
832 4287 1019 4368 absynthio,
1045 4289 1078 4350 et

281 4387 460 4453 inebriavit
492 4385 712 4450 amaritudine
745 4385 888 4448 mentem
916 4388 1075 4460 nostram,

281 4490 359 4570 quia
378 4503 444 4551 vox
466 4485 712 4548 lamentationis
734 4486 767 4546 et
790 4484 916 4547 doloris
939 4485 1077 4546 auribus
1171 4489 1338 4551 Honorius
1372 4491 1560 4568 episcopus,
1578 4479 1581 4484 ’
1600 4492 1676 4563 etc,
1705 4487 1812 4550 dilecto
1839 4477 1886 4540 ilio

282 4587 405 4652 nostris
432 4583 613 4646 insonuit:
641 4581 859 4660 nuntiumque
880 4582 999 4644 durum
1023 4599 1079 4644 re-
1132 4587 1166 4646 G.
1175 4586 1311 4649 Albensi
1319 4589 1661 4666 praeposit0,aalutem
1672 4579 1886 4664 etapostolicau

283 4687 430 4762 cepimus
455 4683 489 4744 et
507 4697 669 4754 amarum,
691 4679 848 4744 uidelicet
864 4679 1074 4742 carissimum
1131 4683 1406 4748 benedictionem.

283 4783 388 4844 illium
413 4785 450 4843 P.
473 4779 873 4857 constantinopolitanum
897 4779 1078 4856 imperato-
1173 4783 1296 4845 Electio
1320 4800 1380 4860 per
1403 4783 1541 4847 dilectos
1563 4785 1650 4848 tilios
1672 4781 1832 4862 capitulum
1846 4769 1886 4834 ll-

282 4897 353 4942 rem
375 4878 549 4949 illustrem,
572 4877 606 4938 et
624 4877 779 4939 dilectum
799 4876 903 4939 filium
926 4879 1078 4940 nostrum
1131 4881 1242 4942 heusis
1265 4882 1428 4954 ecclesiae,
1457 4883 1622 4945 carissimi
1650 4883 1684 4945 in
1712 4879 1826 4942 Christo
1844 4864 1885 4930 ilii

281 4980 339 5040 J...
350 4975 438 5037 tituli
451 4976 574 5036 sancta
590 4973 750 5036 Praxedis
764 4974 992 5052 presbyterum
1007 4989 1078 5036 oar·
1132 4979 1237 5041 nostri
1249 4982 1300 5052 A„
1322 4979 1463 5042 illustris
1478 4983 1567 5058 regis
1584 4981 1737 5058 ungarie
1755 4977 1884 5048 tamquam

283 5073 439 5146 dinalem,
464 5071 662 5148 Apostolicae
683 5071 777 5133 Sedis
796 5072 952 5150 legatum,
973 5089 994 5134 a
1013 5089 1077 5134 ne·
1131 5077 1263 5154 patroni
1277 5077 1454 5140 accedente
1469 5093 1620 5148 assensu,
1636 5079 1677 5140 de
1697 5079 1751 5140 tua
1767 5077 1883 5151 persona.

281 5173 382 5236 lando
403 5171 437 5233 et
463 5168 588 5247 perfido
615 5169 788 5232 Theodoro
812 5170 1078 5248 proditionaliter
1132 5173 1298 5236 celebrata
1308 5173 1404 5236 nobis
1413 5191 1473 5252 per
1482 5173 1766 5254 ipsiuscapituliet
1774 5162 1885 5245 ejusdem

282 5273 396 5349 captos
413 5284 496 5340 esse,
528 5265 640 5328 multis
666 5283 781 5328 eorum
809 5267 866 5345 qui
893 5285 968 5330 oum
995 5269 1077 5347 ipsis
1131 5271 1221 5349 regis
1245 5272 1373 5334 litteras
1398 5274 1431 5336 et
1448 5274 1601 5336 nuntium
1623 5271 1786 5352 speciales,
1806 5255 1887 5324 extitit

282 5371 389 5438 eraut,
398 5365 578 5430 crudeliter
589 5365 796 5443 interemptis
808 5387 817 5426 ι
828 5365 864 5426 in
876 5383 941 5444 quo
953 5367 1016 5429 etsi
1026 5384 1079 5430 oc-
1132 5373 1331 5448 praesentata
1345 5371 1557 5450 supplicatio,
1570 5374 1605 5437 ut
1618 5369 1761 5434 eamdem
1769 5375 1819 5442 per
1828 5367 1887 5418 con·

281 5467 427 5529 cisorum
435 5463 680 5527 multitudinem
691 5463 875 5541 lugeamus,
891 5468 924 5526 et
934 5466 1079 5542 praedic-
1133 5467 1331 5530 firmationis
1343 5468 1498 5544 gratiam,
1512 5469 1687 5532 admittere
1701 5463 1884 5541 dignaremur·

280 5565 389 5628 torum
409 5561 619 5642 imperatoris
640 5563 673 5625 et
686 5561 787 5638 legati
802 5563 954 5640 personis
970 5565 1079 5627 conti·
1133 5566 1201 5627 Nos
1230 5565 1340 5630 autem
1369 5581 1485 5630 eorum
1513 5568 1615 5646 justis
1647 5549 1884 5646 postulationibus

1132 4341 1320 4402 Coutlrmatur
1334 4343 1397 4418 eius
1416 4345 1517 4404 electio
1532 4344 1561 4401 in
1576 4343 1739 4418 episcopum
1759 4339 1886 4399 dmnnn.
