<?xml version="1.0" encoding="UTF-8"?>
<!DOCTYPE html PUBLIC "-//W3C//DTD XHTML 1.0 Transitional//EN"
    "http://www.w3.org/TR/xhtml1/DTD/xhtml1-transitional.dtd">
<html xmlns="http://www.w3.org/1999/xhtml" xml:lang="en" lang="en">
 <head>
  <title>
</title>
<meta http-equiv="Content-Type" content="text/html;charset=utf-8" />
  <meta name='ocr-system' content='tesseract 3.04.00' />
  <meta name='ocr-capabilities' content='ocr_page ocr_carea ocr_par ocr_line ocrx_word'/>
</head>
<body>
  <div class='ocr_page' id='page_1' title='image "./mediiaevibiblio01unkngoog_0108.png"; bbox 0 0 3996 6326; ppageno 0'>
   <div class='ocr_carea' id='block_1_1' title="bbox 83 363 1727 431">
    <p class='ocr_par' dir='ltr' id='par_1_1' title="bbox 83 363 1727 431">
     <span class='ocr_line' id='line_1_1' title="bbox 83 363 1727 431; baseline 0 -1"><span class='ocrx_word' id='word_1_1' title='bbox 83 371 135 431; x_wconf 80' lang='lat' dir='ltr'><strong>itt</strong></span> <span class='ocrx_word' id='word_1_2' title='bbox 525 391 528 398; x_wconf 95' lang='lat'>·</span> <span class='ocrx_word' id='word_1_3' title='bbox 561 365 629 427; x_wconf 83' lang='lat' dir='ltr'><strong>XV.</strong></span> <span class='ocrx_word' id='word_1_4' title='bbox 645 363 746 426; x_wconf 92' lang='lat' dir='ltr'><strong>-IN</strong></span> <span class='ocrx_word' id='word_1_5' title='bbox 769 365 899 428; x_wconf 72' lang='lat' dir='ltr'><strong>resto</strong></span> <span class='ocrx_word' id='word_1_6' title='bbox 923 365 1072 428; x_wconf 79' lang='lat' dir='ltr'>SANCTI</span> <span class='ocrx_word' id='word_1_7' title='bbox 1093 365 1246 428; x_wconf 78' lang='lat' dir='ltr'><strong>JACOBI.</strong></span> <span class='ocrx_word' id='word_1_8' title='bbox 1667 368 1727 430; x_wconf 81' lang='lat'><strong>178</strong></span> 
     </span>
    </p>
   </div>
   <div class='ocr_carea' id='block_1_2' title="bbox 82 523 1785 4614">
    <p class='ocr_par' dir='ltr' id='par_1_2' title="bbox 82 523 1785 4614">
     <span class='ocr_line' id='line_1_2' title="bbox 82 523 1729 612; baseline -0.004 -16"><span class='ocrx_word' id='word_1_9' title='bbox 82 535 131 596; x_wconf 83' lang='lat' dir='ltr'><strong>tic</strong></span> <span class='ocrx_word' id='word_1_10' title='bbox 156 531 255 594; x_wconf 81' lang='lat' dir='ltr'><strong>tobtfs</strong></span> <span class='ocrx_word' id='word_1_11' title='bbox 281 541 337 590; x_wconf 82' lang='lat' dir='ltr'><strong>me</strong></span> <span class='ocrx_word' id='word_1_12' title='bbox 359 526 517 600; x_wconf 80' lang='lat' dir='ltr'><strong>eoeorat,</strong></span> <span class='ocrx_word' id='word_1_13' title='bbox 538 541 599 592; x_wconf 78' lang='lat' dir='ltr'><strong>cer</strong></span> <span class='ocrx_word' id='word_1_14' title='bbox 616 528 734 590; x_wconf 81' lang='lat' dir='ltr'><strong>autem</strong></span> <span class='ocrx_word' id='word_1_15' title='bbox 752 541 874 590; x_wconf 75' lang='lat' dir='ltr'><strong>cortem</strong></span> <span class='ocrx_word' id='word_1_16' title='bbox 929 525 1025 587; x_wconf 89' lang='lat' dir='ltr'><strong>nobis</strong></span> <span class='ocrx_word' id='word_1_17' title='bbox 1053 525 1206 612; x_wconf 87' lang='lat' dir='ltr'><strong>omnibus</strong></span> <span class='ocrx_word' id='word_1_18' title='bbox 1228 523 1365 590; x_wconf 84' lang='lat' dir='ltr'><strong>tradidit</strong></span> <span class='ocrx_word' id='word_1_19' title='bbox 1385 525 1492 588; x_wconf 93' lang='lat' dir='ltr'><strong>lllum.</strong></span> <span class='ocrx_word' id='word_1_20' title='bbox 1518 527 1557 590; x_wconf 86' lang='lat' dir='ltr'><strong>Et</strong></span> <span class='ocrx_word' id='word_1_21' title='bbox 1583 527 1729 606; x_wconf 82' lang='lat' dir='ltr'>qualiter</span> 
     </span>
     <span class='ocr_line' id='line_1_3' title="bbox 82 622 1727 706; baseline -0.004 -14"><span class='ocrx_word' id='word_1_22' title='bbox 82 627 267 706; x_wconf 75' lang='lat' dir='ltr'><strong>tetrqcceta</strong></span> <span class='ocrx_word' id='word_1_23' title='bbox 279 641 336 687; x_wconf 84' lang='lat' dir='ltr'><strong>me</strong></span> <span class='ocrx_word' id='word_1_24' title='bbox 351 622 482 704; x_wconf 87' lang='lat' dir='ltr'><strong>(Matth.</strong></span> <span class='ocrx_word' id='word_1_25' title='bbox 495 641 551 694; x_wconf 86' lang='lat' dir='ltr'><strong>xv,</strong></span> <span class='ocrx_word' id='word_1_26' title='bbox 567 623 613 704; x_wconf 88' lang='lat'><strong>8).</strong></span> <span class='ocrx_word' id='word_1_27' title='bbox 929 624 1089 686; x_wconf 85' lang='lat' dir='ltr'><strong>venturus</strong></span> <span class='ocrx_word' id='word_1_28' title='bbox 1105 623 1148 687; x_wconf 90' lang='lat' dir='ltr'><strong>sit</strong></span> <span class='ocrx_word' id='word_1_29' title='bbox 1172 623 1213 685; x_wconf 91' lang='lat' dir='ltr'><strong>ad</strong></span> <span class='ocrx_word' id='word_1_30' title='bbox 1231 624 1449 702; x_wconf 88' lang='lat' dir='ltr'><strong>judicandum</strong></span> <span class='ocrx_word' id='word_1_31' title='bbox 1470 626 1629 686; x_wconf 88' lang='lat' dir='ltr'><strong>mundum</strong></span> <span class='ocrx_word' id='word_1_32' title='bbox 1653 642 1727 686; x_wconf 93' lang='lat' dir='ltr'><strong>cum</strong></span> 
     </span>
     <span class='ocr_line' id='line_1_4' title="bbox 118 720 1730 800; baseline -0.002 -14"><span class='ocrx_word' id='word_1_33' title='bbox 118 728 196 786; x_wconf 85' lang='lat' dir='ltr'><strong>Haec</strong></span> <span class='ocrx_word' id='word_1_34' title='bbox 218 725 284 786; x_wconf 91' lang='lat' dir='ltr'><strong>tria</strong></span> <span class='ocrx_word' id='word_1_35' title='bbox 310 722 424 794; x_wconf 81' lang='lat' dir='ltr'><strong>inille</strong></span> <span class='ocrx_word' id='word_1_36' title='bbox 449 723 591 799; x_wconf 79' lang='lat' dir='ltr'>pectoris</span> <span class='ocrx_word' id='word_1_37' title='bbox 609 723 783 796; x_wconf 79' lang='lat' dir='ltr'><strong>tunsione,</strong></span> <span class='ocrx_word' id='word_1_38' title='bbox 809 740 874 800; x_wconf 90' lang='lat' dir='ltr'><strong>qua</strong></span> <span class='ocrx_word' id='word_1_39' title='bbox 930 721 1069 797; x_wconf 86' lang='lat' dir='ltr'><strong>angelis,</strong></span> <span class='ocrx_word' id='word_1_40' title='bbox 1095 722 1128 783; x_wconf 92' lang='lat' dir='ltr'><strong>et</strong></span> <span class='ocrx_word' id='word_1_41' title='bbox 1148 720 1311 785; x_wconf 89' lang='lat' dir='ltr'><strong>ardebunt</strong></span> <span class='ocrx_word' id='word_1_42' title='bbox 1331 723 1442 784; x_wconf 91' lang='lat' dir='ltr'><strong>omnia</strong></span> <span class='ocrx_word' id='word_1_43' title='bbox 1464 724 1528 784; x_wconf 89' lang='lat' dir='ltr'><strong>ista</strong></span> <span class='ocrx_word' id='word_1_44' title='bbox 1553 724 1671 784; x_wconf 82' lang='lat' dir='ltr'><strong>coelum</strong></span> <span class='ocrx_word' id='word_1_45' title='bbox 1696 721 1730 784; x_wconf 91' lang='lat' dir='ltr'><strong>et</strong></span> 
     </span>
     <span class='ocr_line' id='line_1_5' title="bbox 84 819 1729 903; baseline -0.002 -19"><span class='ocrx_word' id='word_1_46' title='bbox 84 825 210 903; x_wconf 80' lang='lat' dir='ltr'>pectora</span> <span class='ocrx_word' id='word_1_47' title='bbox 235 822 350 883; x_wconf 87' lang='lat' dir='ltr'><strong>nostra</strong></span> <span class='ocrx_word' id='word_1_48' title='bbox 371 821 551 892; x_wconf 89' lang='lat' dir='ltr'><strong>tundimus,</strong></span> <span class='ocrx_word' id='word_1_49' title='bbox 576 820 802 896; x_wconf 82' lang='lat' dir='ltr'><strong>designantur.</strong></span> <span class='ocrx_word' id='word_1_50' title='bbox 826 820 875 882; x_wconf 91' lang='lat' dir='ltr'><strong>lbi</strong></span> <span class='ocrx_word' id='word_1_51' title='bbox 929 819 1036 895; x_wconf 82' lang='lat' dir='ltr'><strong>terra3</strong></span> <span class='ocrx_word' id='word_1_52' title='bbox 1053 820 1087 880; x_wconf 91' lang='lat' dir='ltr'><strong>et</strong></span> <span class='ocrx_word' id='word_1_53' title='bbox 1106 819 1170 882; x_wconf 88' lang='lat' dir='ltr'><strong>erit</strong></span> <span class='ocrx_word' id='word_1_54' title='bbox 1190 821 1309 881; x_wconf 88' lang='lat' dir='ltr'><strong>coelum</strong></span> <span class='ocrx_word' id='word_1_55' title='bbox 1329 837 1451 882; x_wconf 81' lang='lat' dir='ltr'><strong>novum</strong></span> <span class='ocrx_word' id='word_1_56' title='bbox 1474 823 1508 882; x_wconf 92' lang='lat' dir='ltr'><strong>et</strong></span> <span class='ocrx_word' id='word_1_57' title='bbox 1531 822 1621 883; x_wconf 89' lang='lat' dir='ltr'><strong>terra</strong></span> <span class='ocrx_word' id='word_1_58' title='bbox 1642 835 1729 882; x_wconf 80' lang='lat' dir='ltr'><strong>nora</strong></span> 
     </span>
     <span class='ocr_line' id='line_1_6' title="bbox 84 915 1730 1004; baseline -0.004 -21"><span class='ocrx_word' id='word_1_59' title='bbox 84 937 219 998; x_wconf 91' lang='lat' dir='ltr'><strong>namque</strong></span> <span class='ocrx_word' id='word_1_60' title='bbox 234 920 300 981; x_wconf 91' lang='lat' dir='ltr'><strong>tria</strong></span> <span class='ocrx_word' id='word_1_61' title='bbox 324 919 553 998; x_wconf 80' lang='lat' dir='ltr'><strong>principaliter</strong></span> <span class='ocrx_word' id='word_1_62' title='bbox 568 918 795 992; x_wconf 89' lang='lat' dir='ltr'><strong>attenduntur,</strong></span> <span class='ocrx_word' id='word_1_63' title='bbox 823 919 876 980; x_wconf 92' lang='lat' dir='ltr'><strong>id-</strong></span> <span class='ocrx_word' id='word_1_64' title='bbox 930 916 966 977; x_wconf 90' lang='lat' dir='ltr'><strong>in</strong></span> <span class='ocrx_word' id='word_1_65' title='bbox 981 915 1126 979; x_wconf 87' lang='lat' dir='ltr'><strong>adventu</strong></span> <span class='ocrx_word' id='word_1_66' title='bbox 1139 933 1210 990; x_wconf 91' lang='lat' dir='ltr'><strong>suo,</strong></span> <span class='ocrx_word' id='word_1_67' title='bbox 1234 917 1268 979; x_wconf 90' lang='lat' dir='ltr'><strong>et</strong></span> <span class='ocrx_word' id='word_1_68' title='bbox 1281 918 1396 979; x_wconf 90' lang='lat' dir='ltr'><strong>reddet</strong></span> <span class='ocrx_word' id='word_1_69' title='bbox 1410 918 1587 1004; x_wconf 85' lang='lat' dir='ltr'><strong>unicuique</strong></span> <span class='ocrx_word' id='word_1_70' title='bbox 1609 933 1730 978; x_wconf 90' lang='lat' dir='ltr'><strong>secun-</strong></span> 
     </span>
     <span class='ocr_line' id='line_1_7' title="bbox 84 1014 1730 1092; baseline -0.004 -11"><span class='ocrx_word' id='word_1_71' title='bbox 84 1021 128 1081; x_wconf 91' lang='lat' dir='ltr'><strong>est</strong></span> <span class='ocrx_word' id='word_1_72' title='bbox 141 1018 246 1090; x_wconf 73' lang='lat' dir='ltr'><strong>laesio,</strong></span> <span class='ocrx_word' id='word_1_73' title='bbox 273 1033 374 1078; x_wconf 90' lang='lat' dir='ltr'><strong>sonus</strong></span> <span class='ocrx_word' id='word_1_74' title='bbox 397 1017 430 1079; x_wconf 89' lang='lat' dir='ltr'><strong>et</strong></span> <span class='ocrx_word' id='word_1_75' title='bbox 452 1033 580 1077; x_wconf 81' lang='lat' dir='ltr'><strong>manue.</strong></span> <span class='ocrx_word' id='word_1_76' title='bbox 605 1019 642 1078; x_wconf 92' lang='lat' dir='ltr'><strong>ln</strong></span> <span class='ocrx_word' id='word_1_77' title='bbox 663 1016 803 1077; x_wconf 85' lang='lat' dir='ltr'><strong>laesione</strong></span> <span class='ocrx_word' id='word_1_78' title='bbox 827 1017 877 1077; x_wconf 90' lang='lat' dir='ltr'><strong>est</strong></span> <span class='ocrx_word' id='word_1_79' title='bbox 930 1014 1009 1075; x_wconf 90' lang='lat' dir='ltr'><strong>dum</strong></span> <span class='ocrx_word' id='word_1_80' title='bbox 1033 1030 1134 1091; x_wconf 91' lang='lat' dir='ltr'><strong>opera</strong></span> <span class='ocrx_word' id='word_1_81' title='bbox 1155 1031 1226 1076; x_wconf 90' lang='lat' dir='ltr'><strong>sua.</strong></span> <span class='ocrx_word' id='word_1_82' title='bbox 1251 1015 1291 1076; x_wconf 83' lang='lat' dir='ltr'><strong>nt</strong></span> <span class='ocrx_word' id='word_1_83' title='bbox 1309 1014 1453 1092; x_wconf 83' lang='lat' dir='ltr'><strong>qualiter</strong></span> <span class='ocrx_word' id='word_1_84' title='bbox 1478 1015 1551 1091; x_wconf 86' lang='lat' dir='ltr'><strong>post</strong></span> <span class='ocrx_word' id='word_1_85' title='bbox 1566 1014 1730 1092; x_wconf 88' lang='lat' dir='ltr'><strong>judicium</strong></span> 
     </span>
     <span class='ocr_line' id='line_1_8' title="bbox 85 1103 1728 1190; baseline -0.005 -10"><span class='ocrx_word' id='word_1_86' title='bbox 85 1117 187 1180; x_wconf 89' lang='lat' dir='ltr'><strong>cordis</strong></span> <span class='ocrx_word' id='word_1_87' title='bbox 204 1116 375 1190; x_wconf 88' lang='lat' dir='ltr'><strong>contriti0;</strong></span> <span class='ocrx_word' id='word_1_88' title='bbox 392 1115 427 1176; x_wconf 92' lang='lat' dir='ltr'><strong>in</strong></span> <span class='ocrx_word' id='word_1_89' title='bbox 443 1129 535 1187; x_wconf 92' lang='lat' dir='ltr'><strong>sono,</strong></span> <span class='ocrx_word' id='word_1_90' title='bbox 551 1115 620 1177; x_wconf 91' lang='lat' dir='ltr'><strong>oris</strong></span> <span class='ocrx_word' id='word_1_91' title='bbox 642 1103 824 1189; x_wconf 82' lang='lat' dir='ltr'><strong>confessi03</strong></span> <span class='ocrx_word' id='word_1_92' title='bbox 841 1115 876 1176; x_wconf 90' lang='lat' dir='ltr'><strong>in</strong></span> <span class='ocrx_word' id='word_1_93' title='bbox 931 1112 995 1174; x_wconf 91' lang='lat' dir='ltr'><strong>erit</strong></span> <span class='ocrx_word' id='word_1_94' title='bbox 1009 1112 1045 1173; x_wconf 94' lang='lat' dir='ltr'><strong>in</strong></span> <span class='ocrx_word' id='word_1_95' title='bbox 1060 1113 1143 1174; x_wconf 92' lang='lat' dir='ltr'><strong>coelo</strong></span> <span class='ocrx_word' id='word_1_96' title='bbox 1160 1128 1235 1173; x_wconf 94' lang='lat' dir='ltr'><strong>cum</strong></span> <span class='ocrx_word' id='word_1_97' title='bbox 1250 1112 1424 1173; x_wconf 90' lang='lat' dir='ltr'><strong>animabus</strong></span> <span class='ocrx_word' id='word_1_98' title='bbox 1434 1111 1546 1189; x_wconf 76' lang='lat' dir='ltr'><strong>J&#39;ustiS,</strong></span> <span class='ocrx_word' id='word_1_99' title='bbox 1568 1114 1601 1174; x_wconf 88' lang='lat' dir='ltr'><strong>et</strong></span> <span class='ocrx_word' id='word_1_100' title='bbox 1621 1112 1728 1173; x_wconf 88' lang='lat' dir='ltr'><strong>babe-</strong></span> 
     </span>
     <span class='ocr_line' id='line_1_9' title="bbox 83 1209 1379 1291; baseline -0.005 -14"><span class='ocrx_word' id='word_1_101' title='bbox 83 1232 189 1282; x_wconf 88' lang='lat' dir='ltr'><strong>manu,</strong></span> <span class='ocrx_word' id='word_1_102' title='bbox 206 1214 319 1291; x_wconf 90' lang='lat' dir='ltr'><strong>operis</strong></span> <span class='ocrx_word' id='word_1_103' title='bbox 336 1212 530 1275; x_wconf 77' lang='lat' dir='ltr'><strong>satisfactio.</strong></span> <span class='ocrx_word' id='word_1_104' title='bbox 554 1213 594 1274; x_wconf 87' lang='lat' dir='ltr'><strong>Et</strong></span> <span class='ocrx_word' id='word_1_105' title='bbox 608 1213 686 1289; x_wconf 90' lang='lat' dir='ltr'><strong>quia</strong></span> <span class='ocrx_word' id='word_1_106' title='bbox 705 1211 777 1290; x_wconf 90' lang='lat' dir='ltr'><strong>ipse</strong></span> <span class='ocrx_word' id='word_1_107' title='bbox 791 1213 876 1274; x_wconf 91' lang='lat' dir='ltr'><strong>reli·</strong></span> <span class='ocrx_word' id='word_1_108' title='bbox 930 1209 1013 1270; x_wconf 91' lang='lat' dir='ltr'><strong>bunt</strong></span> <span class='ocrx_word' id='word_1_109' title='bbox 1025 1211 1153 1287; x_wconf 92' lang='lat' dir='ltr'><strong>partem</strong></span> <span class='ocrx_word' id='word_1_110' title='bbox 1167 1211 1282 1286; x_wconf 83' lang='lat' dir='ltr'><strong>gloriae</strong></span> <span class='ocrx_word' id='word_1_111' title='bbox 1298 1226 1379 1272; x_wconf 85' lang='lat' dir='ltr'><strong>suae.</strong></span> 
     </span>
     <span class='ocr_line' id='line_1_10' title="bbox 84 1307 1730 1391; baseline -0.005 -17"><span class='ocrx_word' id='word_1_112' title='bbox 84 1315 147 1391; x_wconf 91' lang='lat' dir='ltr'><strong>quit</strong></span> <span class='ocrx_word' id='word_1_113' title='bbox 161 1312 257 1374; x_wconf 90' lang='lat' dir='ltr'><strong>nobis</strong></span> <span class='ocrx_word' id='word_1_114' title='bbox 276 1311 463 1388; x_wconf 81' lang='lat' dir='ltr'><strong>exemplum</strong></span> <span class='ocrx_word' id='word_1_115' title='bbox 479 1313 517 1374; x_wconf 92' lang='lat' dir='ltr'><strong>ut</strong></span> <span class='ocrx_word' id='word_1_116' title='bbox 537 1325 716 1388; x_wconf 89' lang='lat' dir='ltr'><strong>sequamur</strong></span> <span class='ocrx_word' id='word_1_117' title='bbox 733 1311 876 1387; x_wconf 86' lang='lat' dir='ltr'><strong>vestigia</strong></span> <span class='ocrx_word' id='word_1_118' title='bbox 971 1309 1073 1369; x_wconf 93' lang='lat' dir='ltr'><strong>Item:</strong></span> <span class='ocrx_word' id='word_1_119' title='bbox 1087 1309 1238 1369; x_wconf 79' lang='lat' dir='ltr'><strong>Accessit</strong></span> <span class='ocrx_word' id='word_1_120' title='bbox 1252 1311 1297 1370; x_wconf 86' lang='lat' dir='ltr'><strong>ccl</strong></span> <span class='ocrx_word' id='word_1_121' title='bbox 1311 1311 1433 1370; x_wconf 76' lang='lat' dir='ltr'><strong>lesum</strong></span> <span class='ocrx_word' id='word_1_122' title='bbox 1452 1307 1566 1369; x_wconf 83' lang='lat' dir='ltr'><strong>meter</strong></span> <span class='ocrx_word' id='word_1_123' title='bbox 1579 1308 1730 1378; x_wconf 78' lang='lat' dir='ltr'><strong>filiorum</strong></span> 
     </span>
     <span class='ocr_line' id='line_1_11' title="bbox 85 1403 1730 1488; baseline -0.005 -16"><span class='ocrx_word' id='word_1_124' title='bbox 85 1415 163 1488; x_wconf 86' lang='lat' dir='ltr'><strong>ejus,</strong></span> <span class='ocrx_word' id='word_1_125' title='bbox 193 1411 294 1473; x_wconf 88' lang='lat' dir='ltr'><strong>etiem</strong></span> <span class='ocrx_word' id='word_1_126' title='bbox 313 1425 375 1471; x_wconf 93' lang='lat' dir='ltr'><strong>nos</strong></span> <span class='ocrx_word' id='word_1_127' title='bbox 395 1409 508 1486; x_wconf 89' lang='lat' dir='ltr'><strong>igitur,</strong></span> <span class='ocrx_word' id='word_1_128' title='bbox 535 1407 666 1481; x_wconf 88' lang='lat' dir='ltr'><strong>fratres,</strong></span> <span class='ocrx_word' id='word_1_129' title='bbox 695 1408 877 1484; x_wconf 83' lang='lat' dir='ltr'><strong>cogitemus</strong></span> <span class='ocrx_word' id='word_1_130' title='bbox 931 1409 1123 1468; x_wconf 80' lang='lat' dir='ltr'><strong>Zebedaet...</strong></span> <span class='ocrx_word' id='word_1_131' title='bbox 1145 1407 1235 1466; x_wconf 87' lang='lat' dir='ltr'><strong>Dtctt</strong></span> <span class='ocrx_word' id='word_1_132' title='bbox 1259 1409 1291 1467; x_wconf 86' lang='lat' dir='ltr'><strong>et</strong></span> <span class='ocrx_word' id='word_1_133' title='bbox 1308 1409 1420 1478; x_wconf 74' lang='lat' dir='ltr'><strong>reae,</strong></span> <span class='ocrx_word' id='word_1_134' title='bbox 1448 1407 1529 1479; x_wconf 81' lang='lat' dir='ltr'><strong>quid</strong></span> <span class='ocrx_word' id='word_1_135' title='bbox 1554 1408 1630 1466; x_wconf 78' lang='lat' dir='ltr'><strong>ets?</strong></span> <span class='ocrx_word' id='word_1_136' title='bbox 1655 1403 1730 1464; x_wconf 92' lang='lat' dir='ltr'><strong>Non</strong></span> 
     </span>
     <span class='ocr_line' id='line_1_12' title="bbox 85 1501 1731 1587; baseline -0.005 -18"><span class='ocrx_word' id='word_1_137' title='bbox 85 1525 151 1587; x_wconf 88' lang='lat' dir='ltr'><strong>quae</strong></span> <span class='ocrx_word' id='word_1_138' title='bbox 174 1509 264 1570; x_wconf 86' lang='lat' dir='ltr'><strong>recta</strong></span> <span class='ocrx_word' id='word_1_139' title='bbox 288 1509 376 1581; x_wconf 90' lang='lat' dir='ltr'><strong>sunt,</strong></span> <span class='ocrx_word' id='word_1_140' title='bbox 405 1507 579 1584; x_wconf 90' lang='lat' dir='ltr'><strong>loquamur</strong></span> <span class='ocrx_word' id='word_1_141' title='bbox 593 1523 667 1584; x_wconf 81' lang='lat' dir='ltr'><strong>quae</strong></span> <span class='ocrx_word' id='word_1_142' title='bbox 683 1522 766 1568; x_wconf 92' lang='lat' dir='ltr'><strong>sana</strong></span> <span class='ocrx_word' id='word_1_143' title='bbox 788 1508 875 1579; x_wconf 89' lang='lat' dir='ltr'><strong>sunt,</strong></span> <span class='ocrx_word' id='word_1_144' title='bbox 932 1502 1151 1579; x_wconf 83' lang='lat' dir='ltr'><strong>interrogavit</strong></span> <span class='ocrx_word' id='word_1_145' title='bbox 1170 1505 1268 1565; x_wconf 79' lang='lat' dir='ltr'><strong>lesus</strong></span> <span class='ocrx_word' id='word_1_146' title='bbox 1289 1502 1393 1566; x_wconf 81' lang='lat' dir='ltr'><strong>veluti</strong></span> <span class='ocrx_word' id='word_1_147' title='bbox 1416 1503 1451 1564; x_wconf 91' lang='lat' dir='ltr'><strong>ut</strong></span> <span class='ocrx_word' id='word_1_148' title='bbox 1474 1502 1629 1574; x_wconf 91' lang='lat' dir='ltr'><strong>nesciret,</strong></span> <span class='ocrx_word' id='word_1_149' title='bbox 1653 1501 1731 1578; x_wconf 88' lang='lat' dir='ltr'><strong>quia</strong></span> 
     </span>
     <span class='ocr_line' id='line_1_13' title="bbox 84 1597 1733 1681; baseline -0.006 -13"><span class='ocrx_word' id='word_1_150' title='bbox 84 1619 256 1681; x_wconf 88' lang='lat' dir='ltr'><strong>operemur</strong></span> <span class='ocrx_word' id='word_1_151' title='bbox 288 1619 361 1681; x_wconf 87' lang='lat' dir='ltr'><strong>quae</strong></span> <span class='ocrx_word' id='word_1_152' title='bbox 391 1603 451 1665; x_wconf 91' lang='lat' dir='ltr'><strong>Dei</strong></span> <span class='ocrx_word' id='word_1_153' title='bbox 479 1603 572 1675; x_wconf 88' lang='lat' dir='ltr'><strong>sunt,</strong></span> <span class='ocrx_word' id='word_1_154' title='bbox 602 1618 669 1664; x_wconf 92' lang='lat' dir='ltr'><strong>non</strong></span> <span class='ocrx_word' id='word_1_155' title='bbox 701 1601 877 1664; x_wconf 86' lang='lat' dir='ltr'><strong>reddentes</strong></span> <span class='ocrx_word' id='word_1_156' title='bbox 932 1601 1044 1662; x_wconf 89' lang='lat' dir='ltr'><strong>omnia</strong></span> <span class='ocrx_word' id='word_1_157' title='bbox 1067 1600 1167 1672; x_wconf 91' lang='lat' dir='ltr'><strong>nuda,</strong></span> <span class='ocrx_word' id='word_1_158' title='bbox 1198 1601 1231 1661; x_wconf 88' lang='lat' dir='ltr'><strong>et</strong></span> <span class='ocrx_word' id='word_1_159' title='bbox 1253 1602 1367 1678; x_wconf 83' lang='lat' dir='ltr'><strong>aperta</strong></span> <span class='ocrx_word' id='word_1_160' title='bbox 1392 1601 1469 1662; x_wconf 90' lang='lat' dir='ltr'><strong>sunt</strong></span> <span class='ocrx_word' id='word_1_161' title='bbox 1497 1601 1539 1672; x_wconf 92' lang='lat' dir='ltr'><strong>ei,</strong></span> <span class='ocrx_word' id='word_1_162' title='bbox 1568 1598 1625 1660; x_wconf 91' lang='lat' dir='ltr'><strong>sed</strong></span> <span class='ocrx_word' id='word_1_163' title='bbox 1654 1597 1733 1676; x_wconf 90' lang='lat' dir='ltr'><strong>quia</strong></span> 
     </span>
     <span class='ocr_line' id='line_1_14' title="bbox 84 1694 1732 1779; baseline -0.005 -15"><span class='ocrx_word' id='word_1_164' title='bbox 84 1703 180 1764; x_wconf 90' lang='lat' dir='ltr'><strong>etiam</strong></span> <span class='ocrx_word' id='word_1_165' title='bbox 204 1699 414 1763; x_wconf 88' lang='lat' dir='ltr'><strong>maledictum</strong></span> <span class='ocrx_word' id='word_1_166' title='bbox 442 1717 502 1779; x_wconf 92' lang='lat' dir='ltr'><strong>pro</strong></span> <span class='ocrx_word' id='word_1_167' title='bbox 527 1699 715 1773; x_wconf 88' lang='lat' dir='ltr'><strong>maledicte,</strong></span> <span class='ocrx_word' id='word_1_168' title='bbox 741 1700 818 1777; x_wconf 90' lang='lat' dir='ltr'><strong>quia</strong></span> <span class='ocrx_word' id='word_1_169' title='bbox 846 1701 879 1762; x_wconf 88' lang='lat' dir='ltr'><strong>et</strong></span> <span class='ocrx_word' id='word_1_170' title='bbox 932 1697 1039 1758; x_wconf 88' lang='lat' dir='ltr'><strong>voluit</strong></span> <span class='ocrx_word' id='word_1_171' title='bbox 1057 1698 1089 1758; x_wconf 89' lang='lat' dir='ltr'><strong>ei</strong></span> <span class='ocrx_word' id='word_1_172' title='bbox 1104 1697 1184 1759; x_wconf 90' lang='lat' dir='ltr'><strong>dare</strong></span> <span class='ocrx_word' id='word_1_173' title='bbox 1208 1697 1363 1759; x_wconf 89' lang='lat' dir='ltr'><strong>fiduciam</strong></span> <span class='ocrx_word' id='word_1_174' title='bbox 1383 1697 1527 1775; x_wconf 88' lang='lat' dir='ltr'><strong>petendi.</strong></span> <span class='ocrx_word' id='word_1_175' title='bbox 1555 1699 1641 1758; x_wconf 91' lang='lat' dir='ltr'><strong>Nam</strong></span> <span class='ocrx_word' id='word_1_176' title='bbox 1661 1694 1732 1756; x_wconf 90' lang='lat' dir='ltr'><strong>fre-</strong></span> 
     </span>
     <span class='ocr_line' id='line_1_15' title="bbox 83 1794 1731 1877; baseline -0.005 -16"><span class='ocrx_word' id='word_1_177' title='bbox 83 1801 148 1877; x_wconf 90' lang='lat' dir='ltr'><strong>ipse</strong></span> <span class='ocrx_word' id='word_1_178' title='bbox 169 1815 244 1860; x_wconf 94' lang='lat' dir='ltr'><strong>cum</strong></span> <span class='ocrx_word' id='word_1_179' title='bbox 264 1799 529 1870; x_wconf 86' lang='lat' dir='ltr'><strong>malediceretur,</strong></span> <span class='ocrx_word' id='word_1_180' title='bbox 556 1815 623 1860; x_wconf 92' lang='lat' dir='ltr'><strong>non</strong></span> <span class='ocrx_word' id='word_1_181' title='bbox 647 1796 875 1871; x_wconf 85' lang='lat' dir='ltr'><strong>maledicebat,</strong></span> <span class='ocrx_word' id='word_1_182' title='bbox 932 1796 1073 1872; x_wconf 89' lang='lat' dir='ltr'><strong>quenter</strong></span> <span class='ocrx_word' id='word_1_183' title='bbox 1100 1795 1259 1856; x_wconf 86' lang='lat' dir='ltr'><strong>Dominus</strong></span> <span class='ocrx_word' id='word_1_184' title='bbox 1292 1796 1416 1873; x_wconf 88' lang='lat' dir='ltr'><strong>patitur</strong></span> <span class='ocrx_word' id='word_1_185' title='bbox 1444 1794 1625 1872; x_wconf 88' lang='lat' dir='ltr'><strong>discipulos</strong></span> <span class='ocrx_word' id='word_1_186' title='bbox 1653 1807 1731 1854; x_wconf 88' lang='lat' dir='ltr'><strong>suos</strong></span> 
     </span>
     <span class='ocr_line' id='line_1_16' title="bbox 83 1891 1733 1974; baseline -0.004 -16"><span class='ocrx_word' id='word_1_187' title='bbox 83 1897 135 1958; x_wconf 91' lang='lat' dir='ltr'><strong>sed</strong></span> <span class='ocrx_word' id='word_1_188' title='bbox 150 1898 288 1974; x_wconf 91' lang='lat' dir='ltr'><strong>peccata</strong></span> <span class='ocrx_word' id='word_1_189' title='bbox 311 1898 425 1958; x_wconf 89' lang='lat' dir='ltr'><strong>nostra</strong></span> <span class='ocrx_word' id='word_1_190' title='bbox 449 1895 586 1973; x_wconf 89' lang='lat' dir='ltr'><strong>pertulit</strong></span> <span class='ocrx_word' id='word_1_191' title='bbox 605 1896 641 1956; x_wconf 89' lang='lat' dir='ltr'><strong>in</strong></span> <span class='ocrx_word' id='word_1_192' title='bbox 656 1911 795 1972; x_wconf 89' lang='lat' dir='ltr'><strong>corpore</strong></span> <span class='ocrx_word' id='word_1_193' title='bbox 818 1912 877 1957; x_wconf 91' lang='lat' dir='ltr'><strong>suo</strong></span> <span class='ocrx_word' id='word_1_194' title='bbox 933 1893 1059 1969; x_wconf 88' lang='lat' dir='ltr'><strong>aliquid</strong></span> <span class='ocrx_word' id='word_1_195' title='bbox 1078 1909 1157 1954; x_wconf 91' lang='lat' dir='ltr'><strong>-non</strong></span> <span class='ocrx_word' id='word_1_196' title='bbox 1178 1893 1268 1955; x_wconf 90' lang='lat' dir='ltr'><strong>recte</strong></span> <span class='ocrx_word' id='word_1_197' title='bbox 1295 1895 1417 1970; x_wconf 91' lang='lat' dir='ltr'><strong>petere,</strong></span> <span class='ocrx_word' id='word_1_198' title='bbox 1446 1894 1503 1955; x_wconf 89' lang='lat' dir='ltr'><strong>aut</strong></span> <span class='ocrx_word' id='word_1_199' title='bbox 1525 1891 1647 1965; x_wconf 90' lang='lat' dir='ltr'><strong>dicere,</strong></span> <span class='ocrx_word' id='word_1_200' title='bbox 1675 1891 1733 1952; x_wconf 89' lang='lat' dir='ltr'><strong>aut</strong></span> 
     </span>
     <span class='ocr_line' id='line_1_17' title="bbox 82 1987 1732 2072; baseline -0.006 -15"><span class='ocrx_word' id='word_1_201' title='bbox 82 2010 179 2072; x_wconf 89' lang='lat' dir='ltr'><strong>super</strong></span> <span class='ocrx_word' id='word_1_202' title='bbox 204 1995 342 2071; x_wconf 90' lang='lat' dir='ltr'><strong>lignum,</strong></span> <span class='ocrx_word' id='word_1_203' title='bbox 364 1995 400 2056; x_wconf 93' lang='lat' dir='ltr'><strong>ut</strong></span> <span class='ocrx_word' id='word_1_204' title='bbox 418 1994 563 2072; x_wconf 91' lang='lat' dir='ltr'><strong>peccatis</strong></span> <span class='ocrx_word' id='word_1_205' title='bbox 593 1993 715 2056; x_wconf 91' lang='lat' dir='ltr'><strong>mortui</strong></span> <span class='ocrx_word' id='word_1_206' title='bbox 739 1993 878 2071; x_wconf 79' lang='lat' dir='ltr'><strong>Justitiee</strong></span> <span class='ocrx_word' id='word_1_207' title='bbox 933 1991 1092 2066; x_wconf 89' lang='lat' dir='ltr'><strong>cogitare,</strong></span> <span class='ocrx_word' id='word_1_208' title='bbox 1116 1993 1175 2052; x_wconf 90' lang='lat' dir='ltr'><strong>aut</strong></span> <span class='ocrx_word' id='word_1_209' title='bbox 1200 2008 1312 2068; x_wconf 82' lang='lat' dir='ltr'><strong>agere,</strong></span> <span class='ocrx_word' id='word_1_210' title='bbox 1342 1993 1379 2053; x_wconf 93' lang='lat' dir='ltr'><strong>ut</strong></span> <span class='ocrx_word' id='word_1_211' title='bbox 1407 1991 1600 2053; x_wconf 82' lang='lat' dir='ltr'><strong>exitiorum</strong></span> <span class='ocrx_word' id='word_1_212' title='bbox 1625 1987 1732 2065; x_wconf 91' lang='lat' dir='ltr'><strong>culpis</strong></span> 
     </span>
     <span class='ocr_line' id='line_1_18' title="bbox 83 2085 1732 2166; baseline -0.004 -12"><span class='ocrx_word' id='word_1_213' title='bbox 83 2094 245 2155; x_wconf 73' lang='lat' dir='ltr'><strong>vivamus.</strong></span> <span class='ocrx_word' id='word_1_214' title='bbox 934 2089 1127 2151; x_wconf 89' lang='lat' dir='ltr'><strong>occasiones</strong></span> <span class='ocrx_word' id='word_1_215' title='bbox 1152 2089 1302 2151; x_wconf 86' lang='lat' dir='ltr'><strong>inveniat</strong></span> <span class='ocrx_word' id='word_1_216' title='bbox 1324 2089 1465 2151; x_wconf 91' lang='lat' dir='ltr'><strong>docendi</strong></span> <span class='ocrx_word' id='word_1_217' title='bbox 1489 2090 1522 2150; x_wconf 88' lang='lat' dir='ltr'><strong>et</strong></span> <span class='ocrx_word' id='word_1_218' title='bbox 1545 2085 1732 2166; x_wconf 82' lang='lat' dir='ltr'><strong>exponendi</strong></span> 
     </span>
     <span class='ocr_line' id='line_1_19' title="bbox 118 2184 1733 2268; baseline -0.005 -15"><span class='ocrx_word' id='word_1_219' title='bbox 118 2193 203 2252; x_wconf 84' lang='lat' dir='ltr'><strong>Ecce</strong></span> <span class='ocrx_word' id='word_1_220' title='bbox 220 2189 403 2268; x_wconf 91' lang='lat' dir='ltr'><strong>jucundum</strong></span> <span class='ocrx_word' id='word_1_221' title='bbox 425 2190 640 2267; x_wconf 87' lang='lat' dir='ltr'><strong>praeconium,</strong></span> <span class='ocrx_word' id='word_1_222' title='bbox 663 2189 719 2250; x_wconf 91' lang='lat' dir='ltr'><strong>ubi</strong></span> <span class='ocrx_word' id='word_1_223' title='bbox 741 2191 879 2267; x_wconf 84' lang='lat' dir='ltr'><strong>peccata</strong></span> <span class='ocrx_word' id='word_1_224' title='bbox 934 2187 1133 2264; x_wconf 88' lang='lat' dir='ltr'><strong>scripturam</strong></span> <span class='ocrx_word' id='word_1_225' title='bbox 1154 2188 1186 2250; x_wconf 93' lang='lat' dir='ltr'><strong>et</strong></span> <span class='ocrx_word' id='word_1_226' title='bbox 1205 2188 1355 2264; x_wconf 90' lang='lat' dir='ltr'><strong>regulam</strong></span> <span class='ocrx_word' id='word_1_227' title='bbox 1371 2187 1515 2266; x_wconf 86' lang='lat' dir='ltr'><strong>pietatis,</strong></span> <span class='ocrx_word' id='word_1_228' title='bbox 1532 2185 1640 2248; x_wconf 89' lang='lat' dir='ltr'><strong>sciens</strong></span> <span class='ocrx_word' id='word_1_229' title='bbox 1656 2184 1733 2263; x_wconf 90' lang='lat' dir='ltr'><strong>quia</strong></span> 
     </span>
     <span class='ocr_line' id='line_1_20' title="bbox 83 2283 1735 2366; baseline -0.004 -16"><span class='ocrx_word' id='word_1_230' title='bbox 83 2291 194 2350; x_wconf 88' lang='lat' dir='ltr'><strong>nostra</strong></span> <span class='ocrx_word' id='word_1_231' title='bbox 216 2288 280 2350; x_wconf 90' lang='lat' dir='ltr'><strong>fert</strong></span> <span class='ocrx_word' id='word_1_232' title='bbox 295 2293 406 2364; x_wconf 81' lang='lat' dir='ltr'><strong>lignus</strong></span> <span class='ocrx_word' id='word_1_233' title='bbox 426 2288 482 2366; x_wconf 93' lang='lat' dir='ltr'><strong>qui</strong></span> <span class='ocrx_word' id='word_1_234' title='bbox 496 2288 583 2350; x_wconf 90' lang='lat' dir='ltr'><strong>tollit</strong></span> <span class='ocrx_word' id='word_1_235' title='bbox 600 2287 736 2366; x_wconf 91' lang='lat' dir='ltr'><strong>peccata</strong></span> <span class='ocrx_word' id='word_1_236' title='bbox 752 2288 876 2349; x_wconf 91' lang='lat' dir='ltr'><strong>mundi.</strong></span> <span class='ocrx_word' id='word_1_237' title='bbox 933 2285 1011 2346; x_wconf 88' lang='lat' dir='ltr'><strong>talis</strong></span> <span class='ocrx_word' id='word_1_238' title='bbox 1033 2302 1128 2348; x_wconf 92' lang='lat' dir='ltr'><strong>error</strong></span> <span class='ocrx_word' id='word_1_239' title='bbox 1149 2301 1216 2347; x_wconf 90' lang='lat' dir='ltr'><strong>non</strong></span> <span class='ocrx_word' id='word_1_240' title='bbox 1235 2288 1333 2348; x_wconf 91' lang='lat' dir='ltr'><strong>nocet</strong></span> <span class='ocrx_word' id='word_1_241' title='bbox 1355 2287 1403 2347; x_wconf 86' lang='lat' dir='ltr'><strong>cis</strong></span> <span class='ocrx_word' id='word_1_242' title='bbox 1423 2285 1586 2365; x_wconf 89' lang='lat' dir='ltr'><strong>praesente</strong></span> <span class='ocrx_word' id='word_1_243' title='bbox 1607 2283 1735 2359; x_wconf 91' lang='lat' dir='ltr'><strong>magis-</strong></span> 
     </span>
     <span class='ocr_line' id='line_1_21' title="bbox 83 2381 1734 2464; baseline -0.004 -17"><span class='ocrx_word' id='word_1_244' title='bbox 83 2387 127 2447; x_wconf 90' lang='lat' dir='ltr'><strong>Oh</strong></span> <span class='ocrx_word' id='word_1_245' title='bbox 142 2386 306 2447; x_wconf 90' lang='lat' dir='ltr'><strong>immensa</strong></span> <span class='ocrx_word' id='word_1_246' title='bbox 322 2387 382 2446; x_wconf 88' lang='lat' dir='ltr'><strong>Dei</strong></span> <span class='ocrx_word' id='word_1_247' title='bbox 403 2386 513 2447; x_wconf 89' lang='lat' dir='ltr'><strong>Patris</strong></span> <span class='ocrx_word' id='word_1_248' title='bbox 528 2385 686 2458; x_wconf 90' lang='lat' dir='ltr'><strong>charitas,</strong></span> <span class='ocrx_word' id='word_1_249' title='bbox 713 2401 777 2464; x_wconf 91' lang='lat' dir='ltr'><strong>qua</strong></span> <span class='ocrx_word' id='word_1_250' title='bbox 797 2385 879 2447; x_wconf 90' lang='lat' dir='ltr'><strong>adeo</strong></span> <span class='ocrx_word' id='word_1_251' title='bbox 933 2384 986 2444; x_wconf 91' lang='lat' dir='ltr'><strong>tro</strong></span> <span class='ocrx_word' id='word_1_252' title='bbox 1002 2386 1087 2444; x_wconf 87' lang='lat' dir='ltr'><strong>:Dic</strong></span> <span class='ocrx_word' id='word_1_253' title='bbox 1107 2385 1146 2445; x_wconf 83' lang='lat' dir='ltr'><strong>ut</strong></span> <span class='ocrx_word' id='word_1_254' title='bbox 1166 2386 1233 2445; x_wconf 84' lang='lat' dir='ltr'><strong>duo</strong></span> <span class='ocrx_word' id='word_1_255' title='bbox 1247 2385 1309 2456; x_wconf 82' lang='lat' dir='ltr'><strong>stltt</strong></span> <span class='ocrx_word' id='word_1_256' title='bbox 1323 2387 1393 2445; x_wconf 83' lang='lat' dir='ltr'><strong>mci</strong></span> <span class='ocrx_word' id='word_1_257' title='bbox 1414 2383 1556 2444; x_wconf 81' lang='lat' dir='ltr'><strong>sedeant</strong></span> <span class='ocrx_word' id='word_1_258' title='bbox 1578 2397 1669 2442; x_wconf 79' lang='lat' dir='ltr'><strong>unus</strong></span> <span class='ocrx_word' id='word_1_259' title='bbox 1689 2381 1734 2441; x_wconf 86' lang='lat' dir='ltr'><strong>act</strong></span> 
     </span>
     <span class='ocr_line' id='line_1_22' title="bbox 83 2480 1734 2560; baseline -0.004 -16"><span class='ocrx_word' id='word_1_260' title='bbox 83 2483 201 2545; x_wconf 85' lang='lat' dir='ltr'><strong>dilexit</strong></span> <span class='ocrx_word' id='word_1_261' title='bbox 210 2483 378 2556; x_wconf 91' lang='lat' dir='ltr'><strong>mundum,</strong></span> <span class='ocrx_word' id='word_1_262' title='bbox 396 2485 432 2544; x_wconf 90' lang='lat' dir='ltr'><strong>ut</strong></span> <span class='ocrx_word' id='word_1_263' title='bbox 443 2483 548 2544; x_wconf 89' lang='lat' dir='ltr'><strong>fllium</strong></span> <span class='ocrx_word' id='word_1_264' title='bbox 564 2500 660 2544; x_wconf 92' lang='lat' dir='ltr'><strong>suum</strong></span> <span class='ocrx_word' id='word_1_265' title='bbox 673 2484 880 2560; x_wconf 89' lang='lat' dir='ltr'><strong>unigenitum</strong></span> <span class='ocrx_word' id='word_1_266' title='bbox 934 2481 1119 2542; x_wconf 73' lang='lat' dir='ltr'><strong>eceteram</strong></span> <span class='ocrx_word' id='word_1_267' title='bbox 1138 2480 1172 2542; x_wconf 86' lang='lat' dir='ltr'><strong>ct</strong></span> <span class='ocrx_word' id='word_1_268' title='bbox 1185 2485 1276 2543; x_wconf 82' lang='lat' dir='ltr'><strong>altus</strong></span> <span class='ocrx_word' id='word_1_269' title='bbox 1298 2484 1343 2542; x_wconf 83' lang='lat' dir='ltr'><strong>ed</strong></span> <span class='ocrx_word' id='word_1_270' title='bbox 1363 2481 1546 2542; x_wconf 78' lang='lat' dir='ltr'><strong>sinistram</strong></span> <span class='ocrx_word' id='word_1_271' title='bbox 1565 2482 1604 2540; x_wconf 83' lang='lat' dir='ltr'><strong>tn</strong></span> <span class='ocrx_word' id='word_1_272' title='bbox 1626 2491 1734 2554; x_wconf 82' lang='lat' dir='ltr'><strong>rcqno</strong></span> 
     </span>
     <span class='ocr_line' id='line_1_23' title="bbox 83 2575 1736 2659; baseline -0.004 -17"><span class='ocrx_word' id='word_1_273' title='bbox 83 2581 175 2644; x_wconf 86' lang='lat' dir='ltr'><strong>daret</strong></span> <span class='ocrx_word' id='word_1_274' title='bbox 189 2597 249 2659; x_wconf 91' lang='lat' dir='ltr'><strong>pro</strong></span> <span class='ocrx_word' id='word_1_275' title='bbox 264 2581 406 2642; x_wconf 87' lang='lat' dir='ltr'><strong>mundet</strong></span> <span class='ocrx_word' id='word_1_276' title='bbox 424 2581 473 2642; x_wconf 89' lang='lat' dir='ltr'><strong>Oh</strong></span> <span class='ocrx_word' id='word_1_277' title='bbox 492 2581 577 2643; x_wconf 88' lang='lat' dir='ltr'><strong>mira</strong></span> <span class='ocrx_word' id='word_1_278' title='bbox 591 2581 654 2642; x_wconf 88' lang='lat' dir='ltr'><strong>filii</strong></span> <span class='ocrx_word' id='word_1_279' title='bbox 677 2580 878 2655; x_wconf 88' lang='lat' dir='ltr'><strong>obedientia,</strong></span> <span class='ocrx_word' id='word_1_280' title='bbox 936 2577 994 2639; x_wconf 83' lang='lat' dir='ltr'><strong>tue</strong></span> <span class='ocrx_word' id='word_1_281' title='bbox 1009 2576 1140 2658; x_wconf 89' lang='lat' dir='ltr'><strong>(Matth.</strong></span> <span class='ocrx_word' id='word_1_282' title='bbox 1156 2594 1215 2651; x_wconf 79' lang='lat' dir='ltr'><strong>xx,</strong></span> <span class='ocrx_word' id='word_1_283' title='bbox 1231 2575 1297 2658; x_wconf 83' lang='lat'><strong>21).</strong></span> <span class='ocrx_word' id='word_1_284' title='bbox 1323 2580 1404 2640; x_wconf 81' lang='lat' dir='ltr'><strong>Cum</strong></span> <span class='ocrx_word' id='word_1_285' title='bbox 1423 2577 1603 2638; x_wconf 87' lang='lat' dir='ltr'><strong>ambitione</strong></span> <span class='ocrx_word' id='word_1_286' title='bbox 1624 2575 1736 2653; x_wconf 89' lang='lat' dir='ltr'><strong>loqui-</strong></span> 
     </span>
     <span class='ocr_line' id='line_1_24' title="bbox 83 2672 1734 2756; baseline -0.005 -16"><span class='ocrx_word' id='word_1_287' title='bbox 83 2695 142 2756; x_wconf 92' lang='lat' dir='ltr'><strong>qua</strong></span> <span class='ocrx_word' id='word_1_288' title='bbox 168 2679 254 2741; x_wconf 88' lang='lat' dir='ltr'><strong>adeo</strong></span> <span class='ocrx_word' id='word_1_289' title='bbox 280 2680 342 2742; x_wconf 92' lang='lat' dir='ltr'><strong>fuit</strong></span> <span class='ocrx_word' id='word_1_290' title='bbox 365 2679 454 2741; x_wconf 90' lang='lat' dir='ltr'><strong>mitis</strong></span> <span class='ocrx_word' id='word_1_291' title='bbox 482 2680 514 2741; x_wconf 89' lang='lat' dir='ltr'><strong>et</strong></span> <span class='ocrx_word' id='word_1_292' title='bbox 541 2678 678 2740; x_wconf 90' lang='lat' dir='ltr'><strong>humilis</strong></span> <span class='ocrx_word' id='word_1_293' title='bbox 704 2679 815 2752; x_wconf 92' lang='lat' dir='ltr'><strong>corde,</strong></span> <span class='ocrx_word' id='word_1_294' title='bbox 846 2680 882 2742; x_wconf 92' lang='lat' dir='ltr'><strong>ut</strong></span> <span class='ocrx_word' id='word_1_295' title='bbox 935 2675 990 2737; x_wconf 91' lang='lat' dir='ltr'><strong>tur</strong></span> <span class='ocrx_word' id='word_1_296' title='bbox 1001 2676 1118 2750; x_wconf 91' lang='lat' dir='ltr'><strong>mater,</strong></span> <span class='ocrx_word' id='word_1_297' title='bbox 1135 2681 1168 2738; x_wconf 89' lang='lat' dir='ltr'><strong>et</strong></span> <span class='ocrx_word' id='word_1_298' title='bbox 1180 2675 1309 2738; x_wconf 89' lang='lat' dir='ltr'><strong>carnali</strong></span> <span class='ocrx_word' id='word_1_299' title='bbox 1324 2675 1445 2738; x_wconf 85' lang='lat' dir='ltr'><strong>affectu</strong></span> <span class='ocrx_word' id='word_1_300' title='bbox 1457 2674 1644 2736; x_wconf 88' lang='lat' dir='ltr'><strong>ambitiosis</strong></span> <span class='ocrx_word' id='word_1_301' title='bbox 1655 2672 1734 2734; x_wconf 86' lang='lat' dir='ltr'><strong>filiis</strong></span> 
     </span>
     <span class='ocr_line' id='line_1_25' title="bbox 82 2773 1735 2855; baseline -0.003 -17"><span class='ocrx_word' id='word_1_302' title='bbox 82 2777 172 2839; x_wconf 90' lang='lat' dir='ltr'><strong>fieret</strong></span> <span class='ocrx_word' id='word_1_303' title='bbox 184 2777 273 2855; x_wconf 90' lang='lat' dir='ltr'><strong>petri</strong></span> <span class='ocrx_word' id='word_1_304' title='bbox 291 2777 449 2839; x_wconf 91' lang='lat' dir='ltr'><strong>obediens</strong></span> <span class='ocrx_word' id='word_1_305' title='bbox 471 2793 575 2855; x_wconf 90' lang='lat' dir='ltr'><strong>usque</strong></span> <span class='ocrx_word' id='word_1_306' title='bbox 589 2778 629 2839; x_wconf 91' lang='lat' dir='ltr'><strong>ad</strong></span> <span class='ocrx_word' id='word_1_307' title='bbox 653 2779 813 2840; x_wconf 89' lang='lat' dir='ltr'><strong>mortem!</strong></span> <span class='ocrx_word' id='word_1_308' title='bbox 832 2777 881 2838; x_wconf 89' lang='lat' dir='ltr'><strong>Ob</strong></span> <span class='ocrx_word' id='word_1_309' title='bbox 936 2773 1061 2850; x_wconf 89' lang='lat' dir='ltr'><strong>primas</strong></span> <span class='ocrx_word' id='word_1_310' title='bbox 1086 2774 1122 2835; x_wconf 92' lang='lat' dir='ltr'><strong>in</strong></span> <span class='ocrx_word' id='word_1_311' title='bbox 1146 2774 1229 2836; x_wconf 88' lang='lat' dir='ltr'><strong>coelo</strong></span> <span class='ocrx_word' id='word_1_312' title='bbox 1259 2773 1434 2836; x_wconf 90' lang='lat' dir='ltr'><strong>cathedras</strong></span> <span class='ocrx_word' id='word_1_313' title='bbox 1464 2773 1619 2850; x_wconf 89' lang='lat' dir='ltr'><strong>postulat.</strong></span> <span class='ocrx_word' id='word_1_314' title='bbox 1646 2774 1735 2833; x_wconf 84' lang='lat' dir='ltr'><strong>Dic:</strong></span> 
     </span>
     <span class='ocr_line' id='line_1_26' title="bbox 84 2867 1736 2952; baseline -0.004 -17"><span class='ocrx_word' id='word_1_315' title='bbox 84 2875 327 2938; x_wconf 82' lang='lat' dir='ltr'><strong>inaestimabilis</strong></span> <span class='ocrx_word' id='word_1_316' title='bbox 361 2875 503 2952; x_wconf 87' lang='lat' dir='ltr'><strong>Spiritus</strong></span> <span class='ocrx_word' id='word_1_317' title='bbox 537 2875 651 2938; x_wconf 84' lang='lat' dir='ltr'><strong>Sancti</strong></span> <span class='ocrx_word' id='word_1_318' title='bbox 678 2875 879 2952; x_wconf 80' lang='lat' dir='ltr'><strong>benignitas,</strong></span> <span class='ocrx_word' id='word_1_319' title='bbox 937 2873 1046 2944; x_wconf 92' lang='lat' dir='ltr'><strong>Quare</strong></span> <span class='ocrx_word' id='word_1_320' title='bbox 1061 2871 1147 2934; x_wconf 83' lang='lat' dir='ltr'><strong>dixit</strong></span> <span class='ocrx_word' id='word_1_321' title='bbox 1160 2875 1215 2934; x_wconf 81' lang='lat' dir='ltr'><strong>dic</strong></span> <span class='ocrx_word' id='word_1_322' title='bbox 1229 2874 1262 2934; x_wconf 90' lang='lat' dir='ltr'><strong>et</strong></span> <span class='ocrx_word' id='word_1_323' title='bbox 1276 2887 1343 2934; x_wconf 92' lang='lat' dir='ltr'><strong>non</strong></span> <span class='ocrx_word' id='word_1_324' title='bbox 1357 2874 1431 2947; x_wconf 79' lang='lat' dir='ltr'><strong>fect</strong></span> <span class='ocrx_word' id='word_1_325' title='bbox 1448 2871 1531 2944; x_wconf 88' lang='lat' dir='ltr'><strong>Quia</strong></span> <span class='ocrx_word' id='word_1_326' title='bbox 1546 2869 1629 2932; x_wconf 91' lang='lat' dir='ltr'><strong>bene</strong></span> <span class='ocrx_word' id='word_1_327' title='bbox 1649 2867 1736 2930; x_wconf 86' lang='lat' dir='ltr'><strong>scie-</strong></span> 
     </span>
     <span class='ocr_line' id='line_1_27' title="bbox 86 2965 1736 3051; baseline -0.005 -17"><span class='ocrx_word' id='word_1_328' title='bbox 86 2989 154 3049; x_wconf 87' lang='lat' dir='ltr'><strong>quee</strong></span> <span class='ocrx_word' id='word_1_329' title='bbox 167 2989 237 3034; x_wconf 88' lang='lat' dir='ltr'><strong>non</strong></span> <span class='ocrx_word' id='word_1_330' title='bbox 253 2974 433 3034; x_wconf 91' lang='lat' dir='ltr'><strong>secundum</strong></span> <span class='ocrx_word' id='word_1_331' title='bbox 449 2988 550 3051; x_wconf 91' lang='lat' dir='ltr'><strong>opera</strong></span> <span class='ocrx_word' id='word_1_332' title='bbox 565 2990 639 3051; x_wconf 86' lang='lat' dir='ltr'><strong>quae</strong></span> <span class='ocrx_word' id='word_1_333' title='bbox 653 2972 792 3034; x_wconf 90' lang='lat' dir='ltr'><strong>fecimus</strong></span> <span class='ocrx_word' id='word_1_334' title='bbox 807 2989 879 3046; x_wconf 88' lang='lat' dir='ltr'><strong>nos,</strong></span> <span class='ocrx_word' id='word_1_335' title='bbox 936 2969 994 3030; x_wconf 87' lang='lat' dir='ltr'><strong>bat</strong></span> <span class='ocrx_word' id='word_1_336' title='bbox 1004 2969 1091 3046; x_wconf 91' lang='lat' dir='ltr'><strong>quod</strong></span> <span class='ocrx_word' id='word_1_337' title='bbox 1107 2985 1203 3029; x_wconf 92' lang='lat' dir='ltr'><strong>suum</strong></span> <span class='ocrx_word' id='word_1_338' title='bbox 1221 2969 1332 3030; x_wconf 90' lang='lat' dir='ltr'><strong>dicere</strong></span> <span class='ocrx_word' id='word_1_339' title='bbox 1347 2971 1419 3032; x_wconf 90' lang='lat' dir='ltr'><strong>erat</strong></span> <span class='ocrx_word' id='word_1_340' title='bbox 1433 2967 1554 3040; x_wconf 90' lang='lat' dir='ltr'><strong>facere,</strong></span> <span class='ocrx_word' id='word_1_341' title='bbox 1571 2965 1646 3029; x_wconf 88' lang='lat' dir='ltr'><strong>etsi</strong></span> <span class='ocrx_word' id='word_1_342' title='bbox 1662 2981 1736 3043; x_wconf 91' lang='lat' dir='ltr'><strong>pro·</strong></span> 
     </span>
     <span class='ocr_line' id='line_1_28' title="bbox 86 3063 1737 3144; baseline -0.004 -14"><span class='ocrx_word' id='word_1_343' title='bbox 86 3071 139 3131; x_wconf 92' lang='lat' dir='ltr'><strong>sed</strong></span> <span class='ocrx_word' id='word_1_344' title='bbox 160 3071 344 3133; x_wconf 90' lang='lat' dir='ltr'><strong>secundum</strong></span> <span class='ocrx_word' id='word_1_345' title='bbox 369 3087 463 3132; x_wconf 87' lang='lat' dir='ltr'><strong>suam</strong></span> <span class='ocrx_word' id='word_1_346' title='bbox 486 3071 751 3133; x_wconf 88' lang='lat' dir='ltr'><strong>misericordiam</strong></span> <span class='ocrx_word' id='word_1_347' title='bbox 770 3069 882 3134; x_wconf 86' lang='lat' dir='ltr'><strong>salvos</strong></span> <span class='ocrx_word' id='word_1_348' title='bbox 937 3067 1086 3128; x_wconf 90' lang='lat' dir='ltr'><strong>misisset</strong></span> <span class='ocrx_word' id='word_1_349' title='bbox 1112 3067 1289 3144; x_wconf 88' lang='lat' dir='ltr'><strong>promissio</strong></span> <span class='ocrx_word' id='word_1_350' title='bbox 1318 3083 1379 3127; x_wconf 91' lang='lat' dir='ltr'><strong>sna</strong></span> <span class='ocrx_word' id='word_1_351' title='bbox 1409 3081 1489 3128; x_wconf 86' lang='lat' dir='ltr'><strong>vera</strong></span> <span class='ocrx_word' id='word_1_352' title='bbox 1516 3065 1620 3137; x_wconf 90' lang='lat' dir='ltr'><strong>esset,</strong></span> <span class='ocrx_word' id='word_1_353' title='bbox 1650 3063 1737 3124; x_wconf 90' lang='lat' dir='ltr'><strong>sicut</strong></span> 
     </span>
     <span class='ocr_line' id='line_1_29' title="bbox 86 3163 1735 3241; baseline -0.004 -13"><span class='ocrx_word' id='word_1_354' title='bbox 86 3183 142 3229; x_wconf 91' lang='lat' dir='ltr'><strong>nos</strong></span> <span class='ocrx_word' id='word_1_355' title='bbox 156 3169 262 3231; x_wconf 87' lang='lat' dir='ltr'><strong>fecit!</strong></span> <span class='ocrx_word' id='word_1_356' title='bbox 939 3163 1020 3226; x_wconf 91' lang='lat' dir='ltr'><strong>dicit</strong></span> <span class='ocrx_word' id='word_1_357' title='bbox 1041 3165 1218 3241; x_wconf 83' lang='lat' dir='ltr'><strong>Apostolus</strong></span> <span class='ocrx_word' id='word_1_358' title='bbox 1242 3185 1249 3224; x_wconf 91' lang='lat'>:</span> <span class='ocrx_word' id='word_1_359' title='bbox 1270 3165 1334 3226; x_wconf 81' lang='lat' dir='ltr'><strong>Est</strong></span> <span class='ocrx_word' id='word_1_360' title='bbox 1359 3164 1478 3226; x_wconf 83' lang='lat' dir='ltr'><strong>cutem</strong></span> <span class='ocrx_word' id='word_1_361' title='bbox 1497 3167 1590 3225; x_wconf 74' lang='lat' dir='ltr'><strong>Deris</strong></span> <span class='ocrx_word' id='word_1_362' title='bbox 1610 3175 1735 3229; x_wconf 76' lang='lat' dir='ltr'><strong>ceram,</strong></span> 
     </span>
     <span class='ocr_line' id='line_1_30' title="bbox 121 3258 1736 3341; baseline -0.003 -16"><span class='ocrx_word' id='word_1_363' title='bbox 121 3265 225 3328; x_wconf 91' lang='lat' dir='ltr'><strong>Petiit</strong></span> <span class='ocrx_word' id='word_1_364' title='bbox 250 3265 356 3326; x_wconf 88' lang='lat' dir='ltr'><strong>mater</strong></span> <span class='ocrx_word' id='word_1_365' title='bbox 377 3265 521 3326; x_wconf 90' lang='lat' dir='ltr'><strong>filiorum</strong></span> <span class='ocrx_word' id='word_1_366' title='bbox 545 3263 705 3338; x_wconf 87' lang='lat' dir='ltr'><strong>Zebedaei,</strong></span> <span class='ocrx_word' id='word_1_367' title='bbox 732 3264 790 3326; x_wconf 89' lang='lat' dir='ltr'><strong>sed</strong></span> <span class='ocrx_word' id='word_1_368' title='bbox 815 3282 882 3327; x_wconf 91' lang='lat' dir='ltr'><strong>non</strong></span> <span class='ocrx_word' id='word_1_369' title='bbox 938 3259 1442 3341; x_wconf 72' lang='lat' dir='ltr'><strong>omrttsbomomcnducfflom.</strong></span> <span class='ocrx_word' id='word_1_370' title='bbox 1456 3277 1507 3334; x_wconf 90' lang='lat'><strong>111,</strong></span> <span class='ocrx_word' id='word_1_371' title='bbox 1521 3260 1566 3341; x_wconf 83' lang='grc'><strong>4).</strong></span> <span class='ocrx_word' id='word_1_372' title='bbox 1583 3258 1736 3322; x_wconf 89' lang='lat' dir='ltr'><strong>Parentis</strong></span> 
     </span>
     <span class='ocr_line' id='line_1_31' title="bbox 82 3356 1736 3440; baseline -0.003 -18"><span class='ocrx_word' id='word_1_373' title='bbox 82 3363 179 3437; x_wconf 88' lang='lat' dir='ltr'><strong>juste,</strong></span> <span class='ocrx_word' id='word_1_374' title='bbox 196 3363 277 3440; x_wconf 90' lang='lat' dir='ltr'><strong>quia</strong></span> <span class='ocrx_word' id='word_1_375' title='bbox 293 3362 408 3440; x_wconf 89' lang='lat' dir='ltr'><strong>petivit</strong></span> <span class='ocrx_word' id='word_1_376' title='bbox 422 3365 458 3424; x_wconf 89' lang='lat' dir='ltr'><strong>uf</strong></span> <span class='ocrx_word' id='word_1_377' title='bbox 472 3363 537 3424; x_wconf 92' lang='lat' dir='ltr'><strong>duo</strong></span> <span class='ocrx_word' id='word_1_378' title='bbox 552 3363 613 3424; x_wconf 90' lang='lat' dir='ltr'><strong>filii</strong></span> <span class='ocrx_word' id='word_1_379' title='bbox 627 3363 782 3426; x_wconf 88' lang='lat' dir='ltr'><strong>sederent</strong></span> <span class='ocrx_word' id='word_1_380' title='bbox 797 3380 883 3424; x_wconf 89' lang='lat' dir='ltr'><strong>unus</strong></span> <span class='ocrx_word' id='word_1_381' title='bbox 939 3359 1143 3436; x_wconf 79' lang='lat' dir='ltr'><strong>negligentia</strong></span> <span class='ocrx_word' id='word_1_382' title='bbox 1174 3360 1439 3438; x_wconf 86' lang='lat' dir='ltr'><strong>reprehenditur,</strong></span> <span class='ocrx_word' id='word_1_383' title='bbox 1471 3359 1527 3420; x_wconf 92' lang='lat' dir='ltr'><strong>ubi</strong></span> <span class='ocrx_word' id='word_1_384' title='bbox 1553 3358 1594 3420; x_wconf 92' lang='lat' dir='ltr'><strong>de</strong></span> <span class='ocrx_word' id='word_1_385' title='bbox 1627 3356 1736 3419; x_wconf 88' lang='lat' dir='ltr'><strong>dantis</strong></span> 
     </span>
     <span class='ocr_line' id='line_1_32' title="bbox 83 3454 1739 3536; baseline -0.002 -18"><span class='ocrx_word' id='word_1_386' title='bbox 83 3459 121 3519; x_wconf 92' lang='lat' dir='ltr'><strong>ad</strong></span> <span class='ocrx_word' id='word_1_387' title='bbox 136 3461 312 3522; x_wconf 82' lang='lat' dir='ltr'><strong>dexteram</strong></span> <span class='ocrx_word' id='word_1_388' title='bbox 326 3459 465 3534; x_wconf 86' lang='lat' dir='ltr'><strong>Christi,</strong></span> <span class='ocrx_word' id='word_1_389' title='bbox 491 3461 524 3522; x_wconf 90' lang='lat' dir='ltr'><strong>et</strong></span> <span class='ocrx_word' id='word_1_390' title='bbox 538 3460 625 3522; x_wconf 88' lang='lat' dir='ltr'><strong>alius</strong></span> <span class='ocrx_word' id='word_1_391' title='bbox 642 3461 683 3522; x_wconf 90' lang='lat' dir='ltr'><strong>ad</strong></span> <span class='ocrx_word' id='word_1_392' title='bbox 699 3461 881 3525; x_wconf 87' lang='lat' dir='ltr'><strong>sinistram.</strong></span> <span class='ocrx_word' id='word_1_393' title='bbox 938 3457 1137 3521; x_wconf 89' lang='lat' dir='ltr'><strong>confidentia</strong></span> <span class='ocrx_word' id='word_1_394' title='bbox 1162 3474 1229 3520; x_wconf 94' lang='lat' dir='ltr'><strong>non</strong></span> <span class='ocrx_word' id='word_1_395' title='bbox 1249 3457 1472 3536; x_wconf 86' lang='lat' dir='ltr'><strong>dubitabatur.</strong></span> <span class='ocrx_word' id='word_1_396' title='bbox 1497 3459 1576 3518; x_wconf 85' lang='lat' dir='ltr'><strong>Haec</strong></span> <span class='ocrx_word' id='word_1_397' title='bbox 1597 3455 1660 3517; x_wconf 90' lang='lat' dir='ltr'><strong>fuit</strong></span> <span class='ocrx_word' id='word_1_398' title='bbox 1682 3454 1739 3514; x_wconf 90' lang='lat' dir='ltr'><strong>in-</strong></span> 
     </span>
     <span class='ocr_line' id='line_1_33' title="bbox 84 3553 1735 3636; baseline -0.003 -20"><span class='ocrx_word' id='word_1_399' title='bbox 84 3559 158 3620; x_wconf 84' lang='lat' dir='ltr'><strong>lleec</strong></span> <span class='ocrx_word' id='word_1_400' title='bbox 174 3559 293 3636; x_wconf 89' lang='lat' dir='ltr'><strong>petitio</strong></span> <span class='ocrx_word' id='word_1_401' title='bbox 314 3573 379 3618; x_wconf 92' lang='lat' dir='ltr'><strong>nou</strong></span> <span class='ocrx_word' id='word_1_402' title='bbox 396 3559 457 3619; x_wconf 90' lang='lat' dir='ltr'><strong>fuit</strong></span> <span class='ocrx_word' id='word_1_403' title='bbox 470 3574 530 3635; x_wconf 91' lang='lat' dir='ltr'><strong>pro</strong></span> <span class='ocrx_word' id='word_1_404' title='bbox 551 3558 657 3620; x_wconf 89' lang='lat' dir='ltr'><strong>salute</strong></span> <span class='ocrx_word' id='word_1_405' title='bbox 673 3560 804 3632; x_wconf 86' lang='lat' dir='ltr'><strong>animae,</strong></span> <span class='ocrx_word' id='word_1_406' title='bbox 826 3560 883 3620; x_wconf 90' lang='lat' dir='ltr'><strong>sed</strong></span> <span class='ocrx_word' id='word_1_407' title='bbox 938 3555 1042 3618; x_wconf 91' lang='lat' dir='ltr'><strong>tentio</strong></span> <span class='ocrx_word' id='word_1_408' title='bbox 1057 3555 1212 3618; x_wconf 89' lang='lat' dir='ltr'><strong>filiorum.</strong></span> <span class='ocrx_word' id='word_1_409' title='bbox 1230 3557 1266 3617; x_wconf 90' lang='lat' dir='ltr'><strong>Si</strong></span> <span class='ocrx_word' id='word_1_410' title='bbox 1280 3572 1341 3616; x_wconf 92' lang='lat' dir='ltr'><strong>nos</strong></span> <span class='ocrx_word' id='word_1_411' title='bbox 1353 3570 1509 3632; x_wconf 88' lang='lat' dir='ltr'><strong>rogamus</strong></span> <span class='ocrx_word' id='word_1_412' title='bbox 1528 3553 1735 3629; x_wconf 89' lang='lat' dir='ltr'><strong>Magistrum,</strong></span> 
     </span>
     <span class='ocr_line' id='line_1_34' title="bbox 85 3651 1738 3733; baseline -0.004 -19"><span class='ocrx_word' id='word_1_413' title='bbox 85 3653 144 3718; x_wconf 91' lang='lat' dir='ltr'><strong>fuit</strong></span> <span class='ocrx_word' id='word_1_414' title='bbox 158 3656 276 3733; x_wconf 90' lang='lat' dir='ltr'><strong>petitio</strong></span> <span class='ocrx_word' id='word_1_415' title='bbox 292 3655 468 3717; x_wconf 88' lang='lat' dir='ltr'><strong>ambitiosa</strong></span> <span class='ocrx_word' id='word_1_416' title='bbox 478 3657 512 3718; x_wconf 89' lang='lat' dir='ltr'><strong>et</strong></span> <span class='ocrx_word' id='word_1_417' title='bbox 526 3656 623 3732; x_wconf 87' lang='lat' dir='ltr'><strong>plena</strong></span> <span class='ocrx_word' id='word_1_418' title='bbox 637 3657 727 3717; x_wconf 90' lang='lat' dir='ltr'><strong>omni</strong></span> <span class='ocrx_word' id='word_1_419' title='bbox 737 3657 884 3719; x_wconf 91' lang='lat' dir='ltr'><strong>humana</strong></span> <span class='ocrx_word' id='word_1_420' title='bbox 938 3651 1078 3715; x_wconf 86' lang='lat' dir='ltr'><strong>forsitan</strong></span> <span class='ocrx_word' id='word_1_421' title='bbox 1100 3653 1296 3716; x_wconf 86' lang='lat' dir='ltr'><strong>caeterorum</strong></span> <span class='ocrx_word' id='word_1_422' title='bbox 1321 3653 1422 3714; x_wconf 89' lang='lat' dir='ltr'><strong>corda</strong></span> <span class='ocrx_word' id='word_1_423' title='bbox 1443 3651 1583 3713; x_wconf 84' lang='lat' dir='ltr'><strong>fratrum</strong></span> <span class='ocrx_word' id='word_1_424' title='bbox 1612 3665 1738 3711; x_wconf 90' lang='lat' dir='ltr'><strong>concu-</strong></span> 
     </span>
     <span class='ocr_line' id='line_1_35' title="bbox 84 3746 1785 3832; baseline -0.004 -21"><span class='ocrx_word' id='word_1_425' title='bbox 84 3751 190 3815; x_wconf 90' lang='lat' dir='ltr'><strong>laude.</strong></span> <span class='ocrx_word' id='word_1_426' title='bbox 208 3753 317 3814; x_wconf 87' lang='lat' dir='ltr'><strong>Maria</strong></span> <span class='ocrx_word' id='word_1_427' title='bbox 332 3753 530 3829; x_wconf 88' lang='lat' dir='ltr'><strong>Magdalena</strong></span> <span class='ocrx_word' id='word_1_428' title='bbox 544 3769 612 3814; x_wconf 90' lang='lat' dir='ltr'><strong>non</strong></span> <span class='ocrx_word' id='word_1_429' title='bbox 626 3754 739 3816; x_wconf 85' lang='lat' dir='ltr'><strong>taliter</strong></span> <span class='ocrx_word' id='word_1_430' title='bbox 755 3755 882 3832; x_wconf 87' lang='lat' dir='ltr'><strong>petivit,</strong></span> <span class='ocrx_word' id='word_1_431' title='bbox 938 3751 1070 3823; x_wconf 85' lang='lat' dir='ltr'><strong>tlemus,</strong></span> <span class='ocrx_word' id='word_1_432' title='bbox 1093 3751 1126 3812; x_wconf 86' lang='lat' dir='ltr'><strong>et</strong></span> <span class='ocrx_word' id='word_1_433' title='bbox 1140 3751 1217 3812; x_wconf 94' lang='lat' dir='ltr'><strong>dum</strong></span> <span class='ocrx_word' id='word_1_434' title='bbox 1237 3749 1333 3811; x_wconf 88' lang='lat' dir='ltr'><strong>nobis</strong></span> <span class='ocrx_word' id='word_1_435' title='bbox 1348 3749 1476 3810; x_wconf 90' lang='lat' dir='ltr'><strong>duobus</strong></span> <span class='ocrx_word' id='word_1_436' title='bbox 1491 3746 1644 3808; x_wconf 80' lang='lat' dir='ltr'><strong>volumus</strong></span> <span class='ocrx_word' id='word_1_437' title='bbox 1657 3762 1739 3822; x_wconf 89' lang='lat' dir='ltr'><strong>pro·</strong></span> <span class='ocrx_word' id='word_1_438' title='bbox 1783 3781 1785 3784; x_wconf 78' lang='lat'><strong>.</strong></span> 
     </span>
     <span class='ocr_line' id='line_1_36' title="bbox 84 3843 1736 3930; baseline -0.005 -19"><span class='ocrx_word' id='word_1_439' title='bbox 84 3851 114 3912; x_wconf 91' lang='lat' dir='ltr'><strong>et</strong></span> <span class='ocrx_word' id='word_1_440' title='bbox 125 3851 304 3929; x_wconf 92' lang='lat' dir='ltr'><strong>propterea</strong></span> <span class='ocrx_word' id='word_1_441' title='bbox 325 3851 527 3928; x_wconf 82' lang='lat' dir='ltr'><strong>impetrarit,</strong></span> <span class='ocrx_word' id='word_1_442' title='bbox 554 3852 632 3930; x_wconf 92' lang='lat' dir='ltr'><strong>quia</strong></span> <span class='ocrx_word' id='word_1_443' title='bbox 653 3868 713 3930; x_wconf 92' lang='lat' dir='ltr'><strong>per</strong></span> <span class='ocrx_word' id='word_1_444' title='bbox 733 3869 769 3913; x_wconf 91' lang='lat' dir='ltr'><strong>se</strong></span> <span class='ocrx_word' id='word_1_445' title='bbox 788 3868 880 3914; x_wconf 91' lang='lat' dir='ltr'><strong>acce·</strong></span> <span class='ocrx_word' id='word_1_446' title='bbox 938 3847 1063 3920; x_wconf 82' lang='lat' dir='ltr'><strong>videre,</strong></span> <span class='ocrx_word' id='word_1_447' title='bbox 1083 3848 1171 3909; x_wconf 91' lang='lat' dir='ltr'><strong>inter</strong></span> <span class='ocrx_word' id='word_1_448' title='bbox 1190 3863 1305 3908; x_wconf 92' lang='lat' dir='ltr'><strong>omnes</strong></span> <span class='ocrx_word' id='word_1_449' title='bbox 1331 3846 1523 3908; x_wconf 87' lang='lat' dir='ltr'><strong>scandalum</strong></span> <span class='ocrx_word' id='word_1_450' title='bbox 1538 3843 1736 3916; x_wconf 83' lang='lat' dir='ltr'><strong>excitamus,</strong></span> 
     </span>
     <span class='ocr_line' id='line_1_37' title="bbox 84 3943 1737 4027; baseline -0.003 -20"><span class='ocrx_word' id='word_1_451' title='bbox 84 3945 162 4008; x_wconf 90' lang='lat' dir='ltr'><strong>dens</strong></span> <span class='ocrx_word' id='word_1_452' title='bbox 186 3949 400 4026; x_wconf 89' lang='lat' dir='ltr'><strong>peccatorum</strong></span> <span class='ocrx_word' id='word_1_453' title='bbox 424 3963 560 4009; x_wconf 90' lang='lat' dir='ltr'><strong>suorum</strong></span> <span class='ocrx_word' id='word_1_454' title='bbox 580 3949 712 4011; x_wconf 79' lang='lat' dir='ltr'><strong>veniam</strong></span> <span class='ocrx_word' id='word_1_455' title='bbox 732 3948 884 4027; x_wconf 90' lang='lat' dir='ltr'><strong>postula·</strong></span> <span class='ocrx_word' id='word_1_456' title='bbox 939 3945 1018 4024; x_wconf 89' lang='lat' dir='ltr'><strong>quia</strong></span> <span class='ocrx_word' id='word_1_457' title='bbox 1033 3945 1096 4006; x_wconf 90' lang='lat' dir='ltr'><strong>etei</strong></span> <span class='ocrx_word' id='word_1_458' title='bbox 1111 3944 1218 4008; x_wconf 87' lang='lat' dir='ltr'><strong>sancti</strong></span> <span class='ocrx_word' id='word_1_459' title='bbox 1236 3945 1324 4016; x_wconf 91' lang='lat' dir='ltr'><strong>sunt,</strong></span> <span class='ocrx_word' id='word_1_460' title='bbox 1347 3945 1458 4005; x_wconf 91' lang='lat' dir='ltr'><strong>tamen</strong></span> <span class='ocrx_word' id='word_1_461' title='bbox 1475 3943 1627 4004; x_wconf 89' lang='lat' dir='ltr'><strong>homines</strong></span> <span class='ocrx_word' id='word_1_462' title='bbox 1650 3943 1737 4003; x_wconf 90' lang='lat' dir='ltr'><strong>sunt.</strong></span> 
     </span>
     <span class='ocr_line' id='line_1_38' title="bbox 84 4040 1739 4125; baseline -0.002 -21"><span class='ocrx_word' id='word_1_463' title='bbox 84 4045 140 4116; x_wconf 80' lang='lat' dir='ltr'><strong>rit,</strong></span> <span class='ocrx_word' id='word_1_464' title='bbox 157 4050 191 4109; x_wconf 90' lang='lat' dir='ltr'><strong>et</strong></span> <span class='ocrx_word' id='word_1_465' title='bbox 207 4047 328 4108; x_wconf 85' lang='lat' dir='ltr'><strong>animae</strong></span> <span class='ocrx_word' id='word_1_466' title='bbox 340 4045 481 4107; x_wconf 91' lang='lat' dir='ltr'><strong>salutem</strong></span> <span class='ocrx_word' id='word_1_467' title='bbox 495 4047 667 4108; x_wconf 90' lang='lat' dir='ltr'><strong>humiliter</strong></span> <span class='ocrx_word' id='word_1_468' title='bbox 681 4047 882 4125; x_wconf 89' lang='lat' dir='ltr'><strong>imploravit.</strong></span> <span class='ocrx_word' id='word_1_469' title='bbox 943 4046 1029 4120; x_wconf 85' lang='lat' dir='ltr'><strong>Ergo</strong></span> <span class='ocrx_word' id='word_1_470' title='bbox 1045 4042 1277 4104; x_wconf 89' lang='lat' dir='ltr'><strong>submittamus</strong></span> <span class='ocrx_word' id='word_1_471' title='bbox 1291 4043 1430 4104; x_wconf 89' lang='lat' dir='ltr'><strong>matrem</strong></span> <span class='ocrx_word' id='word_1_472' title='bbox 1452 4041 1610 4112; x_wconf 89' lang='lat' dir='ltr'><strong>nostram,</strong></span> <span class='ocrx_word' id='word_1_473' title='bbox 1628 4040 1664 4101; x_wconf 90' lang='lat' dir='ltr'><strong>ut</strong></span> <span class='ocrx_word' id='word_1_474' title='bbox 1679 4055 1739 4100; x_wconf 90' lang='lat' dir='ltr'><strong>sno</strong></span> 
     </span>
     <span class='ocr_line' id='line_1_39' title="bbox 84 4139 1740 4221; baseline -0.003 -19"><span class='ocrx_word' id='word_1_475' title='bbox 84 4143 153 4204; x_wconf 88' lang='lat' dir='ltr'><strong>Tali</strong></span> <span class='ocrx_word' id='word_1_476' title='bbox 182 4143 281 4205; x_wconf 91' lang='lat' dir='ltr'><strong>modo</strong></span> <span class='ocrx_word' id='word_1_477' title='bbox 310 4143 474 4205; x_wconf 90' lang='lat' dir='ltr'><strong>orandum</strong></span> <span class='ocrx_word' id='word_1_478' title='bbox 498 4146 606 4206; x_wconf 89' lang='lat' dir='ltr'><strong>estet</strong></span> <span class='ocrx_word' id='word_1_479' title='bbox 631 4145 821 4221; x_wconf 89' lang='lat' dir='ltr'><strong>petendum,</strong></span> <span class='ocrx_word' id='word_1_480' title='bbox 848 4147 885 4207; x_wconf 92' lang='lat' dir='ltr'><strong>ut</strong></span> <span class='ocrx_word' id='word_1_481' title='bbox 940 4139 1740 4218; x_wconf 78' lang='lat' dir='ltr'><strong>nominedepreceturpronobislitsinonexau·</strong></span> 
     </span>
     <span class='ocr_line' id='line_1_40' title="bbox 84 4235 1740 4316; baseline -0.003 -15"><span class='ocrx_word' id='word_1_482' title='bbox 84 4242 251 4316; x_wconf 87' lang='lat' dir='ltr'><strong>pertineat</strong></span> <span class='ocrx_word' id='word_1_483' title='bbox 265 4242 305 4302; x_wconf 91' lang='lat' dir='ltr'><strong>ad</strong></span> <span class='ocrx_word' id='word_1_484' title='bbox 321 4242 482 4304; x_wconf 90' lang='lat' dir='ltr'><strong>bonorem</strong></span> <span class='ocrx_word' id='word_1_485' title='bbox 503 4243 575 4315; x_wconf 90' lang='lat' dir='ltr'><strong>Dei,</strong></span> <span class='ocrx_word' id='word_1_486' title='bbox 602 4243 769 4306; x_wconf 84' lang='lat' dir='ltr'><strong>etanimae</strong></span> <span class='ocrx_word' id='word_1_487' title='bbox 794 4244 887 4304; x_wconf 87' lang='lat' dir='ltr'><strong>salu·</strong></span> <span class='ocrx_word' id='word_1_488' title='bbox 940 4238 1039 4301; x_wconf 88' lang='lat' dir='ltr'><strong>dierit</strong></span> <span class='ocrx_word' id='word_1_489' title='bbox 1068 4255 1158 4311; x_wconf 88' lang='lat' dir='ltr'><strong>earn,</strong></span> <span class='ocrx_word' id='word_1_490' title='bbox 1188 4238 1286 4300; x_wconf 89' lang='lat' dir='ltr'><strong>facile</strong></span> <span class='ocrx_word' id='word_1_491' title='bbox 1313 4239 1462 4299; x_wconf 91' lang='lat' dir='ltr'><strong>meretur</strong></span> <span class='ocrx_word' id='word_1_492' title='bbox 1486 4237 1633 4309; x_wconf 83' lang='lat' dir='ltr'><strong>veniam,</strong></span> <span class='ocrx_word' id='word_1_493' title='bbox 1662 4235 1740 4313; x_wconf 92' lang='lat' dir='ltr'><strong>quia</strong></span> 
     </span>
     <span class='ocr_line' id='line_1_41' title="bbox 85 4333 1740 4417; baseline -0.003 -19"><span class='ocrx_word' id='word_1_494' title='bbox 85 4339 147 4399; x_wconf 92' lang='lat' dir='ltr'><strong>tem</strong></span> <span class='ocrx_word' id='word_1_495' title='bbox 165 4340 320 4417; x_wconf 89' lang='lat' dir='ltr'><strong>spectare</strong></span> <span class='ocrx_word' id='word_1_496' title='bbox 334 4339 575 4416; x_wconf 87' lang='lat' dir='ltr'><strong>comprobetur.</strong></span> <span class='ocrx_word' id='word_1_497' title='bbox 940 4336 1069 4397; x_wconf 90' lang='lat' dir='ltr'><strong>mulier.</strong></span> <span class='ocrx_word' id='word_1_498' title='bbox 1097 4339 1170 4414; x_wconf 91' lang='lat' dir='ltr'><strong>lpse</strong></span> <span class='ocrx_word' id='word_1_499' title='bbox 1195 4336 1284 4397; x_wconf 92' lang='lat' dir='ltr'><strong>enim</strong></span> <span class='ocrx_word' id='word_1_500' title='bbox 1311 4351 1412 4398; x_wconf 79' lang='lat' dir='ltr'><strong>sexus</strong></span> <span class='ocrx_word' id='word_1_501' title='bbox 1432 4336 1570 4396; x_wconf 84' lang='lat' dir='ltr'><strong>excusat</strong></span> <span class='ocrx_word' id='word_1_502' title='bbox 1591 4349 1676 4395; x_wconf 89' lang='lat' dir='ltr'><strong>eam.</strong></span> <span class='ocrx_word' id='word_1_503' title='bbox 1704 4333 1740 4394; x_wconf 89' lang='lat' dir='ltr'><strong>Si</strong></span> 
     </span>
     <span class='ocr_line' id='line_1_42' title="bbox 123 4431 1741 4514; baseline -0.004 -16"><span class='ocrx_word' id='word_1_504' title='bbox 123 4436 306 4498; x_wconf 86' lang='lat' dir='ltr'><strong>Zebedaens</strong></span> <span class='ocrx_word' id='word_1_505' title='bbox 326 4438 566 4514; x_wconf 89' lang='lat' dir='ltr'><strong>interpretatur</strong></span> <span class='ocrx_word' id='word_1_506' title='bbox 587 4438 747 4501; x_wconf 90' lang='lat' dir='ltr'><strong>memoria</strong></span> <span class='ocrx_word' id='word_1_507' title='bbox 761 4439 832 4512; x_wconf 91' lang='lat' dir='ltr'><strong>Dei,</strong></span> <span class='ocrx_word' id='word_1_508' title='bbox 853 4442 887 4501; x_wconf 92' lang='lat' dir='ltr'><strong>et</strong></span> <span class='ocrx_word' id='word_1_509' title='bbox 941 4435 1050 4496; x_wconf 89' lang='lat' dir='ltr'><strong>autem</strong></span> <span class='ocrx_word' id='word_1_510' title='bbox 1066 4450 1131 4496; x_wconf 91' lang='lat' dir='ltr'><strong>non</strong></span> <span class='ocrx_word' id='word_1_511' title='bbox 1148 4433 1249 4496; x_wconf 90' lang='lat' dir='ltr'><strong>fuerit</strong></span> <span class='ocrx_word' id='word_1_512' title='bbox 1260 4434 1462 4510; x_wconf 88' lang='lat' dir='ltr'><strong>importuna,</strong></span> <span class='ocrx_word' id='word_1_513' title='bbox 1484 4431 1617 4494; x_wconf 89' lang='lat' dir='ltr'><strong>facilius</strong></span> <span class='ocrx_word' id='word_1_514' title='bbox 1632 4431 1741 4508; x_wconf 91' lang='lat' dir='ltr'><strong>impe-</strong></span> 
     </span>
     <span class='ocr_line' id='line_1_43' title="bbox 86 4525 1625 4614; baseline -0.002 -22"><span class='ocrx_word' id='word_1_515' title='bbox 86 4533 255 4610; x_wconf 83' lang='lat' dir='ltr'><strong>signiflcat</strong></span> <span class='ocrx_word' id='word_1_516' title='bbox 276 4533 454 4612; x_wconf 91' lang='lat' dir='ltr'><strong>quemlibet</strong></span> <span class='ocrx_word' id='word_1_517' title='bbox 476 4536 694 4598; x_wconf 89' lang='lat' dir='ltr'><strong>christianum</strong></span> <span class='ocrx_word' id='word_1_518' title='bbox 709 4537 765 4614; x_wconf 90' lang='lat' dir='ltr'><strong>qui</strong></span> <span class='ocrx_word' id='word_1_519' title='bbox 790 4537 887 4599; x_wconf 90' lang='lat' dir='ltr'><strong>debet</strong></span> <span class='ocrx_word' id='word_1_520' title='bbox 940 4531 1051 4594; x_wconf 90' lang='lat' dir='ltr'><strong>trabit.</strong></span> <span class='ocrx_word' id='word_1_521' title='bbox 1623 4525 1625 4530; x_wconf 83' lang='lat'>&#39;</span> 
     </span>
    </p>
   </div>
   <div class='ocr_carea' id='block_1_3' title="bbox 84 4629 890 5397">
    <p class='ocr_par' dir='ltr' id='par_1_3' title="bbox 84 4629 890 5397">
     <span class='ocr_line' id='line_1_44' title="bbox 84 4629 885 4712; baseline 0.006 -22"><span class='ocrx_word' id='word_1_522' title='bbox 84 4629 208 4694; x_wconf 88' lang='lat' dir='ltr'><strong>babere</strong></span> <span class='ocrx_word' id='word_1_523' title='bbox 235 4631 428 4694; x_wconf 85' lang='lat' dir='ltr'><strong>memoriam</strong></span> <span class='ocrx_word' id='word_1_524' title='bbox 452 4634 512 4695; x_wconf 90' lang='lat' dir='ltr'><strong>Dei</strong></span> <span class='ocrx_word' id='word_1_525' title='bbox 533 4634 568 4694; x_wconf 93' lang='lat' dir='ltr'><strong>in</strong></span> <span class='ocrx_word' id='word_1_526' title='bbox 588 4634 732 4712; x_wconf 83' lang='lat' dir='ltr'><strong>quatuor</strong></span> <span class='ocrx_word' id='word_1_527' title='bbox 755 4634 885 4695; x_wconf 89' lang='lat' dir='ltr'><strong>benefl-</strong></span> 
     </span>
     <span class='ocr_line' id='line_1_45' title="bbox 85 4728 888 4809; baseline 0.004 -20"><span class='ocrx_word' id='word_1_528' title='bbox 85 4728 154 4802; x_wconf 85' lang='lat' dir='ltr'><strong>ciis,</strong></span> <span class='ocrx_word' id='word_1_529' title='bbox 181 4730 313 4791; x_wconf 90' lang='lat' dir='ltr'><strong>scilicef</strong></span> <span class='ocrx_word' id='word_1_530' title='bbox 337 4731 527 4803; x_wconf 87' lang='lat' dir='ltr'><strong>creationis,</strong></span> <span class='ocrx_word' id='word_1_531' title='bbox 555 4731 803 4809; x_wconf 72' lang='lat' dir='ltr'><strong>redemptionis</strong></span> <span class='ocrx_word' id='word_1_532' title='bbox 834 4731 888 4792; x_wconf 93' lang='lat' dir='ltr'><strong>ul-</strong></span> 
     </span>
     <span class='ocr_line' id='line_1_46' title="bbox 85 4827 885 4905; baseline 0.006 -19"><span class='ocrx_word' id='word_1_533' title='bbox 85 4827 153 4887; x_wconf 88' lang='lat' dir='ltr'><strong>timi</strong></span> <span class='ocrx_word' id='word_1_534' title='bbox 170 4827 294 4905; x_wconf 88' lang='lat' dir='ltr'><strong>judicii</strong></span> <span class='ocrx_word' id='word_1_535' title='bbox 309 4830 343 4890; x_wconf 92' lang='lat' dir='ltr'><strong>et</strong></span> <span class='ocrx_word' id='word_1_536' title='bbox 356 4828 611 4904; x_wconf 86' lang='lat' dir='ltr'><strong>glorificationis</strong></span> <span class='ocrx_word' id='word_1_537' title='bbox 627 4831 661 4891; x_wconf 92' lang='lat' dir='ltr'><strong>in</strong></span> <span class='ocrx_word' id='word_1_538' title='bbox 684 4829 885 4892; x_wconf 77' lang='lat' dir='ltr'><strong>coelestibus</strong></span> 
     </span>
     <span class='ocr_line' id='line_1_47' title="bbox 87 4925 887 5004; baseline 0.005 -19"><span class='ocrx_word' id='word_1_539' title='bbox 87 4925 129 4986; x_wconf 90' lang='lat' dir='ltr'><strong>De</strong></span> <span class='ocrx_word' id='word_1_540' title='bbox 158 4927 342 4998; x_wconf 88' lang='lat' dir='ltr'><strong>creatione,</strong></span> <span class='ocrx_word' id='word_1_541' title='bbox 373 4927 518 5004; x_wconf 86' lang='lat' dir='ltr'><strong>qualiter</strong></span> <span class='ocrx_word' id='word_1_542' title='bbox 543 4927 698 4990; x_wconf 83' lang='lat' dir='ltr'><strong>formavit</strong></span> <span class='ocrx_word' id='word_1_543' title='bbox 721 4927 887 4990; x_wconf 90' lang='lat' dir='ltr'><strong>hominem</strong></span> 
     </span>
     <span class='ocr_line' id='line_1_48' title="bbox 87 5021 889 5104; baseline 0.01 -23"><span class='ocrx_word' id='word_1_544' title='bbox 87 5021 125 5084; x_wconf 91' lang='lat' dir='ltr'><strong>de</strong></span> <span class='ocrx_word' id='word_1_545' title='bbox 148 5024 300 5100; x_wconf 86' lang='lat' dir='ltr'><strong>pulvere,</strong></span> <span class='ocrx_word' id='word_1_546' title='bbox 332 5025 366 5086; x_wconf 90' lang='lat' dir='ltr'><strong>et</strong></span> <span class='ocrx_word' id='word_1_547' title='bbox 385 5025 464 5088; x_wconf 89' lang='lat' dir='ltr'><strong>fecit</strong></span> <span class='ocrx_word' id='word_1_548' title='bbox 490 5041 564 5087; x_wconf 88' lang='lat' dir='ltr'><strong>eum</strong></span> <span class='ocrx_word' id='word_1_549' title='bbox 587 5025 628 5087; x_wconf 92' lang='lat' dir='ltr'><strong>ad</strong></span> <span class='ocrx_word' id='word_1_550' title='bbox 654 5026 834 5104; x_wconf 90' lang='lat' dir='ltr'><strong>imaginem</strong></span> <span class='ocrx_word' id='word_1_551' title='bbox 856 5028 889 5090; x_wconf 87' lang='lat' dir='ltr'><strong>et</strong></span> 
     </span>
     <span class='ocr_line' id='line_1_49' title="bbox 88 5119 889 5196; baseline 0.012 -18"><span class='ocrx_word' id='word_1_552' title='bbox 88 5119 341 5183; x_wconf 90' lang='lat' dir='ltr'><strong>similitudinem</strong></span> <span class='ocrx_word' id='word_1_553' title='bbox 366 5137 472 5196; x_wconf 89' lang='lat' dir='ltr'><strong>suam,</strong></span> <span class='ocrx_word' id='word_1_554' title='bbox 502 5122 535 5184; x_wconf 91' lang='lat' dir='ltr'><strong>et</strong></span> <span class='ocrx_word' id='word_1_555' title='bbox 559 5125 684 5186; x_wconf 86' lang='lat' dir='ltr'><strong>creavit</strong></span> <span class='ocrx_word' id='word_1_556' title='bbox 710 5125 829 5186; x_wconf 89' lang='lat' dir='ltr'><strong>coelum</strong></span> <span class='ocrx_word' id='word_1_557' title='bbox 856 5128 889 5188; x_wconf 89' lang='lat' dir='ltr'><strong>et</strong></span> 
     </span>
     <span class='ocr_line' id='line_1_50' title="bbox 87 5217 890 5296; baseline 0.01 -20"><span class='ocrx_word' id='word_1_558' title='bbox 87 5217 212 5278; x_wconf 84' lang='lat' dir='ltr'><strong>terram</strong></span> <span class='ocrx_word' id='word_1_559' title='bbox 230 5221 263 5280; x_wconf 89' lang='lat' dir='ltr'><strong>et</strong></span> <span class='ocrx_word' id='word_1_560' title='bbox 278 5217 389 5279; x_wconf 90' lang='lat' dir='ltr'><strong>omnia</strong></span> <span class='ocrx_word' id='word_1_561' title='bbox 404 5236 477 5296; x_wconf 86' lang='lat' dir='ltr'><strong>quae</strong></span> <span class='ocrx_word' id='word_1_562' title='bbox 502 5221 714 5282; x_wconf 90' lang='lat' dir='ltr'><strong>continentur</strong></span> <span class='ocrx_word' id='word_1_563' title='bbox 735 5223 771 5283; x_wconf 92' lang='lat' dir='ltr'><strong>in</strong></span> <span class='ocrx_word' id='word_1_564' title='bbox 792 5238 890 5284; x_wconf 88' lang='lat' dir='ltr'><strong>crea-</strong></span> 
     </span>
     <span class='ocr_line' id='line_1_51' title="bbox 88 5313 889 5397; baseline 0.011 -23"><span class='ocrx_word' id='word_1_565' title='bbox 88 5313 186 5378; x_wconf 90' lang='lat' dir='ltr'><strong>tione.</strong></span> <span class='ocrx_word' id='word_1_566' title='bbox 227 5319 273 5378; x_wconf 89' lang='lat' dir='ltr'><strong>De</strong></span> <span class='ocrx_word' id='word_1_567' title='bbox 300 5316 543 5393; x_wconf 89' lang='lat' dir='ltr'><strong>redemptione,</strong></span> <span class='ocrx_word' id='word_1_568' title='bbox 574 5319 718 5395; x_wconf 84' lang='lat' dir='ltr'><strong>qualiter</strong></span> <span class='ocrx_word' id='word_1_569' title='bbox 745 5336 805 5397; x_wconf 92' lang='lat' dir='ltr'><strong>pro</strong></span> <span class='ocrx_word' id='word_1_570' title='bbox 833 5337 889 5382; x_wconf 92' lang='lat' dir='ltr'><strong>re-</strong></span> 
     </span>
    </p>
   </div>
   <div class='ocr_carea' id='block_1_4' title="bbox 88 5410 889 5791">
    <p class='ocr_par' dir='ltr' id='par_1_4' title="bbox 88 5410 889 5791">
     <span class='ocr_line' id='line_1_52' title="bbox 89 5410 887 5496; baseline 0.014 -26"><span class='ocrx_word' id='word_1_571' title='bbox 89 5410 278 5490; x_wconf 91' lang='lat' dir='ltr'><strong>demptione</strong></span> <span class='ocrx_word' id='word_1_572' title='bbox 294 5414 410 5475; x_wconf 89' lang='lat' dir='ltr'><strong>nostra</strong></span> <span class='ocrx_word' id='word_1_573' title='bbox 422 5413 557 5477; x_wconf 90' lang='lat' dir='ltr'><strong>tradidit</strong></span> <span class='ocrx_word' id='word_1_574' title='bbox 572 5431 607 5476; x_wconf 93' lang='lat' dir='ltr'><strong>se</strong></span> <span class='ocrx_word' id='word_1_575' title='bbox 623 5416 730 5493; x_wconf 90' lang='lat' dir='ltr'><strong>ipsum</strong></span> <span class='ocrx_word' id='word_1_576' title='bbox 745 5417 780 5478; x_wconf 91' lang='lat' dir='ltr'><strong>in</strong></span> <span class='ocrx_word' id='word_1_577' title='bbox 796 5418 887 5496; x_wconf 90' lang='lat' dir='ltr'><strong>pati-</strong></span> 
     </span>
     <span class='ocr_line' id='line_1_53' title="bbox 88 5505 888 5592; baseline 0.011 -23"><span class='ocrx_word' id='word_1_578' title='bbox 88 5506 201 5570; x_wconf 91' lang='lat' dir='ltr'><strong>bulum</strong></span> <span class='ocrx_word' id='word_1_579' title='bbox 231 5511 352 5572; x_wconf 87' lang='lat' dir='ltr'><strong>crucis.</strong></span> <span class='ocrx_word' id='word_1_580' title='bbox 370 5511 445 5572; x_wconf 92' lang='lat' dir='ltr'><strong>Non</strong></span> <span class='ocrx_word' id='word_1_581' title='bbox 470 5505 598 5586; x_wconf 91' lang='lat' dir='ltr'><strong>aurum,</strong></span> <span class='ocrx_word' id='word_1_582' title='bbox 622 5530 689 5574; x_wconf 92' lang='lat' dir='ltr'><strong>non</strong></span> <span class='ocrx_word' id='word_1_583' title='bbox 715 5516 888 5592; x_wconf 89' lang='lat' dir='ltr'><strong>argentum</strong></span> 
     </span>
     <span class='ocr_line' id='line_1_54' title="bbox 91 5604 888 5692; baseline 0.014 -27"><span class='ocrx_word' id='word_1_584' title='bbox 91 5604 179 5668; x_wconf 90' lang='lat' dir='ltr'><strong>dedit</strong></span> <span class='ocrx_word' id='word_1_585' title='bbox 196 5623 257 5686; x_wconf 91' lang='lat' dir='ltr'><strong>pro</strong></span> <span class='ocrx_word' id='word_1_586' title='bbox 277 5609 392 5671; x_wconf 87' lang='lat' dir='ltr'><strong>nostra</strong></span> <span class='ocrx_word' id='word_1_587' title='bbox 411 5609 649 5688; x_wconf 88' lang='lat' dir='ltr'><strong>redemptione,</strong></span> <span class='ocrx_word' id='word_1_588' title='bbox 675 5613 732 5673; x_wconf 89' lang='lat' dir='ltr'><strong>sed</strong></span> <span class='ocrx_word' id='word_1_589' title='bbox 755 5615 888 5692; x_wconf 87' lang='lat' dir='ltr'><strong>proprio</strong></span> 
     </span>
     <span class='ocr_line' id='line_1_55' title="bbox 92 5703 889 5791; baseline 0.014 -27"><span class='ocrx_word' id='word_1_590' title='bbox 92 5703 246 5768; x_wconf 90' lang='lat' dir='ltr'><strong>filiosuo</strong></span> <span class='ocrx_word' id='word_1_591' title='bbox 272 5723 338 5769; x_wconf 89' lang='lat' dir='ltr'><strong>non</strong></span> <span class='ocrx_word' id='word_1_592' title='bbox 362 5708 511 5786; x_wconf 89' lang='lat' dir='ltr'><strong>pepercit</strong></span> <span class='ocrx_word' id='word_1_593' title='bbox 536 5711 634 5782; x_wconf 89' lang='lat' dir='ltr'><strong>Deus,</strong></span> <span class='ocrx_word' id='word_1_594' title='bbox 663 5709 800 5785; x_wconf 89' lang='lat' dir='ltr'><strong>scilicet,</strong></span> <span class='ocrx_word' id='word_1_595' title='bbox 830 5729 889 5791; x_wconf 91' lang='lat' dir='ltr'><strong>pro</strong></span> 
     </span>
    </p>
   </div>
   <div class='ocr_carea' id='block_1_5' title="bbox 941 4624 1744 5788">
    <p class='ocr_par' dir='ltr' id='par_1_5' title="bbox 941 4624 1744 5788">
     <span class='ocr_line' id='line_1_56' title="bbox 982 4624 1742 4707; baseline -0.008 -15"><span class='ocrx_word' id='word_1_596' title='bbox 982 4629 1089 4692; x_wconf 90' lang='lat' dir='ltr'><strong>Mater</strong></span> <span class='ocrx_word' id='word_1_597' title='bbox 1108 4646 1167 4707; x_wconf 91' lang='lat' dir='ltr'><strong>pro</strong></span> <span class='ocrx_word' id='word_1_598' title='bbox 1183 4629 1262 4691; x_wconf 88' lang='lat' dir='ltr'><strong>filiis</strong></span> <span class='ocrx_word' id='word_1_599' title='bbox 1276 4631 1371 4706; x_wconf 86' lang='lat' dir='ltr'><strong>rogat</strong></span> <span class='ocrx_word' id='word_1_600' title='bbox 1394 4629 1431 4692; x_wconf 90' lang='lat' dir='ltr'><strong>ut</strong></span> <span class='ocrx_word' id='word_1_601' title='bbox 1454 4627 1516 4688; x_wconf 91' lang='lat' dir='ltr'><strong>filii</strong></span> <span class='ocrx_word' id='word_1_602' title='bbox 1537 4627 1644 4704; x_wconf 92' lang='lat' dir='ltr'><strong>prima</strong></span> <span class='ocrx_word' id='word_1_603' title='bbox 1668 4624 1742 4686; x_wconf 91' lang='lat' dir='ltr'><strong>loca</strong></span> 
     </span>
     <span class='ocr_line' id='line_1_57' title="bbox 941 4723 1741 4802; baseline -0.01 -13"><span class='ocrx_word' id='word_1_604' title='bbox 941 4729 1029 4791; x_wconf 88' lang='lat' dir='ltr'><strong>inter</strong></span> <span class='ocrx_word' id='word_1_605' title='bbox 1047 4728 1132 4789; x_wconf 92' lang='lat' dir='ltr'><strong>alios</strong></span> <span class='ocrx_word' id='word_1_606' title='bbox 1154 4726 1290 4789; x_wconf 91' lang='lat' dir='ltr'><strong>teneant</strong></span> <span class='ocrx_word' id='word_1_607' title='bbox 1313 4727 1348 4786; x_wconf 91' lang='lat' dir='ltr'><strong>in</strong></span> <span class='ocrx_word' id='word_1_608' title='bbox 1368 4741 1482 4802; x_wconf 89' lang='lat' dir='ltr'><strong>regno.</strong></span> <span class='ocrx_word' id='word_1_609' title='bbox 1511 4723 1606 4800; x_wconf 89' lang='lat' dir='ltr'><strong>Apud</strong></span> <span class='ocrx_word' id='word_1_610' title='bbox 1636 4724 1741 4782; x_wconf 87' lang='lat' dir='ltr'><strong>Deum</strong></span> 
     </span>
     <span class='ocr_line' id='line_1_58' title="bbox 942 4821 1740 4902; baseline -0.01 -14"><span class='ocrx_word' id='word_1_611' title='bbox 942 4827 1079 4888; x_wconf 91' lang='lat' dir='ltr'><strong>nonest</strong></span> <span class='ocrx_word' id='word_1_612' title='bbox 1100 4825 1248 4902; x_wconf 90' lang='lat' dir='ltr'><strong>acceptio</strong></span> <span class='ocrx_word' id='word_1_613' title='bbox 1269 4838 1503 4900; x_wconf 88' lang='lat' dir='ltr'><strong>personarum,</strong></span> <span class='ocrx_word' id='word_1_614' title='bbox 1531 4823 1564 4882; x_wconf 90' lang='lat' dir='ltr'><strong>et</strong></span> <span class='ocrx_word' id='word_1_615' title='bbox 1583 4821 1618 4881; x_wconf 91' lang='lat' dir='ltr'><strong>in</strong></span> <span class='ocrx_word' id='word_1_616' title='bbox 1636 4835 1740 4896; x_wconf 87' lang='lat' dir='ltr'><strong>regno</strong></span> 
     </span>
     <span class='ocr_line' id='line_1_59' title="bbox 942 4917 1738 4998; baseline -0.01 -12"><span class='ocrx_word' id='word_1_617' title='bbox 942 4925 1002 4986; x_wconf 89' lang='lat' dir='ltr'><strong>Dei</strong></span> <span class='ocrx_word' id='word_1_618' title='bbox 1021 4939 1087 4985; x_wconf 92' lang='lat' dir='ltr'><strong>non</strong></span> <span class='ocrx_word' id='word_1_619' title='bbox 1112 4924 1163 4984; x_wconf 92' lang='lat' dir='ltr'><strong>est</strong></span> <span class='ocrx_word' id='word_1_620' title='bbox 1183 4921 1331 4983; x_wconf 90' lang='lat' dir='ltr'><strong>sinistra.</strong></span> <span class='ocrx_word' id='word_1_621' title='bbox 1355 4919 1473 4981; x_wconf 89' lang='lat' dir='ltr'><strong>Omnia</strong></span> <span class='ocrx_word' id='word_1_622' title='bbox 1489 4935 1561 4998; x_wconf 88' lang='lat' dir='ltr'><strong>quae</strong></span> <span class='ocrx_word' id='word_1_623' title='bbox 1583 4917 1630 4978; x_wconf 91' lang='lat' dir='ltr'><strong>ibi</strong></span> <span class='ocrx_word' id='word_1_624' title='bbox 1652 4918 1738 4990; x_wconf 90' lang='lat' dir='ltr'><strong>sunt,</strong></span> 
     </span>
     <span class='ocr_line' id='line_1_60' title="bbox 943 5015 1742 5100; baseline -0.011 -16"><span class='ocrx_word' id='word_1_625' title='bbox 943 5023 1109 5100; x_wconf 91' lang='lat' dir='ltr'><strong>pertinent</strong></span> <span class='ocrx_word' id='word_1_626' title='bbox 1133 5020 1174 5082; x_wconf 88' lang='lat' dir='ltr'><strong>ad</strong></span> <span class='ocrx_word' id='word_1_627' title='bbox 1201 5019 1383 5090; x_wconf 83' lang='lat' dir='ltr'><strong>dexteram,</strong></span> <span class='ocrx_word' id='word_1_628' title='bbox 1415 5019 1447 5080; x_wconf 93' lang='lat' dir='ltr'><strong>et</strong></span> <span class='ocrx_word' id='word_1_629' title='bbox 1467 5017 1542 5078; x_wconf 90' lang='lat' dir='ltr'><strong>ideo</strong></span> <span class='ocrx_word' id='word_1_630' title='bbox 1567 5033 1633 5078; x_wconf 92' lang='lat' dir='ltr'><strong>non</strong></span> <span class='ocrx_word' id='word_1_631' title='bbox 1657 5015 1742 5076; x_wconf 91' lang='lat' dir='ltr'><strong>bene</strong></span> 
     </span>
     <span class='ocr_line' id='line_1_61' title="bbox 943 5117 1744 5198; baseline -0.006 -18"><span class='ocrx_word' id='word_1_632' title='bbox 943 5121 1084 5198; x_wconf 91' lang='lat' dir='ltr'><strong>petebat.</strong></span> <span class='ocrx_word' id='word_1_633' title='bbox 1102 5119 1196 5181; x_wconf 90' lang='lat' dir='ltr'><strong>Unde</strong></span> <span class='ocrx_word' id='word_1_634' title='bbox 1215 5117 1251 5178; x_wconf 91' lang='lat' dir='ltr'><strong>in</strong></span> <span class='ocrx_word' id='word_1_635' title='bbox 1268 5117 1394 5194; x_wconf 90' lang='lat' dir='ltr'><strong>psalmo</strong></span> <span class='ocrx_word' id='word_1_636' title='bbox 1412 5139 1420 5176; x_wconf 75' lang='grc' dir='ltr'><strong><em>ε</em></strong></span> <span class='ocrx_word' id='word_1_637' title='bbox 1438 5120 1529 5179; x_wconf 80' lang='lat' dir='ltr'><strong>Oculi</strong></span> <span class='ocrx_word' id='word_1_638' title='bbox 1550 5118 1619 5176; x_wconf 80' lang='lat' dir='ltr'><strong>mci</strong></span> <span class='ocrx_word' id='word_1_639' title='bbox 1637 5129 1744 5189; x_wconf 81' lang='lat' dir='ltr'><strong>super</strong></span> 
     </span>
     <span class='ocr_line' id='line_1_62' title="bbox 943 5215 1741 5291; baseline -0.009 -11"><span class='ocrx_word' id='word_1_640' title='bbox 943 5220 1058 5291; x_wconf 80' lang='lat' dir='ltr'><strong>fideles</strong></span> <span class='ocrx_word' id='word_1_641' title='bbox 1090 5218 1215 5291; x_wconf 81' lang='lat' dir='ltr'><strong>terrae,</strong></span> <span class='ocrx_word' id='word_1_642' title='bbox 1252 5217 1291 5278; x_wconf 83' lang='lat' dir='ltr'><strong>ut</strong></span> <span class='ocrx_word' id='word_1_643' title='bbox 1324 5215 1467 5277; x_wconf 82' lang='lat' dir='ltr'><strong>sedeant</strong></span> <span class='ocrx_word' id='word_1_644' title='bbox 1500 5217 1536 5276; x_wconf 81' lang='lat' dir='ltr'><strong>et</strong></span> <span class='ocrx_word' id='word_1_645' title='bbox 1569 5229 1741 5275; x_wconf 84' lang='lat' dir='ltr'><strong>mecum...</strong></span> 
     </span>
     <span class='ocr_line' id='line_1_63' title="bbox 945 5311 1744 5398; baseline -0.013 -19"><span class='ocrx_word' id='word_1_646' title='bbox 945 5315 1014 5398; x_wconf 90' lang='lat' dir='ltr'><strong>(Ps.</strong></span> <span class='ocrx_word' id='word_1_647' title='bbox 1047 5317 1120 5388; x_wconf 86' lang='lat'><strong>100,</strong></span> <span class='ocrx_word' id='word_1_648' title='bbox 1154 5315 1200 5394; x_wconf 88' lang='grc'><strong>6).</strong></span> <span class='ocrx_word' id='word_1_649' title='bbox 1231 5313 1413 5391; x_wconf 87' lang='lat' dir='ltr'><strong>Respondit</strong></span> <span class='ocrx_word' id='word_1_650' title='bbox 1440 5315 1538 5375; x_wconf 79' lang='lat' dir='ltr'><strong>lesus</strong></span> <span class='ocrx_word' id='word_1_651' title='bbox 1568 5311 1657 5382; x_wconf 80' lang='lat' dir='ltr'><strong>filiis,</strong></span> <span class='ocrx_word' id='word_1_652' title='bbox 1676 5326 1744 5371; x_wconf 90' lang='lat' dir='ltr'><strong>non</strong></span> 
     </span>
     <span class='ocr_line' id='line_1_64' title="bbox 944 5407 1741 5488; baseline -0.008 -12"><span class='ocrx_word' id='word_1_653' title='bbox 944 5415 1071 5479; x_wconf 80' lang='lat' dir='ltr'><strong>matri:</strong></span> <span class='ocrx_word' id='word_1_654' title='bbox 1091 5414 1242 5476; x_wconf 87' lang='lat' dir='ltr'><strong>Nescitis</strong></span> <span class='ocrx_word' id='word_1_655' title='bbox 1265 5415 1345 5486; x_wconf 83' lang='lat' dir='ltr'><strong>quid</strong></span> <span class='ocrx_word' id='word_1_656' title='bbox 1368 5410 1497 5485; x_wconf 84' lang='lat' dir='ltr'><strong>petatis</strong></span> <span class='ocrx_word' id='word_1_657' title='bbox 1523 5407 1655 5488; x_wconf 89' lang='lat' dir='ltr'><strong>(Matth.</strong></span> <span class='ocrx_word' id='word_1_658' title='bbox 1682 5423 1741 5480; x_wconf 81' lang='lat' dir='ltr'><strong>xx,</strong></span> 
     </span>
     <span class='ocr_line' id='line_1_65' title="bbox 943 5507 1744 5592; baseline -0.011 -17"><span class='ocrx_word' id='word_1_659' title='bbox 943 5513 1008 5592; x_wconf 82' lang='lat'><strong>22).</strong></span> <span class='ocrx_word' id='word_1_660' title='bbox 1040 5515 1148 5583; x_wconf 87' lang='lat' dir='ltr'><strong>Quare</strong></span> <span class='ocrx_word' id='word_1_661' title='bbox 1177 5508 1348 5588; x_wconf 88' lang='lat' dir='ltr'><strong>respondit</strong></span> <span class='ocrx_word' id='word_1_662' title='bbox 1377 5507 1456 5568; x_wconf 92' lang='lat' dir='ltr'><strong>filiis</strong></span> <span class='ocrx_word' id='word_1_663' title='bbox 1484 5507 1517 5568; x_wconf 92' lang='lat' dir='ltr'><strong>et</strong></span> <span class='ocrx_word' id='word_1_664' title='bbox 1543 5522 1608 5567; x_wconf 94' lang='lat' dir='ltr'><strong>non</strong></span> <span class='ocrx_word' id='word_1_665' title='bbox 1625 5507 1744 5567; x_wconf 84' lang='lat' dir='ltr'><strong>metrii</strong></span> 
     </span>
     <span class='ocr_line' id='line_1_66' title="bbox 945 5595 1740 5684; baseline -0.013 -12"><span class='ocrx_word' id='word_1_666' title='bbox 945 5611 1027 5683; x_wconf 89' lang='lat' dir='ltr'><strong>Quia</strong></span> <span class='ocrx_word' id='word_1_667' title='bbox 1043 5610 1150 5671; x_wconf 89' lang='lat' dir='ltr'><strong>mater</strong></span> <span class='ocrx_word' id='word_1_668' title='bbox 1159 5609 1201 5670; x_wconf 88' lang='lat' dir='ltr'><strong>ad</strong></span> <span class='ocrx_word' id='word_1_669' title='bbox 1214 5595 1462 5684; x_wconf 85' lang='lat' dir='ltr'><strong>instigationem</strong></span> <span class='ocrx_word' id='word_1_670' title='bbox 1477 5605 1622 5666; x_wconf 88' lang='lat' dir='ltr'><strong>tiliorum</strong></span> <span class='ocrx_word' id='word_1_671' title='bbox 1635 5603 1740 5682; x_wconf 88' lang='lat' dir='ltr'><strong>petiit.</strong></span> 
     </span>
     <span class='ocr_line' id='line_1_67' title="bbox 944 5701 1742 5788; baseline -0.013 -16"><span class='ocrx_word' id='word_1_672' title='bbox 944 5711 983 5772; x_wconf 86' lang='lat' dir='ltr'><strong>Et</strong></span> <span class='ocrx_word' id='word_1_673' title='bbox 998 5709 1075 5788; x_wconf 89' lang='lat' dir='ltr'><strong>quia</strong></span> <span class='ocrx_word' id='word_1_674' title='bbox 1089 5708 1208 5771; x_wconf 90' lang='lat' dir='ltr'><strong>mulier</strong></span> <span class='ocrx_word' id='word_1_675' title='bbox 1220 5705 1349 5783; x_wconf 83' lang='lat' dir='ltr'><strong>fragilis</strong></span> <span class='ocrx_word' id='word_1_676' title='bbox 1364 5703 1446 5774; x_wconf 85' lang='lat' dir='ltr'><strong>erat,</strong></span> <span class='ocrx_word' id='word_1_677' title='bbox 1464 5702 1570 5766; x_wconf 92' lang='lat' dir='ltr'><strong>noluit</strong></span> <span class='ocrx_word' id='word_1_678' title='bbox 1585 5702 1616 5764; x_wconf 94' lang='lat' dir='ltr'><strong>ei</strong></span> <span class='ocrx_word' id='word_1_679' title='bbox 1631 5701 1742 5763; x_wconf 89' lang='lat' dir='ltr'><strong>facere</strong></span> 
     </span>
    </p>
   </div>
   <div class='ocr_carea' id='block_1_6' title="bbox 0 0 2015 6324">
    <p class='ocr_par' dir='ltr' id='par_1_6' title="bbox 0 0 2015 6324">
     <span class='ocr_line' id='line_1_68' title="bbox 0 0 2015 6324; baseline 0 0"><span class='ocrx_word' id='word_1_680' title='bbox 0 0 2015 6324; x_wconf 95' lang='lat' dir='ltr'><strong> </strong></span> 
     </span>
    </p>
   </div>
  </div>
 </body>
</html>
