3936 6318
58 389 107 448 an
468 389 554 452 xxi.
570 389 669 452 -ΙΝ
693 391 821 453 resno
845 371 994 454 sanum
1008 395 1256 462 -nnonanrn
1624 401 1686 462 aa

58 547 131 618 sivit,
148 545 223 623 qnia
245 545 351 612 donec
362 549 501 612 mortem
520 550 676 627 gristarit,
692 549 834 614 tructam
890 568 987 632 quam
1014 555 1126 618 tamen
1142 555 1240 635 culpa
1258 555 1448 632 remittitur,
1466 555 1523 622 sed
1545 560 1687 622 remissa

58 644 275 720 redemptionis
288 645 442 709 humanae
455 664 521 710 non
536 649 685 726 perfecit,
695 650 751 712 sed
768 667 837 712 mo·
889 653 1059 731 purgatur.
1075 657 1101 716 Ο
1120 653 1236 717 beatus
1251 657 1455 733 paupertatis
1469 657 1632 731 infernus
1649 659 1686 719 in

58 743 158 804 riendc
181 742 323 805 tructam
350 760 393 805 ex
419 761 455 807 se
483 745 728 824 multiplicavit,
757 749 833 826 quia
889 767 953 828 quo
976 751 1125 814 Christus
1147 755 1244 816 natus
1266 754 1370 816 estet
1394 755 1550 828 nutritus,
1565 756 1598 818 et
1618 756 1685 818 du-

59 857 154 902 omnes
167 840 207 902 ad
222 841 327 903 vitam
340 843 499 905 aeternam
512 845 766 921 praedostinatos
778 863 835 908 re-
889 848 965 910 dum
980 849 1043 911 tuit
1061 850 1096 912 in
1111 866 1213 913 carne
1229 854 1457 915 conversatus.
1474 854 1512 915 In
1532 868 1596 930 quo
1618 870 1685 916 non

59 939 312 1001 demitSioutait
330 941 363 1000 in
377 941 834 1008 EcclesiasticosPcnetrobo
889 947 994 1008 solum
1021 947 1191 1010 descendit
1217 953 1254 1010 ut
1281 965 1359 1012 suos
1397 951 1597 1024 extraheret,
1627 949 1711 1013 sed'

58 1040 221 1110 auream
237 1039 741 1117 mercedemmercederm
760 1058 835 1104 om-
888 1044 1019 1122 quidem
1045 1046 1135 1108 dedit
1159 1048 1385 1124 semetipsum,
1401 1048 1438 1109 ut
1458 1065 1518 1110 nos
1543 1049 1687 1125 eriperet

58 1137 332 1209 restormteretes,
349 1137 595 1200 et-tltumtaabo
621 1153 740 1203 omncs
753 1156 835 1216 spe·
887 1141 928 1202 de
940 1143 1097 1218 praesenti
1109 1144 1232 1205 saeculo
1244 1144 1564 1222 nequities.Quodde
1576 1161 1686 1208 massa

56 1234 157 1294 rentes
177 1237 215 1294 ia
236 1239 310 1295 Deo
336 1232 450 1314 (Ecoli.
472 1252 567 1309 xxiv,
593 1235 659 1317 45).
683 1238 833 1300 Christus
887 1239 1091 1316 perditorum
1117 1242 1278 1318 segregat,
1309 1241 1356 1303 ibi
1384 1244 1545 1318 aggregat
1578 1242 1683 1304 donec

56 1329 202 1392 descendit
228 1331 265 1394 in
289 1331 465 1396 interiores
485 1335 597 1412 partes
613 1337 721 1408 terrae,
735 1336 831 1410 idest,
887 1337 1051 1400 extrahat.
1069 1340 1107 1400 ln
1119 1338 1182 1401 hoc
1201 1339 1333 1402 inferno
1348 1341 1427 1402 sunt
1447 1339 1684 1401 adolescentu-

55 1429 84 1488 in
103 1427 237 1503 interno,
257 1433 291 1492 θῖ
308 1431 456 1508 inspexit
478 1448 593 1494 omnes
618 1433 830 1508 dormientes
887 1434 928 1496 lae
945 1451 1049 1508 novae,
1063 1435 1220 1499 videlicet
1233 1436 1403 1499 initiantes
1421 1436 1541 1500 animae
1559 1439 1685 1515 Juven-

54 1526 134 1596 idest,
145 1542 259 1590 omnes
275 1530 422 1590 mortuos
443 1530 499 1607 qui
514 1532 610 1593 erant
623 1531 659 1592 in
672 1532 830 1606 tenebris,
887 1531 982 1606 ciilae,
999 1532 1146 1610 protecto
1159 1535 1412 1612 tympanistriae,
1426 1551 1508 1613 quas
1518 1535 1686 1612 principes

53 1625 82 1685 et
101 1625 298 1688 illuminavit
329 1642 444 1688 omnes
473 1628 644 1704 sperantes
682 1630 717 1692 in
751 1632 832 1705 Deo,
887 1630 1031 1706 angelici
1056 1633 1264 1708 praeveniunt
1284 1631 1320 1693 in
1345 1631 1505 1709 cymbalis
1530 1631 1615 1694 bene
1630 1648 1687 1694 so-

53 1721 135 1795 idest,
150 1737 264 1785 omues
287 1723 412 1797 fideles,
434 1725 491 1804 qui
512 1725 645 1790 fuerant
669 1726 710 1788 ab
735 1728 833 1792 initio
887 1729 1055 1802 nantibus,
1073 1730 1107 1791 θῖ
1118 1729 1367 1807 subsequuntur
1380 1730 1414 1790 in
1429 1729 1589 1808 cymbalis
1597 1729 1686 1809 Jubi·

54 1821 150 1880 mnndi
164 1837 268 1899 usque
282 1822 324 1883 ad
344 1820 538 1885 descensum
560 1825 667 1901 ipsius
681 1827 722 1887 ad
740 1826 832 1888 inie-
887 1827 1033 1889 lationis.
1049 1829 1085 1888 ln
1098 1827 1176 1888 aliis
1192 1827 1354 1904 siquidem
1365 1827 1505 1890 internis
1518 1827 1682 1902 homines,

53 1933 107 1990 ros,
122 1921 153 1980 et
175 1919 291 1981 eduxit
316 1935 374 1982 eos
399 1921 440 1982 de
464 1921 609 1984 tenebris
639 1923 761 1987 interni
790 1925 831 1987 ad
886 1924 943 1986 sed
978 1925 1015 1986 in
1050 1924 1114 1987 isto
1144 1924 1310 1987 daemones
1342 1925 1384 1988 ad
1419 1941 1566 2003 praesens
1601 1942 1683 1988 cru·

52 2015 143 2077 lucem
156 2033 282 2090 reram,
294 2035 381 2097 quos
390 2019 508 2096 dignos
520 2020 746 2098 redemptione
754 2039 833 2099 pas-
886 2022 1028 2085 cientur.

51 2115 139 2175 sionis
172 2116 311 2178 invenit
342 2117 437 2179 Unde
463 2117 580 2180 heatus
611 2119 829 2185 Ambrosius:
925 2121 1098 2184 Moraliter
1122 2122 1231 2200 potest
1253 2121 1294 2185 de
1309 2137 1508 2201 unoquoque
1531 2123 1682 2185 ausuum

51 2213 161 2273 «Nihil
184 2213 281 2275 nobis
305 2215 398 2276 nasci
412 2216 619 2290 contulisset,
633 2217 699 2282 nisi
712 2219 831 2280 redimi
885 2219 1039 2296 intelligi.
1057 2221 1182 2298 Corpus
1206 2219 1284 2282 boni
1309 2220 1485 2300 cujuslibet
1507 2220 1684 2291 christiani

48 2311 211 2386 profuisset
233 2329 263 2385 a,
284 2312 440 2390 quoniam
469 2315 547 2378 ante
570 2314 830 2393 redemptionem
884 2316 936 2377 est
956 2317 1052 2394 quasi
1072 2332 1213 2393 granum
1228 2317 1397 2390 humenti,
1414 2317 1512 2394 quod,
1536 2317 1612 2378 dum
1628 2333 1684 2379 se-

49 2408 277 2473 descsndehant
290 2411 442 2474 homines
455 2411 496 2474 ad
511 2411 689 2476 internum.
884 2413 1016 2491 pelitur,
1030 2415 1223 2487 seminatur,
1233 2415 1320 2476 idest
1332 2413 1472 2476 moritur
1484 2414 1519 2475 in
1532 2415 1681 2491 pulvere,

80 2507 206 2584 Triplex
216 2507 436 2572 estinternus.
447 2510 542 2573 Alius
554 2512 827 2589 consumptionis,
885 2512 920 2573 ut
934 2512 1100 2588 gloriosus
1115 2513 1332 2588 conresurget
1352 2512 1387 2573 in
1402 2528 1521 2585 messa,
1533 2511 1630 2584 idest,
1644 2511 1680 2574 in

49 2603 96 2664 ubi
108 2607 154 2667 est
164 2606 254 2683 ignis
266 2607 321 2685 qui
340 2623 519 2685 numquam
533 2609 684 2683 moritur,
695 2611 728 2672 at
741 2611 829 2690 ignis
883 2609 1001 2686 gloria.
1013 2610 1134 2672 Messis
1148 2611 1200 2672 est
1210 2610 1450 2672 consummatio
1459 2610 1583 2672 saeculi.
1596 2612 1682 2672 Mes·

49 2703 95 2778 qui
115 2720 292 2783 numquam
311 2706 527 2782 extinguitur,
544 2706 579 2768 in
594 2722 659 2784 quo
673 2707 765 2770 nulla
780 2710 830 2772 est
884 2723 977 2770 sores
988 2708 1110 2786 angeli,
1127 2708 1185 2786 qui
1201 2707 1299 2781 talce,
1311 2707 1408 2782 idest,
1420 2707 1615 2786 Deijudicio
1627 2707 1682 2770 vel

50 2801 224 2880 redemptio.
254 2803 348 2870 Alius
377 2805 428 2866 est
452 2804 602 2870 internus
628 2807 829 2884 expiationis
883 2806 1047 2870 sententia
1059 2805 1309 2882 congregabunt
1318 2805 1421 2868 bonos
1434 2806 1476 2867 ad
1486 2806 1600 2878 vitam,
1609 2821 1683 2868 ma-

53 2899 98 2974 qui
112 2901 284 2978 deputatus
299 2905 350 2964 est
361 2901 535 2966 animabus
557 2887 739 3005 purgandis
756 2908 830 2983 post
883 2901 933 2966 los
945 2904 986 2966 ad
1006 2903 1225 2981 perditionem
1240 2905 1409 2966 aeternam.
1427 2903 1520 2966 Unde
1535 2905 1680 2981 Aposto-

54 2999 180 3059 mortem.
196 2999 292 3063 Alius
307 2999 457 3062 internus
475 3001 664 3074 afflictionis
680 3019 827 3082 pauper·
882 3001 935 3064 lus
950 3023 959 3063 ε
974 3002 1176 3064 seminatur
1199 3005 1237 3064 to
1256 3002 1489 3076 corruptione,
1502 3003 1623 3076 serpet
1643 3005 1681 3064 tn

50 3095 99 3166 tas,
118 3097 271 3160 videlicet
290 3089 544 3172 voluntariarin
566 3116 631 3177 qua
655 3101 827 3167 abrenun·
883 3100 1152 3174 incorruptione.
1177 3099 1380 3161 semenator
1398 3103 1436 3161 tn
1460 3099 1678 3172 infimitate,

49 3192 153 3256 tientes
177 3195 301 3258 saeculo
327 3196 476 3274 affligere
508 3197 664 3260 debemus
699 3199 827 3266 animas
881 3196 1058 3273 surpatio
1081 3197 1211 3258 virtute
1229 3194 1259 3275 (i
1278 3197 1351 3256 Gor.
1371 3212 1427 3268 xv,
1444 3197 1495 3268 42,
1511 3194 1576 3275 43).
1593 3197 1679 3257 Nam

49 3295 226 3366 nostras,ut
249 3310 418 3369 sanemur,
442 3311 503 3358 nec
521 3297 733 3361 transeamus
755 3299 829 3376 post
882 3309 1003 3372 corpus
1029 3293 1175 3355 hominis
1203 3293 1289 3372 quod
1317 3293 1497 3366 infirmum,
1519 3309 1621 3370 grave
1647 3295 1680 3356 et

47 3393 170 3452 mortem
186 3391 227 3454 ad
249 3393 425 3471 jndioium,
442 3393 556 3456 sedda
577 3396 683 3458 morte
705 3396 746 3457 ad
770 3397 826 3458 vi·
882 3391 1029 3468 ignobile
1045 3392 1214 3469 sepelitur,
1227 3391 1330 3453 multa
1343 3392 1478 3462 vimmo,
1495 3391 1678 3468 celeritate,

46 3489 111 3548 tan.
127 3491 163 3550 ln
178 3489 242 3552 hoo
256 3490 388 3552 interno
403 3491 538 3568 ponitur
560 3493 710 3571 quisquis
725 3493 826 3554 abre·
881 3489 989 3566 gloria
1017 3490 1052 3552 in
1078 3490 1322 3553 resurrectione
1347 3489 1624 3566 magnificabitur,
1646 3492 1680 3552 et

46 3587 188 3648 nuntians
202 3588 348 3665 propriis
362 3588 587 3667 voluptatibus
598 3591 720 3664 caruis,
737 3607 824 3654 mor·
881 3587 960 3652 tunc
972 3588 1091 3652 afferet
1104 3588 1244 3652 multum
1258 3585 1400 3649 lruotum
1413 3588 1529 3664 gloriae
1544 3588 1679 3649 virtutis

45 3681 133 3745 libeat
148 3683 297 3746 membra
312 3701 372 3746 sua
392 3702 464 3763 quae
485 3687 562 3748 sunt
575 3702 675 3764 super
690 3689 825 3762 terram,
882 3686 953 3746 Dei.
981 3686 1073 3747 Sicut
1099 3701 1178 3762 ergo
1202 3701 1354 3761 granum,
1380 3685 1553 3763 postquam
1578 3684 1679 3747 luerit

47 3781 135 3855 magis
159 3781 491 3859 eligensaffligicum
507 3785 628 3862 populo
645 3786 827 3863 nonquam
882 3785 1058 3856 mortuum,
1073 3783 1191 3859 recipit
1210 3798 1330 3845 novam
1352 3782 1492 3844 sormam
1514 3783 1550 3843 in
1573 3781 1676 3860 spica,

45 3877 222 3955 temporalis
257 3880 385 3957 peccati
418 3880 541 3943 habere
571 3882 825 3959 jucunditatem.
881 3879 928 3942 ita
944 3895 1064 3958 eorpus
1084 3879 1259 3945 christiani
1273 3880 1310 3941 in
1328 3880 1574 3947 resurrectione
1587 3880 1679 3941 reci-

44 3975 94 4044 Qui
112 3993 192 4054 ergo
207 3977 242 4039 io
258 3977 348 4042 hunc
363 3977 529 4044 internum
544 3977 746 4046 descendere
760 3997 827 4046 non
881 3978 950 4056 piet
963 3994 1085 4040 novam
1107 3978 1248 4042 formam
1270 3979 1303 4040 et
1323 3994 1444 4040 novum
1469 3978 1678 4055 splendorem

44 4077 131 4146 curat,
157 4075 269 4137 adhuc
294 4076 330 4137 in
353 4077 606 4154 carnepositus,
631 4078 667 4140 in
686 4079 827 4142 alterum
882 4075 915 4137 et
942 4092 1063 4138 noram
1079 4076 1232 4152 gloriam.
1252 4076 1366 4138 Potest
1386 4092 1515 4154 quoque
1539 4076 1580 4137 de
1595 4091 1680 4137 uno-

43 4167 167 4234 duorum
192 4173 339 4250 proiecto
367 4174 554 4245 descendet,
570 4175 629 4238 rix
649 4177 707 4237 aut
730 4192 828 4238 num·
882 4190 1012 4252 quoque
1026 4174 1173 4252 martyre
1194 4174 1336 4251 intelligi
1351 4173 1581 4252 spiritualiter.
1598 4175 1679 4234 Cum

43 4284 137 4344 quam,
164 4271 428 4349 redemptionem
460 4272 669 4335 inventurus.
695 4274 826 4336 Primus
882 4271 971 4332 enim
986 4271 1124 4351 quilibet
1150 4274 1275 4350 martyr
1296 4288 1356 4350 pro
1371 4273 1501 4346 Christo
1521 4272 1680 4349 semetip-

44 4365 180 4430 internus
196 4371 247 4431 est
266 4371 445 4443 exactoris,
458 4371 535 4448 quia
557 4372 592 4432 in
620 4387 660 4434 eo
681 4373 829 4448 exigitur
882 4385 955 4430 sum
972 4370 1110 4436 tradidit
1131 4370 1290 4448 passioni,
1305 4371 1443 4434 multum
1466 4369 1610 4432 fructum
1624 4371 1679 4430 at-

44 4479 132 4542 nsque
145 4467 189 4528 ad
202 4468 421 4530 novissimum
436 4468 665 4546 quadrantem,
682 4469 714 4532 et
729 4485 825 4548 poena
881 4466 968 4540 tulit,
990 4469 1068 4545 qnia
1097 4469 1218 4545 pagani
1243 4468 1394 4530 ridentes
1420 4467 1577 4545 patientis
1598 4483 1680 4529 con-

43 4565 99 4636 ejus
115 4564 395 4640 interminabilis;
410 4567 447 4627 ut
466 4566 587 4645 quippe
604 4567 689 4628 nihil
704 4569 824 4630 remit·
882 4566 1050 4638 stantiam,
1065 4567 1098 4630 et
1114 4582 1174 4644 per
1190 4566 1300 4643 ipsum
1321 4565 1500 4642 martyrem
1516 4565 1679 4626 miracula

42 4659 123 4734 tatur,
133 4678 318 4741 numquam
328 4663 427 4726 finem
435 4663 586 4727 inveniat
594 4665 826 4743 exactio,quia
882 4663 1317 4740 salvatoris.g10rincantes
1338 4663 1516 4736 Christum,
1533 4678 1678 4725 conver-

42 4755 147 4834 iujuria
170 4762 232 4822 Dei
256 4777 387 4839 semper
401 4761 584 4829 ulciscitur.
598 4763 690 4826 Adeo
714 4763 824 4842 siqui·
880 4763 1036 4826 tebantur
1056 4761 1097 4822 ad
1120 4761 1239 4838 ipsum,
1255 4763 1288 4823 et
1309 4761 1490 4826 Christiani
1516 4761 1573 4839 qui
1599 4761 1679 4822 tuno

42 4851 99 4918 iem
112 4857 277 4921 horribile
291 4863 342 4922 est
354 4875 413 4937 per
426 4859 686 4924 inobedientiam
701 4861 826 4924 inierre
881 4864 987 4934 erant,
1002 4858 1274 4922 confortabantur
1286 4859 1321 4924 in
1334 4857 1464 4922 melius.
1475 4860 1515 4922 nt
1527 4859 1574 4921 ita
1589 4875 1681 4920 mar-

42 4957 475 5030 rontrrnreliamtireatori,ut
484 4959 576 5020 nulla
587 4975 683 5036 poeua
696 4960 824 5037 expiari
880 4959 944 5037 tyr,
962 4959 1019 5036 qui
1042 4958 1132 5020 solus
1145 4956 1284 5020 cedebat
1297 4957 1333 5021 in
1351 4958 1453 5030 terra,
1467 4975 1526 5036 per
1545 4958 1678 5020 dolores

41 5056 130 5128 queat,
159 5056 228 5119 nisi
257 5057 328 5134 ipse
353 5057 510 5122 remittat.
539 5058 631 5130 Quod
656 5059 691 5120 in
717 5059 824 5136 prima
879 5057 1131 5127 tormentorum,
1149 5055 1287 5117 multum
1310 5054 1452 5118 fructum
1468 5055 1676 5118 afferebatin

7 5221 8 5224 Ἴ
40 5151 291 5230 transgressione
323 5155 449 5234 liquido
480 5157 629 5235 apparet.
662 5159 728 5220 Pro
760 5175 824 5236 qua
880 5155 945 5217 lide
955 5168 1192 5242 conversorum
1204 5168 1422 5230 paganorum.

7 5325 8 5328 Ἴ
41 5249 122 5313 etiam
150 5251 310 5323 intentas,
339 5253 459 5331 quibus
486 5255 521 5316 in
549 5254 712 5332 baptismo
739 5255 824 5320 nihil
920 5252 1681 5330 Sequitur:Qutamataotmcmsuompordct

7 5335 8 5362 ¹
40 5349 214 5422 remittitur,
225 5351 263 5412 in
277 5351 438 5413 aternum
450 5353 663 5416 damnantur.
879 5366 957 5413 com
972 5349 1066 5430 (Luc.
1083 5365 1131 5422 rx,
1148 5347 1214 5429 24).
1232 5350 1422 5428 tripliciter
1435 5350 1548 5410 amant
1565 5349 1678 5411 homi-

7 5387 9 5490 ,
71 5449 236 5510 Secundam
251 5452 304 5512 est
324 5451 549 5526 purgatorius,
566 5451 685 5515 tertius
700 5451 823 5514 remis·
879 5447 1080 5513 uesanimas
1095 5463 1183 5520 suas,
1201 5449 1234 5510 θῖ
1252 5447 1376 5508 idcirco
1401 5445 1542 5523 perdunt
1560 5463 1619 5508 eas
1644 5447 1679 5508 in

7 5535 9 5592 l
41 5545 143 5618 scrius,
160 5547 198 5608 in
223 5561 288 5624 quo
313 5546 482 5611 nimirum.
509 5547 587 5626 quia
612 5547 823 5610 voluntarius
879 5546 1072 5614 honoribus,
1096 5546 1132 5606 in
1158 5545 1284 5607 divitiis
1308 5544 1389 5606 etin
1403 5543 1543 5606 deliciis.
1565 5546 1602 5605 In
1618 5544 1681 5605 ho-

7 5593 9 5716 l
42 5644 87 5712 est,
102 5659 189 5723 saepe
214 5647 248 5706 et
270 5659 369 5723 poena
396 5646 429 5707 et
453 5644 551 5724 culpa
576 5646 766 5709 remittitur.
787 5648 823 5709 ln
879 5643 1015 5708 northus
1030 5643 1209 5715 ambitiosi,
1222 5643 1258 5704 in
1278 5641 1403 5704 divitiis
1415 5642 1521 5713 avari,
1535 5641 1571 5703 in
1586 5641 1674 5703 deli-

43 5744 169 5805 serundo
189 5758 270 5805 sero
295 5742 358 5807 etsi
377 5742 575 5824 quandoque
597 5759 706 5824 poena,
722 5760 823 5816 num·
847 5771 853 5843 ι
878 5741 940 5807 ciis
959 5741 1161 5820 voluptuosi.
1187 5739 1361 5802 ambitiosi
1388 5740 1531 5817 perdunt
1548 5738 1679 5846 animas
