3986 6304
98 309 148 374 tot

132 469 373 534 Etsihactenus
386 469 883 544 habuerittsrelamenmalitiae,

96 585 165 632 cum
184 568 412 630 contractare
427 568 595 632 memoriae
617 568 803 632 Johaunem
824 585 883 631 re-

96 683 166 744 gem
196 666 378 742 anglorum
411 666 580 728 dominum
612 668 757 729 uestrum
790 682 884 730 arma

95 779 206 842 gerere
221 763 391 836 dicebatis
409 765 628 841 proponentes
649 764 757 844 ipsum
772 764 883 842 impo-

96 863 199 924 suisse
213 861 307 924 uobis
324 864 442 939 jugum
465 861 676 924 intolerabile
700 863 881 937 servitutis

92 963 157 1038 Jam
167 975 256 1022 nunc
268 959 515 1021 excusationem
524 959 647 1022 habere
656 977 722 1023 non
732 961 884 1038 poteritis

94 1058 125 1118 in
139 1056 297 1134 peccatis
311 1072 371 1118 nec
384 1058 495 1119 notam
507 1058 704 1135 proditionis
719 1075 884 1136 quoquam

94 1155 411 1227 uelamentovelare,
432 1155 497 1216 nisi
519 1156 560 1217 ad
585 1156 776 1218 fidelitatem
792 1157 882 1218 tilio·

93 1253 172 1331 rum}
185 1255 274 1330 ejus,
297 1253 354 1330 qui
375 1268 434 1314 vos
453 1252 643 1316 nullatenus
663 1255 881 1327 offenderunt,

92 1351 242 1428 protinus
257 1349 410 1422 redeatis,
427 1367 501 1412 curn
519 1353 670 1414 cessante
688 1369 801 1426 causa,
816 1369 884 1414 ces·

94 1465 166 1510 sare
182 1447 301 1509 debeat
314 1449 347 1508 et
356 1447 503 1510 effectus.
518 1451 694 1512 tamenim
709 1467 775 1512 non
789 1451 884 1512 uide-

91 1545 208 1608 bimini
222 1545 298 1607 odio
312 1545 471 1608 habuisse
484 1562 670 1624 personam,
685 1563 725 1610 ac
739 1551 884 1612 vestram

91 1645 248 1721 injuriam
267 1643 431 1720 repulisse
451 1647 703 1724 persequentem
725 1647 885 1725 quodam-

91 1742 186 1804 modo
214 1742 457 1820 persequendo,
490 1743 548 1804 sed
578 1745 687 1821 potius
723 1745 884 1807 malitiam

91 1840 311 1917 excogitatam
324 1839 456 1912 sectari,
471 1841 499 1902 si
513 1841 661 1920 ejusdem
672 1842 761 1918 regis
776 1859 885 1920 perse-

91 1935 232 2016 q'uimini
262 1938 348 2000 filios
375 1939 579 2013 innocentes
608 1957 690 2018 quos
721 1939 884 2002 deberetis

91 2036 267 2098 defendere
292 2037 414 2114 potius,
441 2037 474 2098 et
488 2037 615 2114 lovere3
642 2037 761 2115 quibus
780 2039 884 2117 patris

91 2135 250 2212 iniquitas
264 2133 382 2196 obesse
396 2151 462 2196 non
477 2134 583 2208 debet,
607 2151 681 2197 cum
691 2137 789 2214 Juxta
802 2153 883 2198 ver-

92 2232 165 2295 bum
178 2233 325 2306 Domini,
337 2249 399 2294 nec
410 2234 506 2310 pater
515 2233 586 2306 filii,
604 2250 665 2296 nec
679 2234 768 2296 tilius
780 2235 896 2312 patris·

92 2329 208 2392 debeat
217 2331 426 2409 iniquitatem
433 2333 576 2408 portare,
589 2332 647 2393 sed
655 2333 763 2409 potius
774 2332 885 2394 anima

93 2445 161 2505 quae
177 2429 337 2506 peccarit.
354 2429 510 2492 Volentes
529 2429 631 2506 igitur
651 2430 770 2492 vestrae
786 2431 885 2492 saluti

93 2527 276 2600 consulere,
298 2527 396 2604 atque
417 2527 524 2600 lamae,
543 2531 638 2606 cujus
657 2531 728 2605 jam
752 2527 887 2606 dispen-

92 2623 180 2685 dium
197 2624 385 2686 incurristis
406 2625 440 2687 et
458 2625 592 2702 pupillis
614 2625 738 2688 eisdem
757 2627 885 2688 nihilo-

94 2722 202 2783 minus
217 2723 316 2799 prout
328 2723 370 2782 ad
393 2723 542 2784 nostrum
565 2723 710 2804 osticium
732 2723 884 2801 pertinet,

95 2821 695 2894 occurrere3universitatemvestram
703 2837 884 2895 monemus,

94 2918 320 2991 exhortamur,
338 2921 369 2980 et
382 2918 592 2980 obsecramus
605 2918 639 2979 in
651 2919 781 2982 Christo
794 2922 885 2992 Jesu,

95 3016 147 3092 qui
161 3017 326 3079 uenturus
341 3016 393 3078 est
402 3017 554 3094 jndicare
567 3017 660 3078 vivos
678 3018 711 3078 et
727 3017 885 3090 mortuos,

95 3114 328 3177 etredditurus
344 3114 522 3192 unicuique
532 3114 630 3192 juxta
653 3130 788 3178 suorum
809 3115 886 3178 exi-

94 3214 241 3288 gentiam
259 3213 469 3285 meritorum,
495 3213 668 3290 quatenus,
694 3213 784 3275 omni
803 3229 887 3276 ran-

95 3327 166 3372 core
180 3311 344 3388 deposito,
361 3309 401 3371 ad
417 3311 606 3371 eorumdem
621 3311 813 3374 fidelitatem
828 3327 887 3374 ce-

93 3407 209 3470 leriter
233 3407 388 3480 redeatis,
416 3409 450 3470 et
476 3409 649 3486 apponatis
672 3426 731 3472 vos
757 3425 888 3471 murum

94 3522 150 3583 pro
161 3507 213 3569 eis
222 3505 477 3567 ascendentibus
486 3507 686 3580 exadvers0,
699 3507 735 3569 ut
744 3508 886 3580 macula,

93 3621 191 3682 quam
208 3605 246 3665 in
259 3603 427 3666 fidelitatis
438 3604 557 3667 restrae
577 3605 717 3682 gloriam
729 3606 888 3683 posuistis

92 3703 253 3780 erigendo
262 3702 455 3764 calcaneum
465 3703 579 3764 contra
587 3704 726 3781 patrem,
738 3705 888 3782 protinus

93 3799 250 3863 abluatur
272 3801 307 3862 et
326 3799 447 3863 divinae
468 3801 651 3879 majestatis
673 3803 824 3881 expietur
837 3803 890 3866 ot·
971 3863 975 3868 .

93 3900 199 3962 tensa.
217 3900 286 3960 Nos
300 3898 398 3971 enim,
414 3898 450 3960 in
464 3903 558 3977 cujus
575 3901 727 3962 manibus
742 3903 774 3963 et
785 3901 888 3964 tutela

92 3996 178 4059 idem
194 4011 258 4057 rex
272 3996 306 4057 et
324 3995 457 4058 eosdem
470 3997 612 4074 pupillos
627 3998 762 4076 reliquit
780 3998 813 4060 et
829 4014 888 4060 re-

93 4111 206 4172 gnum,
237 4094 278 4154 de
302 4094 481 4156 securitate
502 4087 690 4158 omnimoda
713 4099 746 4158 et
768 4113 891 4174 grava-

93 4193 240 4254 minibus
269 4207 343 4269 quae
367 4207 426 4268 per
453 4191 593 4254 abusum
615 4193 655 4254 ab
678 4195 793 4255 eodem
811 4209 890 4271 rege

93 4289 186 4352 robis
210 4288 371 4350 dicebatis
389 4288 518 4363 inferri,
535 4290 670 4352 auctore
689 4293 827 4353 Domino
843 4292 891 4352 sic

94 4387 187 4449 vobis
202 4387 393 4449 curabimus
408 4387 593 4464 providere,
607 4389 691 4466 quod
705 4405 725 4450 a
738 4389 890 4451 cordibus

94 4487 216 4548 restris
232 4484 410 4562 crrjnslibet
431 4483 644 4548 dubitationis
666 4502 725 4547 seu
742 4486 891 4548 rancoris

95 4583 284 4661 scrupulus,
310 4583 344 4646 et
367 4581 497 4644 timoris
523 4583 675 4646 anxietas
695 4585 812 4646 merito
832 4601 893 4662 po-

94 4679 172 4743 terit
187 4679 349 4743 amoveri.
365 4679 521 4758 Alioquin
541 4681 618 4758 quia
633 4681 666 4742 id
682 4681 893 4744 dissimulare

95 4779 265 4840 amundo
297 4795 364 4840 non
386 4779 553 4852 valemus,
583 4796 657 4841 cnm
683 4781 805 4856 praeter
830 4779 893 4842 hoc

95 4878 183 4954 quod
203 4894 344 4954 regnum
368 4876 476 4954 ipsum
497 4877 548 4938 est
576 4877 775 4955 Apostolicae
798 4877 893 4938 Sedis

91 4976 193 5052 juria,
210 4975 411 5054 pupillorum
425 4990 539 5036 curam
561 4974 750 5051 specialiter
764 4990 892 5050 gerere,

95 5087 134 5134 ac
155 5075 209 5135 eis
227 5073 391 5152 jndicium
411 5073 443 5134 et
460 5072 624 5149 justitiam
648 5073 758 5134 facere
779 5073 896 5134 tenea-

95 5187 183 5244 mur,
199 5171 239 5233 ad
253 5170 479 5232 defensionem
493 5171 641 5247 ipsorum
656 5171 689 5232 et
707 5171 803 5247 regni
819 5187 894 5232 ma-

95 5285 159 5330 nus
170 5271 303 5330 nostras
316 5268 517 5346 inquantum
525 5268 683 5329 Dominus
695 5266 822 5330 dederit
836 5283 897 5330 ex-

95 5367 282 5439 tendemus,
297 5367 330 5428 et
344 5365 573 5428 invocabimus
588 5365 709 5426 coehun
723 5365 756 5427 et
772 5365 895 5428 terram

97 5465 215 5526 contra
228 5464 375 5526 vestram
395 5463 576 5541 nequitiam
591 5462 807 5524 obstinacem.
831 5466 899 5525 Da-

97 5561 166 5622 tum
182 5563 295 5624 Romae
310 5561 398 5638 apud
414 5561 571 5622 Sanctum
586 5560 897 5632 Petrum,knlendis

97 5656 295 5732 decembris
317 5657 528 5738 pontificatus
548 5659 652 5721 nostri
674 5674 762 5720 anno
777 5659 894 5736 primo.

730 309 958 376 aristeum.
981 311 1060 374 LIB.
1083 314 1108 374 1.

1275 483 1412 572 LXXV

1106 707 1158 766 Ad
1174 708 1266 768 ctocs
1280 711 1553 773 beneventanos.

1245 821 1256 878 l
1275 821 1337 881 dec.
1355 823 1432 884 titt.

1064 969 1195 1034 [Analecta
1207 972 1273 1037 J'uris
1284 975 1411 1026 Pontihcli
1420 978 1452 1028 ad
1464 991 1524 1029 ann.
1537 979 1618 1046 tarot.

938 1083 1053 1144 (livinus
1080 1089 1289 1148 Beneventanis
1315 1092 1372 1150 ait:
1402 1092 1506 1153 Civitas
1531 1098 1732 1156 Beneventano

973 1172 1136 1248 hujusmodi
1149 1179 1250 1251 gavisa
1264 1188 1309 1238 est
1321 1181 1462 1252 libertate,
1476 1184 1551 1256 quod
1561 1185 1733 1260 quicumque

973 1261 1127 1322 dummodo
1151 1266 1221 1324 liber
1244 1269 1332 1342 eligat
1359 1269 1564 1330 habitationem
1586 1275 1685 1347 ipsius,
1703 1283 1734 1333 et

973 1351 1055 1410 nobis
1063 1361 1091 1410 et
1100 1357 1236 1414 Ecclesiae
1245 1359 1381 1416 Romanae
1392 1359 1535 1420 fidelitatis
1545 1362 1678 1421 exhibeat
1683 1365 1731 1438 jn·

973 1451 1144 1514 ramentum,
1153 1447 1265 1504 censeri
1278 1446 1381 1506 debeat
1397 1449 1433 1508 ab
1448 1451 1581 1509 omnihus
1596 1450 1732 1525 tanquam

972 1529 1053 1590 civis.
1068 1533 1180 1592 Inhibet
1193 1550 1229 1592 ne
1242 1537 1306 1608 quis
1319 1552 1379 1607 eos,
1393 1539 1442 1611 qui
1457 1539 1494 1597 ad
1507 1541 1596 1614 ipsius
1610 1541 1733 1600 civitatis

975 1629 1121 1681 transeant
1147 1624 1311 1696 incolatum,
1332 1636 1487 1700 praesumat
1505 1631 1679 1704 compellere
1701 1639 1733 1691 ut

974 1714 1009 1772 ad
1024 1712 1215 1772 habitationes
1226 1714 1344 1774 redeant
1358 1715 1518 1777 derelictas.

978 1860 1156 1934 Honorius
1173 1861 1248 1935 etc,
1263 1861 1391 1926 civibus
1405 1864 1659 1926 Beneventanis.

979 1959 1090 2020 Cuma
1105 1959 1214 2036 longis
1225 1961 1314 2023 retro
1329 1961 1532 2038 temporibus
1545 1963 1663 2024 civitas
1675 1965 1734 2024 Be·

939 2059 1127 2119 neventana
1151 2058 1342 2136 hujusmodi
1365 2060 1482 2136 gavisa
1499 2060 1543 2122 sit
1566 2061 1730 2134 libertate,

940 2154 1026 2232 quod
1039 2156 1236 2234 quicumque
1248 2157 1359 2230 homo,
1374 2157 1549 2221 dummodo
1562 2159 1658 2232 liber,
1675 2160 1734 2220 eli-

939 2253 987 2329 git
1007 2252 1245 2316 habitationem
1265 2257 1347 2332 ejus,
1365 2257 1398 2318 et
1411 2256 1506 2317 nobis
1523 2257 1557 2318 et
1576 2257 1733 2319 Ecclesiae

940 2353 1099 2412 Romanae
1133 2351 1302 2414 fidelitatis
1334 2351 1470 2414 extubet
1505 2353 1733 2430 jnramentum

940 2450 1070 2510 censeri
1093 2449 1211 2511 debeat
1224 2449 1265 2510 ab
1285 2448 1437 2511 omnibus
1458 2453 1615 2527 tauquam
1637 2452 1731 2525 civis,

940 2547 1138 2608 auctoritate
1160 2547 1373 2626 praesentium
1397 2547 1578 2610 districtius
1601 2548 1735 2611 inhibe-

940 2661 1025 2718 mus,
1051 2647 1187 2722 nequis
1214 2661 1281 2718 eoS,
1308 2645 1365 2722 qui
1388 2645 1429 2706 ad
1457 2645 1563 2722 ipsius
1589 2646 1735 2709 civitatis

941 2745 1115 2806 transeunt
1129 2745 1321 2818 incolatum,
1343 2743 1522 2822 praesumat
1538 2744 1735 2822 compellere

942 2847 978 2906 ut
990 2842 1030 2904 ad
1046 2842 1269 2905 habitationes
1286 2843 1425 2905 redeant
1439 2840 1625 2905 derelictas.
1643 2845 1735 2906 Nulli

942 2957 1042 3018 ergo,
1080 2943 1155 3014 etc,
1183 2942 1306 3004 nostrae
1343 2941 1567 3014 inhibitionis,
1604 2943 1665 3004 etc.
1701 2944 1736 3004 Si

943 3041 1016 3116 quis
1029 3039 1150 3111 autem,
1167 3039 1229 3100 etc.
1245 3039 1364 3101 Datum
1383 3042 1497 3100 Romae
1515 3039 1602 3116 apud
1618 3042 1651 3101 S.
1669 3043 1736 3102 Pe-

943 3142 1049 3208 trum,
1088 3136 1242 3198 kalendis
1282 3136 1485 3210 decembris,
1524 3137 1736 3214 pontificatus

943 3235 1048 3300 nostri
1069 3251 1157 3297 anno
1172 3235 1290 3312 primo.

1261 3485 1420 3574 LXXVI

942 3695 994 3755 Ad
1016 3692 1226 3770 maenarum
1240 3693 1275 3753 S.
1296 3694 1417 3753 craecis
1433 3693 1467 3752 et
1492 3694 1685 3754 Teccttnum
1705 3693 1738 3754 ct

1140 3791 1307 3850 Amadum
1320 3790 1354 3849 S.
1370 3790 1533 3849 Anniani.

1249 3899 1340 3960 idac
1353 3901 1431 3958 tato.
1485 3923 1490 3936 ·

1007 4024 1276 4091 [Regest.lib.l,epist.
1286 4023 1387 4074 libitas.
1397 4023 1433 4074 La
1445 4023 1522 4074 Porto
1533 4023 1568 4074 dn
1581 4024 1676 4090 rhein]

945 4170 1084 4243 Praecipit,
1093 4176 1123 4226 ut
1137 4167 1166 4226 in
1177 4175 1319 4226 convemu
1332 4167 1361 4225 S.
1369 4167 1516 4226 samsonis
1526 4167 1737 4238 Aurelianensi,

979 4257 1158 4318 sacerdotem
1174 4257 1235 4330 jam
1255 4255 1403 4329 expulsum
1423 4256 1505 4329 quasi
1520 4254 1555 4313 de
1570 4271 1645 4314 novo
1661 4256 1735 4314 reci-

982 4349 1070 4422 piant.

986 4489 1165 4562 Honorius,
1188 4492 1270 4562 etc,
1290 4488 1418 4550 dilectis
1440 4486 1518 4548 tiliis
1540 4487 1739 4564 magistro...

947 4589 1071 4650 sanctae
1086 4587 1213 4660 Crucis,
1235 4589 1269 4647 et
1283 4586 1437 4646 Tecetino
1450 4585 1483 4645 et
1495 4585 1618 4646 hlardo
1632 4585 1739 4646 sancti

946 4685 1093 4747 Anniani
1107 4683 1277 4746 canonicis
1292 4681 1507 4743 Aurelianen.

987 4782 1133 4845 Dilectus
1160 4780 1248 4841 tilius
1265 4781 1294 4841 J.
1318 4778 1474 4840 sacerdos
1498 4779 1616 4842 humili
1642 4779 1738 4842 nobis

948 4879 1172 4952 insinuatione
1197 4874 1403 4946 monstravit,
1434 4875 1520 4952 quod
1548 4892 1622 4936 curn
1652 4877 1742 4939 idem

949 4976 1146 5054 compererit
1177 4975 1305 5051 patrem
1335 4988 1432 5034 suum
1463 4989 1524 5050 pro
1552 4976 1743 5052 receptione

949 5075 1054 5152 ipsius
1069 5074 1105 5134 in
1121 5072 1268 5150 prioratu
1284 5071 1317 5133 et
1336 5073 1501 5133 conventu
1522 5073 1628 5135 sancti
1647 5076 1744 5136 Sam-

950 5172 1041 5234 sonis
1074 5170 1288 5232 Aurelianen.
1323 5169 1411 5230 infra
1446 5185 1552 5231 annos
1578 5171 1744 5247 legitimos

950 5268 1135 5340 constituti,
1165 5267 1304 5344 praelato
1338 5267 1540 5330 monasterio
1569 5268 1744 5345 quamdam

952 5383 1114 5429 summam
1143 5365 1292 5443 pecuniae
1319 5365 1508 5437 tradidisse,
1536 5365 1609 5440 ipso
1632 5365 1745 5428 tamen

950 5465 1082 5543 penitus
1094 5465 1279 5540 ignorante,
1296 5463 1434 5525 veniens
1445 5461 1487 5522 ad
1500 5477 1605 5522 annos
1618 5461 1746 5524 discre-

951 5563 1052 5625 tionis
1067 5563 1304 5624 monasterium
1319 5561 1426 5637 ipsum
1442 5575 1525 5619 sano
1540 5558 1656 5620 ductus
1670 5575 1746 5620 con·

952 5660 1026 5722 silio
1044 5659 1095 5722 est
1118 5674 1283 5736 egressus,
1311 5656 1406 5718 nobis
1428 5654 1598 5717 humiliter
1619 5655 1749 5732 suppli-
