4058 6308
902 315 1078 378 nononn
1102 313 1147 376 111
1170 301 1318 384 ornan.
1867 331 1912 390 no

290 319 346 382 iil

292 481 495 563 apparuerit,
519 478 741 556 impetratum.
758 477 920 542 osterum
936 491 1010 539 cum
1027 491 1086 540 ec·
1143 476 1359 554 promovendi
1372 491 1391 540 a
1406 477 1604 542 dioeccsanis
1618 480 1915 562 suscipietisepisco

291 582 392 645 clesia
408 580 537 644 Sancta
553 577 668 640 Mariae
692 575 727 638 in
743 575 856 648 saxia,
872 575 906 638 st
924 575 1088 654 hospitale
1142 575 1210 656 pis,
1225 575 1387 655 siquidem
1403 575 1559 640 catholici
1579 577 1719 652 fuerint,
1736 581 1769 643 et
1785 597 1913 646 commu-

292 679 515 743 constructum
528 677 650 739 ibidem
669 675 711 738 ad
736 691 796 736 nos
817 675 909 736 nullo
925 674 1089 752 pertineat
1142 675 1276 736 nionem
1293 677 1515 738 sacrosancta
1530 678 1690 739 Romana
1706 678 1798 740 Sedis
1811 681 1915 744 habue-

291 778 469 849 mediante,
482 777 575 838 salvo
585 775 671 854 quod
687 774 801 838 clerici
816 774 965 852 eiusdem
980 773 1091 835 eccle·
1142 772 1224 844 rint,
1252 773 1285 834 el
1317 788 1357 834 ea
1390 773 1484 834 vobis
1523 775 1596 836 sine
1631 777 1792 852 pravitate
1824 779 1914 857 aliqua

291 871 1089 948 siaedehentexnostromandatoBasiiicaepriu-
1141 871 1308 933 volueriut
1333 871 1503 934 exhibere.
1530 874 1686 952 Alioquin
1719 874 1815 939 liceat
1840 879 1914 940 vobis

290 974 373 1052 cipis
386 975 619 1052 Apostolorum
635 973 670 1033 in
687 971 1088 1048 scrutini0,Baptism0‚et
1142 985 1381 1047 quemcumque
1414 971 1600 1034 malueritis
1623 973 1819 1036 catholicum
1841 977 1915 1038 adire

290 1073 428 1134 Letonia
451 1089 494 1134 ne
508 1072 653 1150 disparis
671 1069 871 1132 conditionis
890 1069 1088 1147 praeferatur
1142 1068 1334 1138 antistitem,
1348 1070 1489 1145 gratiam
1503 1073 1541 1132 et
1554 1074 1816 1134 communionem
1830 1079 1916 1152 Apos-

291 1169 388 1232 homo
419 1170 540 1242 cidem,
567 1170 600 1242 et
623 1184 755 1242 servus,
776 1168 832 1246 qui
859 1166 918 1229 alii
946 1166 1086 1228 Domino
1141 1166 1249 1228 tolicae
1280 1167 1374 1230 Sedis
1399 1167 1588 1242 habentem,
1607 1171 1663 1248 qui
1694 1173 1806 1234 nostra
1832 1171 1916 1234 frctus

291 1270 366 1342 stet,
381 1269 441 1331 aut
461 1267 568 1340 cadat,
586 1269 800 1345 praeponatur
821 1266 978 1344 hospitali
1000 1278 1088 1344 pree·
1141 1265 1339 1328 auctoritate
1350 1266 1444 1328 vobis
1460 1268 1546 1345 quod
1558 1270 1745 1346 postulatur
1758 1271 1914 1348 impendat.

290 1368 389 1440 dicto,
402 1367 488 1444 quod
507 1367 623 1429 nostra
637 1366 765 1428 tantum
787 1367 839 1426 est
858 1364 1087 1442 jurisdictioni
1182 1367 1287 1436 Quum
1304 1365 1415 1426 autem
1434 1367 1592 1441 generale
1609 1367 1819 1431 interdictum
1836 1371 1917 1430 terre

290 1463 490 1542 subiectum3
504 1465 595 1526 tuam
605 1479 793 1542 personam,
810 1462 858 1522 nii
869 1461 1037 1538 magister,
1055 1461 1088 1522 et
1142 1460 1251 1534 fuerit,
1268 1462 1369 1524 liceat
1386 1462 1423 1523 in
1444 1464 1595 1525 ecclesiis
1611 1467 1734 1528 vestris
1749 1466 1863 1528 clausis
1875 1470 1918 1544 ja-

290 1577 519 1624 successorum
543 1563 710 1625 tuoruma
730 1559 952 1639 quorumlibet
966 1560 1088 1637 praela-

288 1663 397 1725 torum
418 1661 596 1723 eximimus
619 1662 791 1738 potestate,
805 1660 842 1722 ut
866 1660 977 1721 nullus
999 1659 1034 1720 in
1054 1659 1086 1721 te

288 1759 342 1822 vel
370 1776 427 1822 eos
448 1759 632 1831 interdicti,
654 1759 708 1820 vel
734 1757 1086 1820 excommunicationis

289 1857 488 1920 sententiam
510 1857 581 1918 sine
602 1857 758 1918 mandato
777 1855 975 1933 Apostolicae
991 1856 1085 1917 Sedis

288 1957 410 2018 audeat
434 1955 658 2033 promulgare,
672 1970 770 2032 quam
792 1953 820 2015 si
840 1954 938 2016 aliter
958 1953 1086 2032 prolata

288 2055 398 2128 fuerit,
416 2054 625 2116 decernimus
638 2068 705 2114 non
717 2054 845 2115 tenero.

329 2153 363 2214 Si
385 2153 458 2231 quis
473 2167 552 2214 vero
568 2151 707 2214 fratrum
722 2152 921 2223 vestrorum,
937 2150 993 2229 qui
1009 2149 1087 2211 des-

285 2251 382 2313 tinati
395 2250 519 2312 fuerint
531 2250 571 2311 ad
584 2251 812 2327 eleemosynas
825 2249 1039 2325 colligendas,
1050 2248 1085 2308 in

286 2348 467 2428 quamlibet
490 2348 669 2420 civitatem,
686 2347 871 2418 castellum,
893 2347 946 2409 vel
971 2346 1085 2408 villam

286 2447 490 2519 advenerint,
506 2447 536 2507 si
552 2446 636 2510 forte
654 2446 747 2508 locus
766 2446 824 2507 iile
839 2462 858 2506 a
873 2444 997 2506 divisus
1011 2443 1087 2506 fue-

285 2547 329 2608 rit
343 2545 463 2607 officiis
479 2545 685 2618 interdictus,
701 2560 760 2621 pro
774 2543 1010 2621 omnipotentis
1025 2543 1083 2604 Dei

284 2643 470 2705 reverentia
486 2643 521 2703 in
534 2658 650 2705 eorum
665 2643 808 2703 adventu
819 2640 973 2717 jucundo,
982 2641 1084 2702 semel

284 2741 320 2802 in
339 2755 438 2812 anno,
455 2739 594 2817 pulsatis
616 2739 787 2816 campanis
806 2739 1001 2817 aperiantur
1022 2733 1086 2800 Eo'-

285 2839 407 2910 clesiaa,
433 2838 470 2898 ut
498 2851 598 2914 super
623 2836 843 2912 eleemosynis
871 2835 1083 2913 acquirendis

284 2921 422 2997 verbum
439 2934 681 2997 exhortationis
695 2933 735 2996 ad
752 2934 909 3012 populum
925 2934 959 2995 in
975 2935 1085 2996 eccle·

286 3034 336 3096 sia
352 3034 565 3112 proponatur.
580 3033 794 3095 Decernimus
809 3031 947 3110 insuper
975 3031 1011 3094 ut
1027 3047 1085 3094 re-

285 3134 435 3209 ceptores
470 3131 731 3203 fraternitatum,
765 3131 835 3192 sive
870 3130 1082 3192 collectarum

283 3233 470 3292 vestrarum
495 3229 587 3290 salvo
613 3231 689 3305 jure
711 3244 846 3290 suorum
874 3227 1081 3289 dominorum

283 3329 318 3389 in
337 3327 426 3398 beati
446 3327 536 3388 Petri
552 3328 585 3388 et
599 3327 711 3388 nostre
732 3325 934 3403 protectione
954 3327 1082 3386 consis-

281 3427 365 3497 tant,
379 3426 413 3487 et
423 3441 504 3502 pace
516 3425 551 3485 in
563 3425 663 3488 terris
679 3423 798 3503 quibus
814 3422 938 3485 fuerint
951 3424 1082 3500 potian-

280 3527 345 3587 tur.
370 3523 479 3586 Simili
506 3523 604 3585 etiam
625 3521 721 3584 modo
750 3521 929 3594 sancimus,
957 3522 992 3582 ut
1012 3521 1082 3599 qui·

284 3639 425 3701 cumque
440 3623 474 3684 in
489 3623 601 3684 vestra
622 3621 722 3684 fuerit
743 3620 951 3683 fraternitate
964 3636 1081 3697 recep-

280 3723 350 3795 tus,
376 3722 406 3783 si
429 3721 542 3784 forsan
569 3719 772 3798 parochialis
799 3719 959 3792 ecclesia,
985 3722 1079 3798 cujus

281 3821 352 3898 ipse
375 3819 598 3897 parochianus
620 3819 778 3890 extiterit,
796 3833 817 3879 a
839 3817 961 3879 divinis
980 3816 1080 3879 fuerit

281 3918 400 3981 officiis
421 3917 609 3985 interdicta,
625 3931 765 3993 eumque
785 3917 869 3978 mori
889 3915 1076 3992 contigerit,

279 4017 345 4094 ipsi
371 4016 541 4092 sepultura
573 4014 800 4076 ecclesiastica
831 4030 898 4076 non
925 4014 1076 4090 negetur,

281 4113 347 4174 nisi
367 4112 672 4174 excommunicatus
686 4111 740 4172 vel
760 4111 955 4173 nominatim
979 4111 1079 4173 fuerit

280 4209 487 4273 interdictus.
502 4209 653 4270 Decimas
669 4210 780 4270 autem
800 4209 840 4268 de
855 4210 966 4282 terris,
982 4211 1014 4270 et
1026 4211 1079 4270 vi-

281 4308 364 4381 neis,
378 4323 460 4384 quas
473 4307 514 4368 ad
523 4322 605 4383 opus
618 4305 834 4378 infirmorum,
848 4309 880 4368 et
896 4323 1075 4385 pauperum

280 4405 424 4487 propriis
444 4403 609 4476 manibus,
626 4405 683 4466 aut
698 4403 880 4480 sumptibus
900 4405 1020 4479 colitis,
1037 4407 1077 4468 de

278 4507 378 4570 terris
393 4503 516 4566 habitis
532 4504 609 4565 ante
622 4501 807 4564 Concilium
822 4503 990 4578 generale,
1005 4504 1076 4566 sive

280 4606 320 4667 de
332 4602 543 4665 nutrimentis
556 4601 762 4671 animalium,
779 4615 838 4662 seu
858 4599 898 4660 de
914 4598 1076 4663 fructibus

279 4703 452 4765 hortorum
467 4702 665 4772 vestrorum,
683 4699 795 4760 nullus
806 4699 941 4775 exigere
955 4698 1008 4760 vel
1022 4715 1077 4760 ex·

278 4803 434 4875 torquere
452 4799 640 4874 presumat.
659 4798 772 4858 Liceat
795 4797 904 4858 autem
922 4796 1016 4858 vobis
1039 4799 1075 4858 in

279 4895 430 4956 domibus
441 4895 580 4966 vestris,
598 4909 680 4971 quas
696 4893 730 4954 in
746 4894 997 4971 praesentiarum
1014 4895 1077 4956 ba-

278 4991 375 5062 betis,
390 4990 442 5052 vel
455 4991 490 5050 in
511 4989 656 5051 futurum
668 4991 762 5053 eritis
778 4991 923 5054 habituri
935 4992 977 5053 ad
992 5009 1074 5070 opus

278 5089 437 5159 vestrum,
459 5090 492 5148 et
512 5086 647 5148 familiae
660 5090 790 5160 vestrae,
813 5105 874 5150 nec
895 5105 960 5151 non
980 5089 1076 5150 infir-

278 5201 424 5257 morum,
452 5183 486 5244 et
508 5197 690 5259 pauperum
712 5185 833 5247 ibidem
858 5188 1072 5260 manentium,

278 5283 461 5348 oratorium
474 5282 507 5341 et
516 5279 741 5342 coemeterium
757 5282 828 5344 sine
841 5284 1074 5362 impedimento

277 5379 456 5460 cujuslibet
470 5378 741 5441 contradictionis
754 5378 889 5442 habere.

317 5479 468 5541 Chrisma
483 5493 575 5549 vern,
592 5477 700 5538 oleum
720 5477 880 5550 sanctum,
893 5494 1073 5540 consecra-

275 5579 384 5643 tiones
405 5576 577 5648 altarium,
604 5589 663 5636 seu
686 5573 916 5648 Basilicarum,
934 5577 1074 5637 ordina-

277 5678 384 5741 tiones
407 5675 619 5744 clericorum‚
650 5673 707 5751 qui
734 5673 775 5735 ad
798 5672 930 5734 ordines
951 5673 1098 5745 fuerint

1142 1557 1228 1632 uuis,
1245 1560 1391 1622 exclusis
1411 1562 1707 1626 excommunicatis
1723 1565 1756 1626 ef
1775 1561 1918 1626 interdic·

1141 1656 1195 1728 tis,
1213 1671 1279 1718 non
1303 1658 1444 1735 pulsatis
1464 1661 1645 1737 campanis,
1665 1677 1840 1740 suppressa
1853 1677 1919 1722 voce

1142 1754 1254 1818 divina
1269 1754 1380 1818 officia
1392 1757 1572 1820 celebrare.
1592 1759 1707 1822 Liceat
1731 1775 1917 1838 quoqueve-

1140 1853 1191 1915 bis
1215 1852 1337 1917 liberas
1361 1857 1394 1917 et
1419 1856 1587 1919 absolutas
1614 1874 1775 1935 personas
1794 1858 1919 1920 esecuio

1141 1951 1304 2028 fugientes
1324 1952 1366 2014 ad
1386 1955 1636 2017 conversionem
1651 1956 1811 2034 recipere,
1826 1955 1856 2016 et
1874 1971 1920 2015 eas

1141 2048 1266 2128 absque
1280 2051 1542 2114 contradictione
1555 2053 1665 2130 aliqua
1678 2054 1832 2117 retinere.
1846 2056 1919 2114 Pro-

1141 2145 1293 2208 hibemus
1310 2147 1448 2226 insuper
1459 2149 1495 2210 ut
1505 2149 1588 2210 nulli
1602 2149 1742 2212 fratrum
1753 2152 1919 2212 vestrorum

1140 2246 1215 2320 post
1236 2245 1358 2306 factam
1388 2246 1424 2307 in
1447 2247 1532 2309 locis
1555 2249 1676 2310 vestris
1699 2247 1919 2326 professionem

1141 2341 1191 2403 ias
1205 2342 1249 2405 sit
1262 2343 1387 2422 absque
1399 2345 1551 2422 magistri
1565 2347 1617 2407 sui
1630 2347 1768 2410 licentia
1779 2346 1854 2407 iude
1863 2345 1921 2405 dis-

1140 2440 1258 2503 cedere
1270 2441 1338 2502 nisi
1348 2443 1502 2505 arctioris
1517 2444 1692 2520 religionis
1705 2443 1846 2507 obtentu.
1861 2443 1921 2504 bis

1140 2539 1310 2602 cedentem
1328 2556 1409 2602 vero
1424 2541 1548 2618 absque
1564 2544 1789 2604 communium
1803 2541 1918 2604 littera·

1139 2651 1213 2698 rum
1240 2639 1427 2700 vestrarum
1464 2640 1617 2702 cautione
1656 2643 1770 2703 nulius
1804 2639 1919 2719 penitus

1139 2734 1261 2797 audeat
1273 2737 1429 2800 retinere.
1448 2737 1484 2800 si
1499 2739 1555 2816 qui
1563 2753 1644 2802 vero
1656 2739 1797 2802 fratrum
1810 2738 1919 2801 vestro·

1138 2849 1212 2893 rum
1237 2835 1312 2910 post
1333 2835 1454 2898 factam
1480 2837 1721 2915 professionem
1747 2835 1918 2901 turbatores

1138 2931 1310 3008 religionis
1322 2933 1454 3006 vestre,
1463 2935 1516 2996 vel
1529 2935 1664 2998 inutiles
1679 2937 1804 2998 iiierint
1817 2935 1919 2997 fortas

1139 3029 1185 3090 sis
1200 3029 1338 3103 inventi,
1355 3031 1455 3094 liceat
1466 3031 1537 3105 tibi,
1554 3033 1602 3094 nli
1617 3035 1787 3111 magister,
1803 3035 1834 3095 et
1847 3047 1916 3092 suo-

1138 3128 1327 3190 cessoribus
1338 3130 1405 3192 tuis
1420 3147 1477 3192 eos
1490 3145 1564 3192 cum
1577 3147 1729 3205 assensu,
1746 3133 1779 3196 et
1792 3129 1917 3194 consilio

1137 3225 1281 3287 sanioris
1301 3227 1405 3305 partis
1426 3229 1570 3306 Capituli
1594 3245 1761 3304 amovere,
1787 3229 1918 3308 ipsisque

1137 3322 1216 3384 dare
1229 3325 1398 3387 licentiam
1411 3327 1452 3388 ad
1461 3327 1563 3388 alium
1576 3327 1741 3401 ordinem,
1751 3328 1806 3389 ubi
1817 3341 1918 3388 secun·

1136 3421 1213 3482 dum
1239 3424 1342 3484 Deum
1371 3425 1483 3487 vivere
1507 3426 1640 3488 valeant
1664 3425 1865 3494 transeundi,
1890 3423 1918 3482 et

1136 3516 1209 3579 loco
1237 3533 1351 3580 eorum
1377 3519 1463 3581 alios
1498 3521 1718 3597 subrogandi,
1750 3521 1806 3600 qui
1831 3519 1916 3580 unius

1135 3615 1214 3676 anni
1241 3617 1347 3694 spatio
1371 3618 1406 3678 in
1421 3619 1532 3680 vestra
1556 3619 1716 3682 societate
1740 3616 1915 3697 probentur,
2002 3617 2003 3626 ²

1134 3729 1199 3791 quo
1228 3715 1374 3792 peracto,
1390 3715 1419 3776 si
1438 3731 1547 3778 mores
1569 3733 1684 3779 eorum
1699 3715 1875 3794 exegerint,
1890 3713 1917 3772 et

1134 3812 1198 3889 ipsi
1221 3813 1319 3875 utiles
1344 3813 1469 3876 fuerint
1491 3814 1532 3876 ad
1554 3817 1728 3879 servitIum
1755 3810 1915 3891 hospitalis

1135 3910 1275 3984 inventi,
1304 3912 1543 3989 professionem
1573 3912 1698 3976 faciant
1728 3912 1913 3990 regularem.
2002 3927 2003 3948 ,

1132 4007 1180 4069 nd
1203 4009 1275 4071 baeo
1299 4010 1482 4074 districtius
1506 4011 1696 4073 inhibemus
1720 4029 1762 4074 ne
1780 4027 1801 4072 a
1818 4010 1858 4081 te,
1873 4005 1915 4067 nii
2002 4037 2003 4040 π

1133 4107 1301 4182 magister,
1317 4109 1371 4169 vel
1389 4109 1637 4172 successoribus
1655 4111 1735 4185 tuis,
1761 4110 1792 4172 et
1813 4105 1916 4169 fratri·

1131 4203 1192 4266 hus
1207 4204 1383 4282 hospitalis
1396 4208 1542 4286 ejusdem
1554 4209 1666 4286 exigat
1676 4210 1745 4271 ulla
1758 4203 1916 4270 ecclesias·
2002 4279 2003 4282 Ἴ

1131 4303 1197 4366 tica
1214 4304 1418 4368 secularisve
1433 4323 1574 4384 persona
1601 4306 1786 4380 fidelitates,
1805 4305 1913 4367 homa-

1131 4403 1202 4478 gia,
1227 4407 1431 4482 juramenta,
1458 4407 1511 4467 vel
1538 4406 1735 4468 securitates
1767 4403 1910 4478 reliquas

1131 4516 1204 4577 quae
1219 4518 1238 4563 a
1255 4503 1350 4566 laicis
1366 4503 1626 4582 frequentantur.

1171 4603 1343 4662 Postremo
1367 4602 1526 4674 decimas,
1542 4617 1624 4680 quas
1646 4603 1786 4664 consilio
1810 4600 1841 4660 et
1859 4611 1911 4656 as·
2002 4611 2003 4626 ¹

1131 4711 1231 4758 sensu
1248 4700 1479 4777 episcoporum
1500 4716 1520 4761 a
1535 4699 1666 4762 clericis
1683 4702 1735 4762 vel
1752 4699 1842 4762 laicis
1855 4708 1909 4771 po-

1129 4794 1261 4858 tueritis
1276 4795 1436 4868 obtinere,
1453 4799 1595 4877 illasque
1616 4813 1698 4876 quas
1713 4794 1910 4862 consentien-

1130 4891 1217 4953 tibus
1242 4893 1441 4956 dioecesanis
1462 4897 1644 4976 episcopis,
1670 4898 1703 4959 et
1726 4893 1852 4960 clericis
1873 4885 1907 4949 nd

1130 5005 1212 5064 quos
1227 4992 1400 5067 pertinent,
1418 4994 1606 5071 acquiretis,
1623 4986 1907 5058 auctoritatevobis

1129 5088 1317 5164 apostolica
1332 5090 1565 5154 confirmamus
1576 5095 1608 5154 et
1619 5093 1790 5171 proesentis
1806 5081 1905 5162 scripti

1130 5187 1314 5262 patrocinio
1328 5190 1581 5252 communimus.
1596 5192 1688 5252 Nulli
1699 5207 1778 5268 ergo
1788 5183 1907 5250 omnino

1129 5281 1300 5344 hominum
1325 5285 1424 5348 liceat
1447 5287 1639 5363 praedictum
1663 5289 1771 5350 locum
1796 5287 1906 5347 temere

1129 5379 1334 5456 perturbare,
1356 5383 1409 5443 vel
1438 5386 1667 5462 possessiones
1698 5385 1835 5455 auferre,
1862 5373 1907 5438 vel

1129 5477 1257 5540 ablatas
1283 5479 1436 5551 retinere,
1454 5481 1616 5555 minuere,
1637 5497 1696 5544 seu
1725 5473 1908 5562 quibuslibet
1938 5467 1942 5482 ¹

1128 5575 1359 5646 vexationibus
1385 5575 1542 5654 fatigare,
1570 5581 1626 5641 sed
1648 5582 1759 5642 omnia
1783 5587 1907 5640 conser-

1129 5675 1247 5734 ventur
1266 5687 1392 5748 eorum,
1406 5690 1466 5751 pro
1477 5693 1618 5755 quorum
1630 5677 1860 5754 gubernatione
1873 5682 1906 5730 ac
