<?xml version="1.0" encoding="UTF-8"?>
<!DOCTYPE html PUBLIC "-//W3C//DTD XHTML 1.0 Transitional//EN"
    "http://www.w3.org/TR/xhtml1/DTD/xhtml1-transitional.dtd">
<html xmlns="http://www.w3.org/1999/xhtml" xml:lang="en" lang="en">
 <head>
  <title>
</title>
<meta http-equiv="Content-Type" content="text/html;charset=utf-8" />
  <meta name='ocr-system' content='tesseract 3.04.00' />
  <meta name='ocr-capabilities' content='ocr_page ocr_carea ocr_par ocr_line ocrx_word'/>
</head>
<body>
  <div class='ocr_page' id='page_1' title='image "./mediiaevibiblio01unkngoog_0080.png"; bbox 0 0 3994 6326; ppageno 0'>
   <div class='ocr_carea' id='block_1_1' title="bbox 97 323 1744 400">
    <p class='ocr_par' dir='ltr' id='par_1_1' title="bbox 97 323 1744 400">
     <span class='ocr_line' id='line_1_1' title="bbox 97 323 1744 400; baseline 0.007 -12"><span class='ocrx_word' id='word_1_1' title='bbox 97 327 152 388; x_wconf 79' lang='lat' dir='ltr'><strong>izi</strong></span> <span class='ocrx_word' id='word_1_2' title='bbox 522 327 564 388; x_wconf 86' lang='lat' dir='ltr'><strong>X.</strong></span> <span class='ocrx_word' id='word_1_3' title='bbox 578 357 616 374; x_wconf 88' lang='lat'>-</span> <span class='ocrx_word' id='word_1_4' title='bbox 638 326 684 390; x_wconf 88' lang='lat' dir='ltr'><strong>IN</strong></span> <span class='ocrx_word' id='word_1_5' title='bbox 706 323 1003 390; x_wconf 74' lang='lat' dir='ltr'><strong>CONVERSIONU</strong></span> <span class='ocrx_word' id='word_1_6' title='bbox 1023 325 1147 391; x_wconf 67' lang='lat' dir='ltr'><strong>suam</strong></span> <span class='ocrx_word' id='word_1_7' title='bbox 1168 327 1308 392; x_wconf 77' lang='lat' dir='ltr'><strong>PAULI.</strong></span> <span class='ocrx_word' id='word_1_8' title='bbox 1681 336 1744 400; x_wconf 77' lang='lat' dir='ltr'><strong>lea·</strong></span> 
     </span>
    </p>
   </div>
   <div class='ocr_carea' id='block_1_2' title="bbox 98 483 1846 572">
    <p class='ocr_par' dir='ltr' id='par_1_2' title="bbox 98 483 1846 572">
     <span class='ocr_line' id='line_1_2' title="bbox 98 483 1846 572; baseline 0.001 -22"><span class='ocrx_word' id='word_1_9' title='bbox 98 487 165 566; x_wconf 90' lang='lat' dir='ltr'><strong>ipse</strong></span> <span class='ocrx_word' id='word_1_10' title='bbox 178 485 394 550; x_wconf 78' lang='lat' dir='ltr'><strong>convertatur</strong></span> <span class='ocrx_word' id='word_1_11' title='bbox 409 483 451 549; x_wconf 89' lang='lat' dir='ltr'><strong>ad</strong></span> <span class='ocrx_word' id='word_1_12' title='bbox 475 501 548 562; x_wconf 89' lang='lat' dir='ltr'><strong>nos,</strong></span> <span class='ocrx_word' id='word_1_13' title='bbox 565 487 602 550; x_wconf 94' lang='lat' dir='ltr'><strong>ut</strong></span> <span class='ocrx_word' id='word_1_14' title='bbox 618 486 739 551; x_wconf 88' lang='lat' dir='ltr'><strong>liberet</strong></span> <span class='ocrx_word' id='word_1_15' title='bbox 760 501 822 550; x_wconf 87' lang='lat' dir='ltr'><strong>uos</strong></span> <span class='ocrx_word' id='word_1_16' title='bbox 847 484 889 550; x_wconf 87' lang='lat' dir='ltr'><strong>de</strong></span> <span class='ocrx_word' id='word_1_17' title='bbox 984 485 1078 549; x_wconf 85' lang='lat' dir='ltr'><strong>Unde</strong></span> <span class='ocrx_word' id='word_1_18' title='bbox 1098 486 1171 566; x_wconf 90' lang='lat' dir='ltr'><strong>ipse</strong></span> <span class='ocrx_word' id='word_1_19' title='bbox 1185 487 1226 550; x_wconf 90' lang='lat' dir='ltr'><strong>de</strong></span> <span class='ocrx_word' id='word_1_20' title='bbox 1245 505 1281 552; x_wconf 89' lang='lat' dir='ltr'><strong>se</strong></span> <span class='ocrx_word' id='word_1_21' title='bbox 1300 488 1348 554; x_wconf 90' lang='lat' dir='ltr'><strong>alt</strong></span> <span class='ocrx_word' id='word_1_22' title='bbox 1363 511 1371 552; x_wconf 79' lang='grc' dir='ltr'>ι</span> <span class='ocrx_word' id='word_1_23' title='bbox 1388 490 1452 560; x_wconf 83' lang='lat' dir='ltr'><strong>out</strong></span> <span class='ocrx_word' id='word_1_24' title='bbox 1464 493 1565 568; x_wconf 74' lang='lat' dir='ltr'><strong>pros</strong></span> <span class='ocrx_word' id='word_1_25' title='bbox 1589 494 1745 572; x_wconf 76' lang='lat' dir='ltr'><strong>brasphe-</strong></span> <span class='ocrx_word' id='word_1_26' title='bbox 1844 547 1846 552; x_wconf 79' lang='grc'>,</span> 
     </span>
    </p>
   </div>
   <div class='ocr_carea' id='block_1_3' title="bbox 18 583 1785 5762">
    <p class='ocr_par' dir='ltr' id='par_1_3' title="bbox 18 583 1785 5762">
     <span class='ocr_line' id='line_1_3' title="bbox 98 583 1741 665; baseline 0.006 -17"><span class='ocrx_word' id='word_1_27' title='bbox 98 584 254 664; x_wconf 90' lang='lat' dir='ltr'><strong>profundo</strong></span> <span class='ocrx_word' id='word_1_28' title='bbox 277 583 484 649; x_wconf 89' lang='lat' dir='ltr'><strong>confusionis</strong></span> <span class='ocrx_word' id='word_1_29' title='bbox 512 601 586 665; x_wconf 87' lang='lat' dir='ltr'><strong>quae</strong></span> <span class='ocrx_word' id='word_1_30' title='bbox 613 585 696 648; x_wconf 91' lang='lat' dir='ltr'><strong>latet</strong></span> <span class='ocrx_word' id='word_1_31' title='bbox 719 585 755 648; x_wconf 91' lang='lat' dir='ltr'><strong>in</strong></span> <span class='ocrx_word' id='word_1_32' title='bbox 789 586 888 648; x_wconf 90' lang='lat' dir='ltr'><strong>corde</strong></span> <span class='ocrx_word' id='word_1_33' title='bbox 942 586 1067 647; x_wconf 73' lang='lat' dir='ltr'><strong>hausei</strong></span> <span class='ocrx_word' id='word_1_34' title='bbox 1076 589 1282 661; x_wconf 81' lang='lat' dir='ltr'><strong>persecutor</strong></span> <span class='ocrx_word' id='word_1_35' title='bbox 1299 589 1335 650; x_wconf 84' lang='lat' dir='ltr'><strong>et</strong></span> <span class='ocrx_word' id='word_1_36' title='bbox 1353 591 1618 656; x_wconf 76' lang='lat' dir='ltr'><strong>coretumcliosus</strong></span> <span class='ocrx_word' id='word_1_37' title='bbox 1631 598 1741 658; x_wconf 83' lang='lat' dir='ltr'><strong>misc-</strong></span> 
     </span>
     <span class='ocr_line' id='line_1_4' title="bbox 98 683 1740 773; baseline 0.004 -26"><span class='ocrx_word' id='word_1_38' title='bbox 98 699 152 764; x_wconf 88' lang='lat' dir='ltr'><strong>per</strong></span> <span class='ocrx_word' id='word_1_39' title='bbox 165 699 302 761; x_wconf 83' lang='lat' dir='ltr'><strong>prauum</strong></span> <span class='ocrx_word' id='word_1_40' title='bbox 316 683 563 761; x_wconf 79' lang='lat' dir='ltr'>cogitationem,</span> <span class='ocrx_word' id='word_1_41' title='bbox 579 699 653 763; x_wconf 83' lang='lat' dir='ltr'><strong>quae</strong></span> <span class='ocrx_word' id='word_1_42' title='bbox 667 683 757 762; x_wconf 89' lang='lat' dir='ltr'><strong>patet</strong></span> <span class='ocrx_word' id='word_1_43' title='bbox 780 683 816 744; x_wconf 92' lang='lat' dir='ltr'><strong>in</strong></span> <span class='ocrx_word' id='word_1_44' title='bbox 830 698 888 746; x_wconf 91' lang='lat' dir='ltr'><strong>ore</strong></span> <span class='ocrx_word' id='word_1_45' title='bbox 942 686 1131 746; x_wconf 82' lang='lat' dir='ltr'><strong>ricordiom</strong></span> <span class='ocrx_word' id='word_1_46' title='bbox 1154 687 1356 750; x_wconf 78' lang='lat' dir='ltr'><strong>consecutus</strong></span> <span class='ocrx_word' id='word_1_47' title='bbox 1377 703 1457 752; x_wconf 84' lang='lat' dir='ltr'><strong>sum</strong></span> <span class='ocrx_word' id='word_1_48' title='bbox 1475 687 1504 769; x_wconf 94' lang='grc' dir='ltr'><strong>(Ι</strong></span> <span class='ocrx_word' id='word_1_49' title='bbox 1522 691 1606 753; x_wconf 84' lang='lat' dir='ltr'><strong>Tim.</strong></span> <span class='ocrx_word' id='word_1_50' title='bbox 1632 707 1655 766; x_wconf 89' lang='lat' dir='ltr'><strong>r,</strong></span> <span class='ocrx_word' id='word_1_51' title='bbox 1675 690 1740 773; x_wconf 88' lang='grc'>13).</span> 
     </span>
     <span class='ocr_line' id='line_1_5' title="bbox 99 781 1742 869; baseline 0.005 -25"><span class='ocrx_word' id='word_1_52' title='bbox 99 783 306 862; x_wconf 82' lang='lat' dir='ltr'><strong>periniquum</strong></span> <span class='ocrx_word' id='word_1_53' title='bbox 316 783 530 856; x_wconf 90' lang='lat' dir='ltr'><strong>locutionem,</strong></span> <span class='ocrx_word' id='word_1_54' title='bbox 538 799 612 862; x_wconf 79' lang='lat' dir='ltr'><strong>qum</strong></span> <span class='ocrx_word' id='word_1_55' title='bbox 622 783 734 845; x_wconf 89' lang='lat' dir='ltr'><strong>manet</strong></span> <span class='ocrx_word' id='word_1_56' title='bbox 743 782 778 844; x_wconf 94' lang='lat' dir='ltr'><strong>in</strong></span> <span class='ocrx_word' id='word_1_57' title='bbox 786 798 887 860; x_wconf 90' lang='lat' dir='ltr'><strong>opere</strong></span> <span class='ocrx_word' id='word_1_58' title='bbox 943 781 1056 854; x_wconf 82' lang='lat' dir='ltr'><strong>Quasi.</strong></span> <span class='ocrx_word' id='word_1_59' title='bbox 1073 781 1199 845; x_wconf 90' lang='lat' dir='ltr'><strong>diceret</strong></span> <span class='ocrx_word' id='word_1_60' title='bbox 1223 785 1314 858; x_wconf 90' lang='lat' dir='ltr'><strong>:Qui</strong></span> <span class='ocrx_word' id='word_1_61' title='bbox 1337 786 1430 863; x_wconf 91' lang='lat' dir='ltr'><strong>prius</strong></span> <span class='ocrx_word' id='word_1_62' title='bbox 1454 787 1502 850; x_wconf 93' lang='lat' dir='ltr'><strong>fui</strong></span> <span class='ocrx_word' id='word_1_63' title='bbox 1528 788 1742 869; x_wconf 85' lang='lat' dir='ltr'><strong>blasphemus</strong></span> 
     </span>
     <span class='ocr_line' id='line_1_6' title="bbox 99 879 1743 961; baseline 0.004 -17"><span class='ocrx_word' id='word_1_64' title='bbox 99 899 152 960; x_wconf 89' lang='lat' dir='ltr'><strong>per</strong></span> <span class='ocrx_word' id='word_1_65' title='bbox 163 881 285 944; x_wconf 88' lang='lat' dir='ltr'><strong>malam</strong></span> <span class='ocrx_word' id='word_1_66' title='bbox 301 881 586 944; x_wconf 79' lang='lat' dir='ltr'><strong>consuetudinem.</strong></span> <span class='ocrx_word' id='word_1_67' title='bbox 606 881 666 944; x_wconf 89' lang='lat' dir='ltr'><strong>His</strong></span> <span class='ocrx_word' id='word_1_68' title='bbox 690 881 796 943; x_wconf 86' lang='lat' dir='ltr'><strong>tribus</strong></span> <span class='ocrx_word' id='word_1_69' title='bbox 811 896 887 942; x_wconf 91' lang='lat' dir='ltr'><strong>mo·</strong></span> <span class='ocrx_word' id='word_1_70' title='bbox 941 879 978 940; x_wconf 91' lang='lat' dir='ltr'><strong>in</strong></span> <span class='ocrx_word' id='word_1_71' title='bbox 994 881 1192 954; x_wconf 80' lang='lat' dir='ltr'><strong>Jerusalem,</strong></span> <span class='ocrx_word' id='word_1_72' title='bbox 1214 882 1247 944; x_wconf 90' lang='lat' dir='ltr'><strong>et</strong></span> <span class='ocrx_word' id='word_1_73' title='bbox 1268 888 1460 960; x_wconf 90' lang='lat' dir='ltr'><strong>persecutor</strong></span> <span class='ocrx_word' id='word_1_74' title='bbox 1476 887 1683 961; x_wconf 88' lang='lat' dir='ltr'><strong>Sanctorum,</strong></span> <span class='ocrx_word' id='word_1_75' title='bbox 1709 888 1743 952; x_wconf 91' lang='lat' dir='ltr'><strong>ot</strong></span> 
     </span>
     <span class='ocr_line' id='line_1_7' title="bbox 99 979 1744 1060; baseline 0.005 -20"><span class='ocrx_word' id='word_1_76' title='bbox 99 981 143 1042; x_wconf 90' lang='lat' dir='ltr'><strong>dis</strong></span> <span class='ocrx_word' id='word_1_77' title='bbox 155 995 253 1042; x_wconf 91' lang='lat' dir='ltr'><strong>omne</strong></span> <span class='ocrx_word' id='word_1_78' title='bbox 268 982 442 1059; x_wconf 91' lang='lat' dir='ltr'><strong>peccatum</strong></span> <span class='ocrx_word' id='word_1_79' title='bbox 467 979 587 1058; x_wconf 89' lang='lat' dir='ltr'><strong>agitur,</strong></span> <span class='ocrx_word' id='word_1_80' title='bbox 605 979 726 1059; x_wconf 88' lang='lat' dir='ltr'><strong>quoad</strong></span> <span class='ocrx_word' id='word_1_81' title='bbox 747 980 888 1042; x_wconf 88' lang='lat' dir='ltr'><strong>mortem</strong></span> <span class='ocrx_word' id='word_1_82' title='bbox 943 979 1202 1042; x_wconf 87' lang='lat' dir='ltr'><strong>contumeliosus</strong></span> <span class='ocrx_word' id='word_1_83' title='bbox 1216 981 1252 1042; x_wconf 94' lang='lat' dir='ltr'><strong>in</strong></span> <span class='ocrx_word' id='word_1_84' title='bbox 1272 983 1520 1060; x_wconf 80' lang='lat' dir='ltr'><strong>comprehensis</strong></span> <span class='ocrx_word' id='word_1_85' title='bbox 1537 986 1666 1048; x_wconf 87' lang='lat' dir='ltr'><strong>Sanctis</strong></span> <span class='ocrx_word' id='word_1_86' title='bbox 1688 986 1744 1048; x_wconf 87' lang='lat' dir='ltr'><strong>in·-</strong></span> 
     </span>
     <span class='ocr_line' id='line_1_8' title="bbox 98 1076 1742 1158; baseline 0.004 -17"><span class='ocrx_word' id='word_1_87' title='bbox 98 1081 284 1158; x_wconf 87' lang='lat' dir='ltr'><strong>perpetuam</strong></span> <span class='ocrx_word' id='word_1_88' title='bbox 298 1078 502 1157; x_wconf 82' lang='lat' dir='ltr'><strong>pervenitur.</strong></span> <span class='ocrx_word' id='word_1_89' title='bbox 519 1078 614 1142; x_wconf 87' lang='lat' dir='ltr'><strong>Unde</strong></span> <span class='ocrx_word' id='word_1_90' title='bbox 635 1077 752 1142; x_wconf 90' lang='lat' dir='ltr'><strong>beatus</strong></span> <span class='ocrx_word' id='word_1_91' title='bbox 763 1078 888 1140; x_wconf 74' lang='lat' dir='ltr'><strong>Patulus</strong></span> <span class='ocrx_word' id='word_1_92' title='bbox 942 1076 1054 1140; x_wconf 89' lang='lat' dir='ltr'><strong>ferens</strong></span> <span class='ocrx_word' id='word_1_93' title='bbox 1078 1079 1308 1153; x_wconf 81' lang='lat' dir='ltr'><strong>contumelias,</strong></span> <span class='ocrx_word' id='word_1_94' title='bbox 1335 1080 1598 1145; x_wconf 89' lang='lat' dir='ltr'><strong>misericordiam</strong></span> <span class='ocrx_word' id='word_1_95' title='bbox 1620 1100 1742 1147; x_wconf 88' lang='lat' dir='ltr'><strong>conse--</strong></span> 
     </span>
     <span class='ocr_line' id='line_1_9' title="bbox 98 1174 1741 1256; baseline 0.005 -18"><span class='ocrx_word' id='word_1_96' title='bbox 98 1178 271 1255; x_wconf 92' lang='lat' dir='ltr'><strong>apostolus,</strong></span> <span class='ocrx_word' id='word_1_97' title='bbox 286 1181 383 1256; x_wconf 88' lang='lat' dir='ltr'><strong>cujus</strong></span> <span class='ocrx_word' id='word_1_98' title='bbox 402 1177 502 1240; x_wconf 91' lang='lat' dir='ltr'><strong>hodie</strong></span> <span class='ocrx_word' id='word_1_99' title='bbox 528 1177 781 1240; x_wconf 82' lang='lat' dir='ltr'><strong>conversionem</strong></span> <span class='ocrx_word' id='word_1_100' title='bbox 800 1175 887 1241; x_wconf 91' lang='lat' dir='ltr'><strong>coli·</strong></span> <span class='ocrx_word' id='word_1_101' title='bbox 943 1174 1039 1238; x_wconf 89' lang='lat' dir='ltr'><strong>cutus</strong></span> <span class='ocrx_word' id='word_1_102' title='bbox 1069 1193 1160 1246; x_wconf 86' lang='lat' dir='ltr'><strong>sum,</strong></span> <span class='ocrx_word' id='word_1_103' title='bbox 1193 1176 1295 1251; x_wconf 89' lang='lat' dir='ltr'><strong>idest,</strong></span> <span class='ocrx_word' id='word_1_104' title='bbox 1330 1180 1561 1245; x_wconf 84' lang='lat' dir='ltr'><strong>remissionem</strong></span> <span class='ocrx_word' id='word_1_105' title='bbox 1594 1183 1741 1246; x_wconf 90' lang='lat' dir='ltr'><strong>omnium</strong></span> 
     </span>
     <span class='ocr_line' id='line_1_10' title="bbox 98 1275 1744 1356; baseline 0.004 -18"><span class='ocrx_word' id='word_1_106' title='bbox 98 1293 172 1348; x_wconf 90' lang='lat' dir='ltr'><strong>mus,</strong></span> <span class='ocrx_word' id='word_1_107' title='bbox 187 1291 264 1339; x_wconf 91' lang='lat' dir='ltr'><strong>cum</strong></span> <span class='ocrx_word' id='word_1_108' title='bbox 287 1275 413 1353; x_wconf 88' lang='lat' dir='ltr'><strong>triplici</strong></span> <span class='ocrx_word' id='word_1_109' title='bbox 432 1275 540 1340; x_wconf 90' lang='lat' dir='ltr'><strong>morte</strong></span> <span class='ocrx_word' id='word_1_110' title='bbox 554 1275 722 1356; x_wconf 87' lang='lat' dir='ltr'><strong>spirituali</strong></span> <span class='ocrx_word' id='word_1_111' title='bbox 738 1275 888 1337; x_wconf 89' lang='lat' dir='ltr'><strong>mortuus</strong></span> <span class='ocrx_word' id='word_1_112' title='bbox 944 1275 1155 1351; x_wconf 87' lang='lat' dir='ltr'><strong>peccatorum</strong></span> <span class='ocrx_word' id='word_1_113' title='bbox 1170 1291 1230 1354; x_wconf 89' lang='lat' dir='ltr'><strong>per</strong></span> <span class='ocrx_word' id='word_1_114' title='bbox 1243 1277 1304 1339; x_wconf 91' lang='lat' dir='ltr'><strong>Dei</strong></span> <span class='ocrx_word' id='word_1_115' title='bbox 1316 1278 1590 1342; x_wconf 89' lang='lat' dir='ltr'><strong>misericordiam.</strong></span> <span class='ocrx_word' id='word_1_116' title='bbox 1618 1284 1666 1342; x_wconf 89' lang='lat' dir='ltr'><strong>De</strong></span> <span class='ocrx_word' id='word_1_117' title='bbox 1680 1281 1744 1346; x_wconf 89' lang='lat' dir='ltr'><strong>hac</strong></span> 
     </span>
     <span class='ocr_line' id='line_1_11' title="bbox 99 1373 1746 1458; baseline 0.004 -23"><span class='ocrx_word' id='word_1_118' title='bbox 99 1375 187 1447; x_wconf 88' lang='lat' dir='ltr'><strong>esset,</strong></span> <span class='ocrx_word' id='word_1_119' title='bbox 212 1373 256 1437; x_wconf 90' lang='lat' dir='ltr'><strong>ad</strong></span> <span class='ocrx_word' id='word_1_120' title='bbox 279 1374 395 1447; x_wconf 82' lang='lat' dir='ltr'><strong>uitam,</strong></span> <span class='ocrx_word' id='word_1_121' title='bbox 412 1377 480 1436; x_wconf 91' lang='lat' dir='ltr'><strong>Deo</strong></span> <span class='ocrx_word' id='word_1_122' title='bbox 494 1375 652 1448; x_wconf 82' lang='lat' dir='ltr'><strong>vocante,</strong></span> <span class='ocrx_word' id='word_1_123' title='bbox 682 1373 889 1452; x_wconf 82' lang='lat' dir='ltr'><strong>dignoscitur</strong></span> <span class='ocrx_word' id='word_1_124' title='bbox 942 1373 1175 1437; x_wconf 88' lang='lat' dir='ltr'><strong>misericordia</strong></span> <span class='ocrx_word' id='word_1_125' title='bbox 1192 1375 1315 1438; x_wconf 89' lang='lat' dir='ltr'><strong>dicitur</strong></span> <span class='ocrx_word' id='word_1_126' title='bbox 1332 1376 1368 1438; x_wconf 90' lang='lat' dir='ltr'><strong>in</strong></span> <span class='ocrx_word' id='word_1_127' title='bbox 1387 1378 1644 1441; x_wconf 83' lang='lat' dir='ltr'><strong>Ecclesiastico:</strong></span> <span class='ocrx_word' id='word_1_128' title='bbox 1662 1381 1746 1458; x_wconf 85' lang='lat' dir='ltr'><strong>Spe-</strong></span> 
     </span>
     <span class='ocr_line' id='line_1_12' title="bbox 96 1471 1785 1555; baseline 0.004 -21"><span class='ocrx_word' id='word_1_129' title='bbox 96 1473 238 1535; x_wconf 89' lang='lat' dir='ltr'><strong>rediisse.</strong></span> <span class='ocrx_word' id='word_1_130' title='bbox 943 1471 1034 1534; x_wconf 89' lang='lat' dir='ltr'><strong>oiosa</strong></span> <span class='ocrx_word' id='word_1_131' title='bbox 1049 1471 1100 1534; x_wconf 89' lang='lat' dir='ltr'><strong>est</strong></span> <span class='ocrx_word' id='word_1_132' title='bbox 1114 1472 1345 1537; x_wconf 88' lang='lat' dir='ltr'><strong>misericordia</strong></span> <span class='ocrx_word' id='word_1_133' title='bbox 1359 1475 1419 1538; x_wconf 94' lang='lat' dir='ltr'><strong>Dei</strong></span> <span class='ocrx_word' id='word_1_134' title='bbox 1433 1475 1747 1555; x_wconf 90' lang='lat' dir='ltr'><strong>intemporetribu·</strong></span> <span class='ocrx_word' id='word_1_135' title='bbox 1783 1493 1785 1496; x_wconf 87' lang='lat'>·</span> 
     </span>
     <span class='ocr_line' id='line_1_13' title="bbox 129 1570 1745 1655; baseline 0.005 -23"><span class='ocrx_word' id='word_1_136' title='bbox 129 1571 202 1632; x_wconf 79' lang='lat' dir='ltr'><strong>iria</strong></span> <span class='ocrx_word' id='word_1_137' title='bbox 231 1574 313 1634; x_wconf 86' lang='lat' dir='ltr'><strong>sunt</strong></span> <span class='ocrx_word' id='word_1_138' title='bbox 339 1571 552 1634; x_wconf 87' lang='lat' dir='ltr'><strong>vocationum</strong></span> <span class='ocrx_word' id='word_1_139' title='bbox 579 1587 714 1648; x_wconf 85' lang='lat' dir='ltr'><strong>genera.</strong></span> <span class='ocrx_word' id='word_1_140' title='bbox 749 1571 888 1634; x_wconf 83' lang='lat' dir='ltr'><strong>vocatio</strong></span> <span class='ocrx_word' id='word_1_141' title='bbox 943 1570 1096 1643; x_wconf 90' lang='lat' dir='ltr'><strong>lationis,</strong></span> <span class='ocrx_word' id='word_1_142' title='bbox 1134 1571 1221 1636; x_wconf 86' lang='lat' dir='ltr'><strong>sicut</strong></span> <span class='ocrx_word' id='word_1_143' title='bbox 1250 1572 1355 1636; x_wconf 90' lang='lat' dir='ltr'><strong>nubes</strong></span> <span class='ocrx_word' id='word_1_144' title='bbox 1386 1573 1507 1651; x_wconf 85' lang='lat' dir='ltr'><strong>pluviae</strong></span> <span class='ocrx_word' id='word_1_145' title='bbox 1533 1576 1568 1637; x_wconf 90' lang='lat' dir='ltr'><strong>in</strong></span> <span class='ocrx_word' id='word_1_146' title='bbox 1596 1577 1745 1655; x_wconf 87' lang='lat' dir='ltr'><strong>ternpore</strong></span> 
     </span>
     <span class='ocr_line' id='line_1_14' title="bbox 96 1667 1744 1752; baseline 0.004 -22"><span class='ocrx_word' id='word_1_147' title='bbox 96 1669 207 1731; x_wconf 88' lang='lat' dir='ltr'><strong>etenim</strong></span> <span class='ocrx_word' id='word_1_148' title='bbox 221 1669 290 1731; x_wconf 87' lang='lat' dir='ltr'><strong>alia</strong></span> <span class='ocrx_word' id='word_1_149' title='bbox 307 1685 351 1732; x_wconf 86' lang='lat' dir='ltr'><strong>ex</strong></span> <span class='ocrx_word' id='word_1_150' title='bbox 365 1673 444 1742; x_wconf 92' lang='lat' dir='ltr'><strong>Deo,</strong></span> <span class='ocrx_word' id='word_1_151' title='bbox 465 1670 533 1731; x_wconf 88' lang='lat' dir='ltr'><strong>alia</strong></span> <span class='ocrx_word' id='word_1_152' title='bbox 547 1687 607 1748; x_wconf 92' lang='lat' dir='ltr'><strong>per</strong></span> <span class='ocrx_word' id='word_1_153' title='bbox 621 1669 800 1743; x_wconf 90' lang='lat' dir='ltr'><strong>hominem,</strong></span> <span class='ocrx_word' id='word_1_154' title='bbox 821 1668 889 1732; x_wconf 86' lang='lat' dir='ltr'><strong>alia</strong></span> <span class='ocrx_word' id='word_1_155' title='bbox 943 1667 1104 1732; x_wconf 88' lang='lat' dir='ltr'><strong>siccitatis</strong></span> <span class='ocrx_word' id='word_1_156' title='bbox 1123 1667 1238 1749; x_wconf 84' lang='lat' dir='ltr'><strong>(Eccli.</strong></span> <span class='ocrx_word' id='word_1_157' title='bbox 1255 1687 1361 1744; x_wconf 75' lang='lat' dir='ltr'><strong>xxxv,</strong></span> <span class='ocrx_word' id='word_1_158' title='bbox 1383 1670 1449 1752; x_wconf 83' lang='lat'><strong>26).</strong></span> <span class='ocrx_word' id='word_1_159' title='bbox 1477 1675 1619 1751; x_wconf 86' lang='lat' dir='ltr'><strong>Tempus</strong></span> <span class='ocrx_word' id='word_1_160' title='bbox 1641 1675 1744 1738; x_wconf 88' lang='lat' dir='ltr'><strong>sicci·-</strong></span> 
     </span>
     <span class='ocr_line' id='line_1_15' title="bbox 96 1761 1745 1847; baseline 0.004 -17"><span class='ocrx_word' id='word_1_161' title='bbox 96 1785 132 1830; x_wconf 85' lang='lat' dir='ltr'><strong>er</strong></span> <span class='ocrx_word' id='word_1_162' title='bbox 155 1769 369 1830; x_wconf 86' lang='lat' dir='ltr'><strong>necessitate.</strong></span> <span class='ocrx_word' id='word_1_163' title='bbox 390 1768 530 1830; x_wconf 86' lang='lat' dir='ltr'><strong>Vocatio</strong></span> <span class='ocrx_word' id='word_1_164' title='bbox 556 1785 599 1830; x_wconf 81' lang='lat' dir='ltr'><strong>ex</strong></span> <span class='ocrx_word' id='word_1_165' title='bbox 628 1771 695 1830; x_wconf 90' lang='lat' dir='ltr'><strong>Deo</strong></span> <span class='ocrx_word' id='word_1_166' title='bbox 719 1769 780 1842; x_wconf 90' lang='lat' dir='ltr'><strong>est,</strong></span> <span class='ocrx_word' id='word_1_167' title='bbox 805 1785 890 1846; x_wconf 85' lang='lat' dir='ltr'><strong>quo-</strong></span> <span class='ocrx_word' id='word_1_168' title='bbox 942 1767 1032 1839; x_wconf 88' lang='lat' dir='ltr'><strong>tatis,</strong></span> <span class='ocrx_word' id='word_1_169' title='bbox 1059 1767 1158 1841; x_wconf 91' lang='lat' dir='ltr'><strong>idest,</strong></span> <span class='ocrx_word' id='word_1_170' title='bbox 1180 1761 1551 1847; x_wconf 80' lang='lat' dir='ltr'><strong>tempus&#39;triouiationss</strong></span> <span class='ocrx_word' id='word_1_171' title='bbox 1572 1771 1635 1836; x_wconf 91' lang='lat' dir='ltr'><strong>fuit</strong></span> <span class='ocrx_word' id='word_1_172' title='bbox 1648 1773 1745 1838; x_wconf 89' lang='lat' dir='ltr'><strong>beato</strong></span> 
     </span>
     <span class='ocr_line' id='line_1_16' title="bbox 95 1865 1745 1947; baseline 0.004 -20"><span class='ocrx_word' id='word_1_173' title='bbox 95 1867 149 1928; x_wconf 89' lang='lat' dir='ltr'><strong>ties</strong></span> <span class='ocrx_word' id='word_1_174' title='bbox 175 1865 294 1928; x_wconf 81' lang='lat' dir='ltr'><strong>diuina</strong></span> <span class='ocrx_word' id='word_1_175' title='bbox 318 1865 494 1944; x_wconf 85' lang='lat' dir='ltr'><strong>inspiratio</strong></span> <span class='ocrx_word' id='word_1_176' title='bbox 518 1866 559 1929; x_wconf 91' lang='lat' dir='ltr'><strong>ad</strong></span> <span class='ocrx_word' id='word_1_177' title='bbox 586 1865 788 1930; x_wconf 89' lang='lat' dir='ltr'><strong>desiderium</strong></span> <span class='ocrx_word' id='word_1_178' title='bbox 810 1867 888 1930; x_wconf 86' lang='lat' dir='ltr'><strong>vitae</strong></span> <span class='ocrx_word' id='word_1_179' title='bbox 944 1865 1048 1928; x_wconf 91' lang='lat' dir='ltr'><strong>Paulo</strong></span> <span class='ocrx_word' id='word_1_180' title='bbox 1071 1865 1258 1943; x_wconf 82' lang='lat' dir='ltr'><strong>Apostolo,</strong></span> <span class='ocrx_word' id='word_1_181' title='bbox 1278 1867 1410 1945; x_wconf 86' lang='lat' dir='ltr'><strong>quando</strong></span> <span class='ocrx_word' id='word_1_182' title='bbox 1443 1868 1610 1947; x_wconf 89' lang='lat' dir='ltr'><strong>lapidatus</strong></span> <span class='ocrx_word' id='word_1_183' title='bbox 1635 1871 1686 1936; x_wconf 97' lang='grc' dir='ltr'><strong>θεῖ</strong></span> <span class='ocrx_word' id='word_1_184' title='bbox 1711 1871 1745 1934; x_wconf 90' lang='lat' dir='ltr'><strong>et</strong></span> 
     </span>
     <span class='ocr_line' id='line_1_17' title="bbox 95 1963 1745 2043; baseline 0.005 -18"><span class='ocrx_word' id='word_1_185' title='bbox 95 1967 219 2026; x_wconf 80' lang='lat' dir='ltr'><strong>sleruae</strong></span> <span class='ocrx_word' id='word_1_186' title='bbox 239 1980 305 2027; x_wconf 94' lang='lat' dir='ltr'><strong>nos</strong></span> <span class='ocrx_word' id='word_1_187' title='bbox 322 1965 458 2028; x_wconf 82' lang='lat' dir='ltr'><strong>excitat.</strong></span> <span class='ocrx_word' id='word_1_188' title='bbox 481 1965 620 2029; x_wconf 86' lang='lat' dir='ltr'><strong>vocatio</strong></span> <span class='ocrx_word' id='word_1_189' title='bbox 634 1980 694 2043; x_wconf 87' lang='lat' dir='ltr'><strong>per</strong></span> <span class='ocrx_word' id='word_1_190' title='bbox 718 1965 888 2028; x_wconf 90' lang='lat' dir='ltr'><strong>hominem</strong></span> <span class='ocrx_word' id='word_1_191' title='bbox 943 1963 1048 2040; x_wconf 84' lang='lat' dir='ltr'><strong>uirgis</strong></span> <span class='ocrx_word' id='word_1_192' title='bbox 1063 1979 1171 2026; x_wconf 82' lang='lat' dir='ltr'><strong>caesus</strong></span> <span class='ocrx_word' id='word_1_193' title='bbox 1184 1964 1219 2027; x_wconf 91' lang='lat' dir='ltr'><strong>et</strong></span> <span class='ocrx_word' id='word_1_194' title='bbox 1232 1963 1268 2026; x_wconf 92' lang='lat' dir='ltr'><strong>in</strong></span> <span class='ocrx_word' id='word_1_195' title='bbox 1281 1979 1449 2029; x_wconf 90' lang='lat' dir='ltr'><strong>carcerem</strong></span> <span class='ocrx_word' id='word_1_196' title='bbox 1465 1967 1598 2042; x_wconf 90' lang='lat' dir='ltr'><strong>missus,</strong></span> <span class='ocrx_word' id='word_1_197' title='bbox 1611 1967 1745 2033; x_wconf 85' lang='lat' dir='ltr'><strong>etfama</strong></span> 
     </span>
     <span class='ocr_line' id='line_1_18' title="bbox 96 2051 1746 2145; baseline 0.004 -23"><span class='ocrx_word' id='word_1_198' title='bbox 96 2062 207 2124; x_wconf 88' lang='lat' dir='ltr'><strong>dicitur</strong></span> <span class='ocrx_word' id='word_1_199' title='bbox 220 2061 311 2135; x_wconf 84' lang='lat' dir='ltr'><strong>fleri,</strong></span> <span class='ocrx_word' id='word_1_200' title='bbox 333 2062 463 2141; x_wconf 86' lang='lat' dir='ltr'><strong>quoties</strong></span> <span class='ocrx_word' id='word_1_201' title='bbox 486 2063 648 2141; x_wconf 82' lang='lat' dir='ltr'><strong>exemplis</strong></span> <span class='ocrx_word' id='word_1_202' title='bbox 674 2063 728 2124; x_wconf 81' lang='lat' dir='ltr'><strong>rel</strong></span> <span class='ocrx_word' id='word_1_203' title='bbox 752 2062 888 2145; x_wconf 89' lang='lat' dir='ltr'><strong>monitis</strong></span> <span class='ocrx_word' id='word_1_204' title='bbox 944 2062 977 2124; x_wconf 89' lang='lat' dir='ltr'><strong>et</strong></span> <span class='ocrx_word' id='word_1_205' title='bbox 991 2061 1048 2125; x_wconf 91' lang='lat' dir='ltr'><strong>siti</strong></span> <span class='ocrx_word' id='word_1_206' title='bbox 1063 2063 1221 2126; x_wconf 84' lang='lat' dir='ltr'><strong>simultis</strong></span> <span class='ocrx_word' id='word_1_207' title='bbox 1235 2062 1507 2128; x_wconf 85' lang='lat' dir='ltr'><strong>tribulationibus</strong></span> <span class='ocrx_word' id='word_1_208' title='bbox 1523 2066 1556 2128; x_wconf 90' lang='lat' dir='ltr'><strong>et</strong></span> <span class='ocrx_word' id='word_1_209' title='bbox 1570 2051 1746 2130; x_wconf 85' lang='lat' dir='ltr'><strong>tormentis</strong></span> 
     </span>
     <span class='ocr_line' id='line_1_19' title="bbox 95 2159 1745 2242; baseline 0.004 -20"><span class='ocrx_word' id='word_1_210' title='bbox 95 2163 279 2223; x_wconf 86' lang='lat' dir='ltr'><strong>sanctorum</strong></span> <span class='ocrx_word' id='word_1_211' title='bbox 294 2161 444 2223; x_wconf 84' lang='lat' dir='ltr'><strong>virorum</strong></span> <span class='ocrx_word' id='word_1_212' title='bbox 467 2160 615 2238; x_wconf 87' lang='lat' dir='ltr'><strong>instigati</strong></span> <span class='ocrx_word' id='word_1_213' title='bbox 630 2160 671 2223; x_wconf 89' lang='lat' dir='ltr'><strong>ad</strong></span> <span class='ocrx_word' id='word_1_214' title='bbox 687 2161 889 2224; x_wconf 88' lang='lat' dir='ltr'><strong>desiderium</strong></span> <span class='ocrx_word' id='word_1_215' title='bbox 944 2159 1097 2224; x_wconf 89' lang='lat' dir='ltr'><strong>afflictus.</strong></span> <span class='ocrx_word' id='word_1_216' title='bbox 1121 2161 1185 2224; x_wconf 86' lang='lat' dir='ltr'><strong>Sed</strong></span> <span class='ocrx_word' id='word_1_217' title='bbox 1204 2166 1292 2224; x_wconf 90' lang='lat' dir='ltr'><strong>Deus</strong></span> <span class='ocrx_word' id='word_1_218' title='bbox 1312 2162 1402 2226; x_wconf 90' lang='lat' dir='ltr'><strong>dedit</strong></span> <span class='ocrx_word' id='word_1_219' title='bbox 1420 2163 1451 2226; x_wconf 92' lang='lat' dir='ltr'><strong>ei</strong></span> <span class='ocrx_word' id='word_1_220' title='bbox 1472 2163 1594 2226; x_wconf 90' lang='lat' dir='ltr'><strong>nubem</strong></span> <span class='ocrx_word' id='word_1_221' title='bbox 1610 2164 1745 2242; x_wconf 83' lang='lat' dir='ltr'><strong>pluviae,</strong></span> 
     </span>
     <span class='ocr_line' id='line_1_20' title="bbox 95 2257 1744 2338; baseline 0.004 -20"><span class='ocrx_word' id='word_1_222' title='bbox 95 2275 221 2320; x_wconf 83' lang='lat' dir='ltr'><strong>summae</strong></span> <span class='ocrx_word' id='word_1_223' title='bbox 255 2259 376 2321; x_wconf 90' lang='lat' dir='ltr'><strong>salutis</strong></span> <span class='ocrx_word' id='word_1_224' title='bbox 411 2259 635 2322; x_wconf 86' lang='lat' dir='ltr'><strong>accendimur.</strong></span> <span class='ocrx_word' id='word_1_225' title='bbox 673 2259 812 2322; x_wconf 81' lang='lat' dir='ltr'><strong>vocatio</strong></span> <span class='ocrx_word' id='word_1_226' title='bbox 846 2274 889 2320; x_wconf 83' lang='lat' dir='ltr'><strong>ex</strong></span> <span class='ocrx_word' id='word_1_227' title='bbox 943 2257 1039 2332; x_wconf 90' lang='lat' dir='ltr'><strong>idest,</strong></span> <span class='ocrx_word' id='word_1_228' title='bbox 1065 2258 1279 2338; x_wconf 81' lang='lat' dir='ltr'><strong>refrigerium</strong></span> <span class='ocrx_word' id='word_1_229' title='bbox 1293 2261 1435 2324; x_wconf 87' lang='lat' dir='ltr'><strong>internae</strong></span> <span class='ocrx_word' id='word_1_230' title='bbox 1452 2262 1581 2338; x_wconf 86' lang='lat' dir='ltr'><strong>gratiae,</strong></span> <span class='ocrx_word' id='word_1_231' title='bbox 1605 2262 1744 2326; x_wconf 83' lang='lat' dir='ltr'><strong>diceus:</strong></span> 
     </span>
     <span class='ocr_line' id='line_1_21' title="bbox 96 2356 1745 2436; baseline 0.004 -18"><span class='ocrx_word' id='word_1_232' title='bbox 96 2357 289 2420; x_wconf 85' lang='lat' dir='ltr'><strong>necessitate</strong></span> <span class='ocrx_word' id='word_1_233' title='bbox 311 2357 372 2429; x_wconf 90' lang='lat' dir='ltr'><strong>est,</strong></span> <span class='ocrx_word' id='word_1_234' title='bbox 400 2373 475 2420; x_wconf 91' lang='lat' dir='ltr'><strong>cum</strong></span> <span class='ocrx_word' id='word_1_235' title='bbox 500 2356 625 2420; x_wconf 83' lang='lat' dir='ltr'><strong>divitiis</strong></span> <span class='ocrx_word' id='word_1_236' title='bbox 650 2356 750 2436; x_wconf 85' lang='lat' dir='ltr'><strong>hujus</strong></span> <span class='ocrx_word' id='word_1_237' title='bbox 774 2357 889 2420; x_wconf 92' lang='lat' dir='ltr'><strong>mundi</strong></span> <span class='ocrx_word' id='word_1_238' title='bbox 945 2357 1074 2419; x_wconf 85' lang='lat' dir='ltr'><strong>Sufficit</strong></span> <span class='ocrx_word' id='word_1_239' title='bbox 1094 2357 1166 2431; x_wconf 89' lang='lat' dir='ltr'><strong>tibi,</strong></span> <span class='ocrx_word' id='word_1_240' title='bbox 1196 2358 1310 2423; x_wconf 87' lang='lat' dir='ltr'><strong>Paule.</strong></span> <span class='ocrx_word' id='word_1_241' title='bbox 1333 2360 1441 2434; x_wconf 91' lang='lat' dir='ltr'><strong>gratia</strong></span> <span class='ocrx_word' id='word_1_242' title='bbox 1458 2375 1543 2431; x_wconf 87' lang='lat' dir='ltr'><strong>mea,</strong></span> <span class='ocrx_word' id='word_1_243' title='bbox 1559 2359 1595 2421; x_wconf 94' lang='lat' dir='ltr'><strong>in</strong></span> <span class='ocrx_word' id='word_1_244' title='bbox 1616 2361 1745 2424; x_wconf 90' lang='lat' dir='ltr'><strong>tantum</strong></span> 
     </span>
     <span class='ocr_line' id='line_1_22' title="bbox 94 2453 1745 2534; baseline 0.004 -18"><span class='ocrx_word' id='word_1_245' title='bbox 94 2455 140 2516; x_wconf 88' lang='lat' dir='ltr'><strong>rel</strong></span> <span class='ocrx_word' id='word_1_246' title='bbox 153 2454 382 2533; x_wconf 82' lang='lat' dir='ltr'><strong>voluptatibus</strong></span> <span class='ocrx_word' id='word_1_247' title='bbox 401 2454 551 2532; x_wconf 89' lang='lat' dir='ltr'><strong>obligati,</strong></span> <span class='ocrx_word' id='word_1_248' title='bbox 578 2456 810 2533; x_wconf 78' lang='lat' dir='ltr'><strong>ingruentibus</strong></span> <span class='ocrx_word' id='word_1_249' title='bbox 828 2473 888 2519; x_wconf 89' lang='lat' dir='ltr'><strong>re·</strong></span> <span class='ocrx_word' id='word_1_250' title='bbox 943 2453 1029 2534; x_wconf 83' lang='lat' dir='ltr'><strong>quod</strong></span> <span class='ocrx_word' id='word_1_251' title='bbox 1047 2454 1152 2518; x_wconf 89' lang='lat' dir='ltr'><strong>fames</strong></span> <span class='ocrx_word' id='word_1_252' title='bbox 1167 2455 1241 2518; x_wconf 89' lang='lat' dir='ltr'><strong>erat</strong></span> <span class='ocrx_word' id='word_1_253' title='bbox 1252 2456 1284 2518; x_wconf 89' lang='lat' dir='ltr'><strong>ei</strong></span> <span class='ocrx_word' id='word_1_254' title='bbox 1298 2455 1449 2525; x_wconf 88' lang='lat' dir='ltr'><strong>refectio,</strong></span> <span class='ocrx_word' id='word_1_255' title='bbox 1476 2457 1509 2520; x_wconf 88' lang='lat' dir='ltr'><strong>et</strong></span> <span class='ocrx_word' id='word_1_256' title='bbox 1527 2459 1745 2522; x_wconf 84' lang='lat' dir='ltr'><strong>necessitates</strong></span> 
     </span>
     <span class='ocr_line' id='line_1_23' title="bbox 18 2551 1744 2634; baseline 0.003 -20"><span class='ocrx_word' id='word_1_257' title='bbox 18 2551 19 2554; x_wconf 74' lang='grc'>’</span> <span class='ocrx_word' id='word_1_258' title='bbox 95 2554 182 2630; x_wconf 84' lang='grc' dir='ltr'><strong>ρθρῖθ</strong></span> <span class='ocrx_word' id='word_1_259' title='bbox 193 2552 440 2616; x_wconf 88' lang='lat' dir='ltr'><strong>tentationibus</strong></span> <span class='ocrx_word' id='word_1_260' title='bbox 455 2570 529 2632; x_wconf 85' lang='lat' dir='ltr'><strong>quse</strong></span> <span class='ocrx_word' id='word_1_261' title='bbox 542 2553 596 2616; x_wconf 81' lang='lat' dir='ltr'><strong>rel</strong></span> <span class='ocrx_word' id='word_1_262' title='bbox 610 2555 728 2618; x_wconf 92' lang='lat' dir='ltr'><strong>mortis</strong></span> <span class='ocrx_word' id='word_1_263' title='bbox 740 2554 888 2633; x_wconf 87' lang='lat' dir='ltr'><strong>pericula</strong></span> <span class='ocrx_word' id='word_1_264' title='bbox 942 2552 1165 2630; x_wconf 75' lang='lat' dir='ltr'><strong>refrigeratio,</strong></span> <span class='ocrx_word' id='word_1_265' title='bbox 1179 2553 1212 2615; x_wconf 94' lang='lat' dir='ltr'><strong>et</strong></span> <span class='ocrx_word' id='word_1_266' title='bbox 1225 2554 1347 2616; x_wconf 83' lang='lat' dir='ltr'><strong>caetera</strong></span> <span class='ocrx_word' id='word_1_267' title='bbox 1359 2554 1524 2618; x_wconf 87' lang='lat' dir='ltr'><strong>tormenta</strong></span> <span class='ocrx_word' id='word_1_268' title='bbox 1537 2556 1633 2633; x_wconf 84' lang='lat' dir='ltr'><strong>quasi</strong></span> <span class='ocrx_word' id='word_1_269' title='bbox 1648 2573 1744 2634; x_wconf 82' lang='lat' dir='ltr'><strong>quae-</strong></span> 
     </span>
     <span class='ocr_line' id='line_1_24' title="bbox 95 2651 1746 2731; baseline 0.004 -19"><span class='ocrx_word' id='word_1_270' title='bbox 95 2651 346 2724; x_wconf 88' lang='lat' dir='ltr'><strong>comminantur,</strong></span> <span class='ocrx_word' id='word_1_271' title='bbox 363 2651 416 2714; x_wconf 80' lang='lat' dir='ltr'><strong>vel</strong></span> <span class='ocrx_word' id='word_1_272' title='bbox 432 2652 648 2716; x_wconf 88' lang='lat' dir='ltr'><strong>amissionem</strong></span> <span class='ocrx_word' id='word_1_273' title='bbox 661 2651 822 2716; x_wconf 91' lang='lat' dir='ltr'><strong>bonorum</strong></span> <span class='ocrx_word' id='word_1_274' title='bbox 835 2653 888 2715; x_wconf 84' lang='lat' dir='ltr'><strong>rel</strong></span> <span class='ocrx_word' id='word_1_275' title='bbox 943 2651 1019 2713; x_wconf 91' lang='lat' dir='ltr'><strong>dam</strong></span> <span class='ocrx_word' id='word_1_276' title='bbox 1031 2651 1143 2714; x_wconf 87' lang='lat' dir='ltr'><strong>dulcia</strong></span> <span class='ocrx_word' id='word_1_277' title='bbox 1157 2651 1291 2727; x_wconf 88' lang='lat' dir='ltr'><strong>gaudia.</strong></span> <span class='ocrx_word' id='word_1_278' title='bbox 1305 2653 1399 2716; x_wconf 89' lang='lat' dir='ltr'><strong>Unde</strong></span> <span class='ocrx_word' id='word_1_279' title='bbox 1412 2651 1483 2730; x_wconf 91' lang='lat' dir='ltr'><strong>ipse</strong></span> <span class='ocrx_word' id='word_1_280' title='bbox 1497 2669 1557 2731; x_wconf 93' lang='lat' dir='ltr'><strong>pro</strong></span> <span class='ocrx_word' id='word_1_281' title='bbox 1572 2654 1632 2716; x_wconf 89' lang='lat' dir='ltr'><strong>tali</strong></span> <span class='ocrx_word' id='word_1_282' title='bbox 1647 2655 1746 2718; x_wconf 87' lang='lat' dir='ltr'><strong>mise·</strong></span> 
     </span>
     <span class='ocr_line' id='line_1_25' title="bbox 95 2748 1741 2830; baseline 0.004 -20"><span class='ocrx_word' id='word_1_283' title='bbox 95 2749 367 2828; x_wconf 85' lang='lat' dir='ltr'><strong>pmscriptionem</strong></span> <span class='ocrx_word' id='word_1_284' title='bbox 400 2750 592 2827; x_wconf 90' lang='lat' dir='ltr'><strong>percutiunt</strong></span> <span class='ocrx_word' id='word_1_285' title='bbox 623 2751 678 2812; x_wconf 82' lang='lat' dir='ltr'><strong>rel</strong></span> <span class='ocrx_word' id='word_1_286' title='bbox 711 2750 889 2815; x_wconf 89' lang='lat' dir='ltr'><strong>charorum</strong></span> <span class='ocrx_word' id='word_1_287' title='bbox 942 2748 1196 2822; x_wconf 82' lang='lat' dir='ltr'><strong>ricordiadinit,</strong></span> <span class='ocrx_word' id='word_1_288' title='bbox 1210 2749 1296 2828; x_wconf 79' lang='lat' dir='ltr'><strong>quod</strong></span> <span class='ocrx_word' id='word_1_289' title='bbox 1312 2753 1741 2830; x_wconf 68' lang='lat' dir='ltr'><strong>nequemorsmequevita,</strong></span> 
     </span>
     <span class='ocr_line' id='line_1_26' title="bbox 96 2848 1747 2928; baseline 0.005 -22"><span class='ocrx_word' id='word_1_290' title='bbox 96 2849 189 2909; x_wconf 85' lang='lat' dir='ltr'><strong>morte</strong></span> <span class='ocrx_word' id='word_1_291' title='bbox 212 2849 454 2926; x_wconf 89' lang='lat' dir='ltr'><strong>compungunt,</strong></span> <span class='ocrx_word' id='word_1_292' title='bbox 478 2850 516 2910; x_wconf 90' lang='lat' dir='ltr'><strong>ut</strong></span> <span class='ocrx_word' id='word_1_293' title='bbox 536 2848 578 2910; x_wconf 94' lang='lat' dir='ltr'><strong>ad</strong></span> <span class='ocrx_word' id='word_1_294' title='bbox 602 2851 706 2911; x_wconf 90' lang='lat' dir='ltr'><strong>Deum</strong></span> <span class='ocrx_word' id='word_1_295' title='bbox 729 2867 827 2928; x_wconf 82' lang='lat' dir='ltr'><strong>quem</strong></span> <span class='ocrx_word' id='word_1_296' title='bbox 853 2851 888 2912; x_wconf 93' lang='lat' dir='ltr'><strong>in</strong></span> <span class='ocrx_word' id='word_1_297' title='bbox 943 2863 1051 2926; x_wconf 86' lang='lat' dir='ltr'><strong>neque</strong></span> <span class='ocrx_word' id='word_1_298' title='bbox 1066 2848 1256 2927; x_wconf 83' lang='lat' dir='ltr'><strong>praesentia,</strong></span> <span class='ocrx_word' id='word_1_299' title='bbox 1274 2864 1383 2926; x_wconf 86' lang='lat' dir='ltr'><strong>neque</strong></span> <span class='ocrx_word' id='word_1_300' title='bbox 1397 2848 1508 2910; x_wconf 86' lang='lat' dir='ltr'><strong>futura</strong></span> <span class='ocrx_word' id='word_1_301' title='bbox 1523 2850 1678 2926; x_wconf 89' lang='lat' dir='ltr'><strong>poterunt</strong></span> <span class='ocrx_word' id='word_1_302' title='bbox 1694 2867 1747 2914; x_wconf 86' lang='lat' dir='ltr'><strong>se·</strong></span> 
     </span>
     <span class='ocr_line' id='line_1_27' title="bbox 96 2945 1744 3025; baseline 0.004 -17"><span class='ocrx_word' id='word_1_303' title='bbox 96 2946 309 3024; x_wconf 89' lang='lat' dir='ltr'><strong>prosperitate</strong></span> <span class='ocrx_word' id='word_1_304' title='bbox 336 2947 430 3025; x_wconf 88' lang='lat' dir='ltr'><strong>sequi</strong></span> <span class='ocrx_word' id='word_1_305' title='bbox 461 2947 735 3025; x_wconf 88' lang='lat' dir='ltr'><strong>contempsimus,</strong></span> <span class='ocrx_word' id='word_1_306' title='bbox 770 2949 888 3013; x_wconf 88' lang='lat' dir='ltr'><strong>saltem</strong></span> <span class='ocrx_word' id='word_1_307' title='bbox 943 2962 1063 3024; x_wconf 90' lang='lat' dir='ltr'><strong>parare</strong></span> <span class='ocrx_word' id='word_1_308' title='bbox 1078 2962 1097 3010; x_wconf 90' lang='lat' dir='ltr'><strong>a</strong></span> <span class='ocrx_word' id='word_1_309' title='bbox 1113 2946 1276 3012; x_wconf 84' lang='lat' dir='ltr'><strong>charitate</strong></span> <span class='ocrx_word' id='word_1_310' title='bbox 1296 2945 1367 3020; x_wconf 90' lang='lat' dir='ltr'><strong>Dei,</strong></span> <span class='ocrx_word' id='word_1_311' title='bbox 1394 2963 1467 3025; x_wconf 80' lang='lat' dir='ltr'><strong>qum</strong></span> <span class='ocrx_word' id='word_1_312' title='bbox 1489 2948 1539 3013; x_wconf 89' lang='lat' dir='ltr'><strong>est</strong></span> <span class='ocrx_word' id='word_1_313' title='bbox 1562 2947 1598 3010; x_wconf 90' lang='lat' dir='ltr'><strong>in</strong></span> <span class='ocrx_word' id='word_1_314' title='bbox 1612 2948 1744 3014; x_wconf 87' lang='lat' dir='ltr'><strong>Christo</strong></span> 
     </span>
     <span class='ocr_line' id='line_1_28' title="bbox 18 3043 1034 3124; baseline -0.005 -14"><span class='ocrx_word' id='word_1_315' title='bbox 18 3107 19 3110; x_wconf 74' lang='grc'>,</span> <span class='ocrx_word' id='word_1_316' title='bbox 97 3043 182 3106; x_wconf 86' lang='lat' dir='ltr'><strong>inriti</strong></span> <span class='ocrx_word' id='word_1_317' title='bbox 196 3060 382 3124; x_wconf 86' lang='lat' dir='ltr'><strong>properare</strong></span> <span class='ocrx_word' id='word_1_318' title='bbox 397 3045 647 3124; x_wconf 87' lang='lat' dir='ltr'><strong>compellamur.</strong></span> <span class='ocrx_word' id='word_1_319' title='bbox 671 3047 732 3110; x_wconf 83' lang='lat' dir='ltr'><strong>Ast</strong></span> <span class='ocrx_word' id='word_1_320' title='bbox 747 3047 799 3110; x_wconf 82' lang='lat' dir='ltr'><strong>hae</strong></span> <span class='ocrx_word' id='word_1_321' title='bbox 814 3047 889 3110; x_wconf 85' lang='lat' dir='ltr'><strong>duae</strong></span> <span class='ocrx_word' id='word_1_322' title='bbox 943 3047 1034 3109; x_wconf 90' lang='lat' dir='ltr'><strong>Jesu.</strong></span> 
     </span>
     <span class='ocr_line' id='line_1_29' title="bbox 98 3141 1744 3223; baseline 0.005 -22"><span class='ocrx_word' id='word_1_323' title='bbox 98 3142 281 3204; x_wconf 73' lang='lat' dir='ltr'><strong>vocationes</strong></span> <span class='ocrx_word' id='word_1_324' title='bbox 308 3142 480 3220; x_wconf 90' lang='lat' dir='ltr'><strong>decipiunt</strong></span> <span class='ocrx_word' id='word_1_325' title='bbox 507 3143 541 3206; x_wconf 91' lang='lat' dir='ltr'><strong>et</strong></span> <span class='ocrx_word' id='word_1_326' title='bbox 565 3142 788 3222; x_wconf 89' lang='lat' dir='ltr'><strong>decipiuntur,</strong></span> <span class='ocrx_word' id='word_1_327' title='bbox 815 3161 889 3223; x_wconf 81' lang='lat' dir='ltr'><strong>qum</strong></span> <span class='ocrx_word' id='word_1_328' title='bbox 985 3142 1079 3206; x_wconf 90' lang='lat' dir='ltr'><strong>Unde</strong></span> <span class='ocrx_word' id='word_1_329' title='bbox 1099 3141 1216 3205; x_wconf 91' lang='lat' dir='ltr'><strong>beatus</strong></span> <span class='ocrx_word' id='word_1_330' title='bbox 1238 3143 1420 3220; x_wconf 86' lang='lat' dir='ltr'><strong>Gregorius</strong></span> <span class='ocrx_word' id='word_1_331' title='bbox 1437 3161 1481 3206; x_wconf 74' lang='lat' dir='ltr'><strong>:c</strong></span> <span class='ocrx_word' id='word_1_332' title='bbox 1500 3147 1653 3218; x_wconf 85' lang='lat' dir='ltr'><strong>Pensate,</strong></span> <span class='ocrx_word' id='word_1_333' title='bbox 1670 3145 1744 3210; x_wconf 88' lang='lat' dir='ltr'><strong>fra-</strong></span> 
     </span>
     <span class='ocr_line' id='line_1_30' title="bbox 98 3235 1746 3322; baseline 0.006 -26"><span class='ocrx_word' id='word_1_334' title='bbox 98 3235 210 3302; x_wconf 89' lang='lat' dir='ltr'><strong>fuerint</strong></span> <span class='ocrx_word' id='word_1_335' title='bbox 232 3255 297 3317; x_wconf 88' lang='lat' dir='ltr'><strong>per</strong></span> <span class='ocrx_word' id='word_1_336' title='bbox 324 3238 504 3313; x_wconf 91' lang='lat' dir='ltr'><strong>hominem,</strong></span> <span class='ocrx_word' id='word_1_337' title='bbox 530 3241 589 3303; x_wconf 90' lang='lat' dir='ltr'><strong>aut</strong></span> <span class='ocrx_word' id='word_1_338' title='bbox 612 3256 655 3303; x_wconf 83' lang='lat' dir='ltr'><strong>ex</strong></span> <span class='ocrx_word' id='word_1_339' title='bbox 677 3241 888 3304; x_wconf 86' lang='lat' dir='ltr'><strong>necessitate.</strong></span> <span class='ocrx_word' id='word_1_340' title='bbox 942 3241 1023 3315; x_wconf 87' lang='lat' dir='ltr'><strong>tres,</strong></span> <span class='ocrx_word' id='word_1_341' title='bbox 1038 3241 1161 3319; x_wconf 79' lang='lat' dir='ltr'><strong>quanta</strong></span> <span class='ocrx_word' id='word_1_342' title='bbox 1178 3242 1230 3303; x_wconf 90' lang='lat' dir='ltr'><strong>est</strong></span> <span class='ocrx_word' id='word_1_343' title='bbox 1245 3241 1405 3318; x_wconf 88' lang='lat' dir='ltr'><strong>patientia</strong></span> <span class='ocrx_word' id='word_1_344' title='bbox 1420 3241 1493 3315; x_wconf 91' lang='lat' dir='ltr'><strong>Dei,</strong></span> <span class='ocrx_word' id='word_1_345' title='bbox 1509 3242 1543 3305; x_wconf 87' lang='lat' dir='ltr'><strong>ct</strong></span> <span class='ocrx_word' id='word_1_346' title='bbox 1555 3243 1678 3322; x_wconf 90' lang='lat' dir='ltr'><strong>quanta</strong></span> <span class='ocrx_word' id='word_1_347' title='bbox 1693 3243 1746 3306; x_wconf 91' lang='lat' dir='ltr'><strong>est</strong></span> 
     </span>
     <span class='ocr_line' id='line_1_31' title="bbox 97 3336 1747 3419; baseline 0.005 -24"><span class='ocrx_word' id='word_1_348' title='bbox 97 3336 197 3399; x_wconf 83' lang='lat' dir='ltr'><strong>Tertia</strong></span> <span class='ocrx_word' id='word_1_349' title='bbox 217 3353 301 3401; x_wconf 83' lang='lat' dir='ltr'><strong>vero</strong></span> <span class='ocrx_word' id='word_1_350' title='bbox 325 3353 399 3415; x_wconf 82' lang='lat' dir='ltr'><strong>qum</strong></span> <span class='ocrx_word' id='word_1_351' title='bbox 420 3337 457 3401; x_wconf 87' lang='lat' dir='ltr'><strong>fit</strong></span> <span class='ocrx_word' id='word_1_352' title='bbox 478 3353 498 3400; x_wconf 92' lang='lat' dir='ltr'><strong>a</strong></span> <span class='ocrx_word' id='word_1_353' title='bbox 519 3339 588 3400; x_wconf 90' lang='lat' dir='ltr'><strong>Deo</strong></span> <span class='ocrx_word' id='word_1_354' title='bbox 602 3353 782 3418; x_wconf 82' lang='lat' dir='ltr'><strong>numquam</strong></span> <span class='ocrx_word' id='word_1_355' title='bbox 806 3339 890 3404; x_wconf 87' lang='lat' dir='ltr'><strong>fallit</strong></span> <span class='ocrx_word' id='word_1_356' title='bbox 944 3338 1153 3416; x_wconf 90' lang='lat' dir='ltr'><strong>impatientia</strong></span> <span class='ocrx_word' id='word_1_357' title='bbox 1168 3339 1294 3402; x_wconf 89' lang='lat' dir='ltr'><strong>nostra.</strong></span> <span class='ocrx_word' id='word_1_358' title='bbox 1307 3356 1325 3400; x_wconf 77' lang='lat' dir='ltr'><strong>s</strong></span> <span class='ocrx_word' id='word_1_359' title='bbox 1340 3341 1409 3401; x_wconf 92' lang='lat' dir='ltr'><strong>Nos</strong></span> <span class='ocrx_word' id='word_1_360' title='bbox 1424 3341 1453 3402; x_wconf 95' lang='lat' dir='ltr'><strong>si</strong></span> <span class='ocrx_word' id='word_1_361' title='bbox 1467 3340 1602 3419; x_wconf 87' lang='lat' dir='ltr'><strong>injuriis</strong></span> <span class='ocrx_word' id='word_1_362' title='bbox 1614 3342 1672 3404; x_wconf 91' lang='lat' dir='ltr'><strong>aut</strong></span> <span class='ocrx_word' id='word_1_363' title='bbox 1686 3341 1747 3404; x_wconf 90' lang='lat' dir='ltr'><strong>ali·</strong></span> 
     </span>
     <span class='ocr_line' id='line_1_32' title="bbox 99 3435 1745 3516; baseline 0.005 -21"><span class='ocrx_word' id='word_1_364' title='bbox 99 3435 143 3495; x_wconf 81' lang='lat' dir='ltr'><strong>rel</strong></span> <span class='ocrx_word' id='word_1_365' title='bbox 157 3435 296 3498; x_wconf 87' lang='lat' dir='ltr'><strong>fallitur.</strong></span> <span class='ocrx_word' id='word_1_366' title='bbox 945 3453 1009 3516; x_wconf 84' lang='lat' dir='ltr'><strong>qua</strong></span> <span class='ocrx_word' id='word_1_367' title='bbox 1032 3436 1171 3500; x_wconf 88' lang='lat' dir='ltr'><strong>laesione</strong></span> <span class='ocrx_word' id='word_1_368' title='bbox 1199 3452 1431 3514; x_wconf 85' lang='lat' dir='ltr'><strong>provocamur,</strong></span> <span class='ocrx_word' id='word_1_369' title='bbox 1468 3438 1580 3500; x_wconf 90' lang='lat' dir='ltr'><strong>furore</strong></span> <span class='ocrx_word' id='word_1_370' title='bbox 1608 3443 1666 3504; x_wconf 87' lang='lat' dir='ltr'><strong>aut</strong></span> <span class='ocrx_word' id='word_1_371' title='bbox 1692 3441 1745 3504; x_wconf 89' lang='lat' dir='ltr'><strong>ira</strong></span> 
     </span>
     <span class='ocr_line' id='line_1_33' title="bbox 132 3534 1747 3616; baseline 0.003 -21"><span class='ocrx_word' id='word_1_372' title='bbox 132 3534 219 3598; x_wconf 87' lang='lat' dir='ltr'><strong>Unde</strong></span> <span class='ocrx_word' id='word_1_373' title='bbox 234 3536 271 3598; x_wconf 91' lang='lat' dir='ltr'><strong>et</strong></span> <span class='ocrx_word' id='word_1_374' title='bbox 289 3535 327 3596; x_wconf 92' lang='lat' dir='ltr'><strong>iu</strong></span> <span class='ocrx_word' id='word_1_375' title='bbox 349 3551 389 3598; x_wconf 90' lang='lat' dir='ltr'><strong>eo</strong></span> <span class='ocrx_word' id='word_1_376' title='bbox 405 3535 602 3614; x_wconf 90' lang='lat' dir='ltr'><strong>completum</strong></span> <span class='ocrx_word' id='word_1_377' title='bbox 622 3537 708 3616; x_wconf 85' lang='lat' dir='ltr'><strong>quod</strong></span> <span class='ocrx_word' id='word_1_378' title='bbox 730 3539 890 3600; x_wconf 89' lang='lat' dir='ltr'><strong>Dominus</strong></span> <span class='ocrx_word' id='word_1_379' title='bbox 945 3535 1100 3600; x_wconf 89' lang='lat' dir='ltr'><strong>commoti</strong></span> <span class='ocrx_word' id='word_1_380' title='bbox 1123 3535 1183 3596; x_wconf 92' lang='lat' dir='ltr'><strong>aut</strong></span> <span class='ocrx_word' id='word_1_381' title='bbox 1208 3536 1367 3612; x_wconf 88' lang='lat' dir='ltr'><strong>quantum</strong></span> <span class='ocrx_word' id='word_1_382' title='bbox 1386 3551 1574 3613; x_wconf 87' lang='lat' dir='ltr'><strong>possumus,</strong></span> <span class='ocrx_word' id='word_1_383' title='bbox 1599 3537 1747 3600; x_wconf 85' lang='lat' dir='ltr'><strong>nosmet·-</strong></span> 
     </span>
     <span class='ocr_line' id='line_1_34' title="bbox 99 3633 1746 3713; baseline 0.001 -19"><span class='ocrx_word' id='word_1_384' title='bbox 99 3633 287 3708; x_wconf 87' lang='lat' dir='ltr'><strong>promiserat</strong></span> <span class='ocrx_word' id='word_1_385' title='bbox 321 3647 382 3712; x_wconf 91' lang='lat' dir='ltr'><strong>per</strong></span> <span class='ocrx_word' id='word_1_386' title='bbox 412 3635 607 3713; x_wconf 90' lang='lat' dir='ltr'><strong>prophetam</strong></span> <span class='ocrx_word' id='word_1_387' title='bbox 643 3637 848 3698; x_wconf 82' lang='lat' dir='ltr'><strong>Ezechielem</strong></span> <span class='ocrx_word' id='word_1_388' title='bbox 880 3659 888 3698; x_wconf 73' lang='grc' dir='ltr'>ε</span> <span class='ocrx_word' id='word_1_389' title='bbox 944 3635 1035 3712; x_wconf 91' lang='lat' dir='ltr'><strong>ipsos</strong></span> <span class='ocrx_word' id='word_1_390' title='bbox 1057 3633 1266 3705; x_wconf 90' lang='lat' dir='ltr'><strong>ulciscimur,</strong></span> <span class='ocrx_word' id='word_1_391' title='bbox 1290 3634 1348 3696; x_wconf 87' lang='lat' dir='ltr'><strong>aut</strong></span> <span class='ocrx_word' id='word_1_392' title='bbox 1368 3633 1456 3711; x_wconf 85' lang='lat' dir='ltr'><strong>quod</strong></span> <span class='ocrx_word' id='word_1_393' title='bbox 1479 3650 1546 3696; x_wconf 90' lang='lat' dir='ltr'><strong>non</strong></span> <span class='ocrx_word' id='word_1_394' title='bbox 1569 3650 1746 3711; x_wconf 89' lang='lat' dir='ltr'><strong>possumus</strong></span> 
     </span>
     <span class='ocr_line' id='line_1_35' title="bbox 105 3730 1747 3810; baseline 0.002 -19"><span class='ocrx_word' id='word_1_395' title='bbox 105 3732 175 3793; x_wconf 83' lang='lat' dir='ltr'><strong>Vivo</strong></span> <span class='ocrx_word' id='word_1_396' title='bbox 201 3747 283 3810; x_wconf 74' lang='lat' dir='ltr'><strong>ego,</strong></span> <span class='ocrx_word' id='word_1_397' title='bbox 321 3730 403 3794; x_wconf 90' lang='lat' dir='ltr'><strong>dicit</strong></span> <span class='ocrx_word' id='word_1_398' title='bbox 429 3733 605 3807; x_wconf 85' lang='lat' dir='ltr'><strong>Dominus,</strong></span> <span class='ocrx_word' id='word_1_399' title='bbox 640 3739 716 3797; x_wconf 81' lang='lat' dir='ltr'><strong>nolo</strong></span> <span class='ocrx_word' id='word_1_400' title='bbox 742 3736 891 3798; x_wconf 82' lang='lat' dir='ltr'><strong>mortem</strong></span> <span class='ocrx_word' id='word_1_401' title='bbox 944 3732 1065 3804; x_wconf 90' lang='lat' dir='ltr'><strong>faeere,</strong></span> <span class='ocrx_word' id='word_1_402' title='bbox 1094 3731 1302 3794; x_wconf 88' lang='lat' dir='ltr'><strong>mandamus.</strong></span> <span class='ocrx_word' id='word_1_403' title='bbox 1329 3730 1433 3803; x_wconf 90' lang='lat' dir='ltr'><strong>Unde,</strong></span> <span class='ocrx_word' id='word_1_404' title='bbox 1455 3730 1668 3808; x_wconf 90' lang='lat' dir='ltr'><strong>adimpletum</strong></span> <span class='ocrx_word' id='word_1_405' title='bbox 1694 3733 1747 3794; x_wconf 91' lang='lat' dir='ltr'><strong>est</strong></span> 
     </span>
     <span class='ocr_line' id='line_1_36' title="bbox 96 3827 1746 3908; baseline 0 -16"><span class='ocrx_word' id='word_1_406' title='bbox 96 3831 288 3900; x_wconf 74' lang='lat' dir='ltr'><strong>peccatoris.</strong></span> <span class='ocrx_word' id='word_1_407' title='bbox 305 3831 458 3894; x_wconf 83' lang='lat' dir='ltr'><strong>Mortuus</strong></span> <span class='ocrx_word' id='word_1_408' title='bbox 477 3831 565 3894; x_wconf 90' lang='lat' dir='ltr'><strong>enim</strong></span> <span class='ocrx_word' id='word_1_409' title='bbox 580 3833 653 3895; x_wconf 90' lang='lat' dir='ltr'><strong>erat</strong></span> <span class='ocrx_word' id='word_1_410' title='bbox 665 3831 781 3896; x_wconf 91' lang='lat' dir='ltr'><strong>beatus</strong></span> <span class='ocrx_word' id='word_1_411' title='bbox 797 3836 890 3896; x_wconf 87' lang='lat' dir='ltr'><strong>Pau-.</strong></span> <span class='ocrx_word' id='word_1_412' title='bbox 944 3831 1045 3894; x_wconf 89' lang='lat' dir='ltr'><strong>etiam</strong></span> <span class='ocrx_word' id='word_1_413' title='bbox 1059 3828 1094 3890; x_wconf 92' lang='lat' dir='ltr'><strong>in</strong></span> <span class='ocrx_word' id='word_1_414' title='bbox 1111 3829 1186 3906; x_wconf 92' lang='lat' dir='ltr'><strong>ipso</strong></span> <span class='ocrx_word' id='word_1_415' title='bbox 1200 3827 1287 3905; x_wconf 87' lang='lat' dir='ltr'><strong>quod</strong></span> <span class='ocrx_word' id='word_1_416' title='bbox 1303 3828 1382 3890; x_wconf 92' lang='lat' dir='ltr'><strong>olim</strong></span> <span class='ocrx_word' id='word_1_417' title='bbox 1397 3829 1557 3890; x_wconf 90' lang='lat' dir='ltr'><strong>Dominus</strong></span> <span class='ocrx_word' id='word_1_418' title='bbox 1569 3844 1629 3906; x_wconf 91' lang='lat' dir='ltr'><strong>per</strong></span> <span class='ocrx_word' id='word_1_419' title='bbox 1647 3831 1746 3908; x_wconf 86' lang='lat' dir='ltr'><strong>Moy-</strong></span> 
     </span>
     <span class='ocr_line' id='line_1_37' title="bbox 99 3924 1746 4007; baseline 0.003 -22"><span class='ocrx_word' id='word_1_420' title='bbox 99 3924 143 3988; x_wconf 87' lang='lat' dir='ltr'><strong>lus</strong></span> <span class='ocrx_word' id='word_1_421' title='bbox 155 3929 278 4002; x_wconf 88' lang='lat' dir='ltr'><strong>mente,</strong></span> <span class='ocrx_word' id='word_1_422' title='bbox 295 3931 448 3992; x_wconf 88' lang='lat' dir='ltr'><strong>mortuus</strong></span> <span class='ocrx_word' id='word_1_423' title='bbox 463 3929 589 4007; x_wconf 86' lang='lat' dir='ltr'><strong>lingua,</strong></span> <span class='ocrx_word' id='word_1_424' title='bbox 605 3931 639 3994; x_wconf 92' lang='grc' dir='ltr'><strong>θῖ</strong></span> <span class='ocrx_word' id='word_1_425' title='bbox 653 3933 804 3994; x_wconf 89' lang='lat' dir='ltr'><strong>mortuus</strong></span> <span class='ocrx_word' id='word_1_426' title='bbox 818 3933 891 3994; x_wconf 89' lang='lat' dir='ltr'><strong>erat</strong></span> <span class='ocrx_word' id='word_1_427' title='bbox 945 3945 1004 3992; x_wconf 90' lang='lat' dir='ltr'><strong>sen</strong></span> <span class='ocrx_word' id='word_1_428' title='bbox 1025 3926 1300 4005; x_wconf 85' lang='lat' dir='ltr'><strong>protestatusest,</strong></span> <span class='ocrx_word' id='word_1_429' title='bbox 1324 3926 1439 3988; x_wconf 90' lang='lat' dir='ltr'><strong>dicens</strong></span> <span class='ocrx_word' id='word_1_430' title='bbox 1456 3947 1464 3988; x_wconf 77' lang='grc' dir='ltr'>ι</span> <span class='ocrx_word' id='word_1_431' title='bbox 1479 3930 1567 3990; x_wconf 79' lang='lat' dir='ltr'><strong>Ecce</strong></span> <span class='ocrx_word' id='word_1_432' title='bbox 1593 3931 1746 3992; x_wconf 75' lang='lat' dir='ltr'><strong>occidam</strong></span> 
     </span>
     <span class='ocr_line' id='line_1_38' title="bbox 100 4024 1745 4104; baseline 0.004 -21"><span class='ocrx_word' id='word_1_433' title='bbox 100 4039 204 4099; x_wconf 89' lang='lat' dir='ltr'><strong>nanu,</strong></span> <span class='ocrx_word' id='word_1_434' title='bbox 234 4026 342 4099; x_wconf 90' lang='lat' dir='ltr'><strong>idest,</strong></span> <span class='ocrx_word' id='word_1_435' title='bbox 373 4041 483 4104; x_wconf 87' lang='lat' dir='ltr'><strong>opere.</strong></span> <span class='ocrx_word' id='word_1_436' title='bbox 520 4029 670 4092; x_wconf 90' lang='lat' dir='ltr'><strong>Mortuus</strong></span> <span class='ocrx_word' id='word_1_437' title='bbox 706 4031 796 4093; x_wconf 90' lang='lat' dir='ltr'><strong>certe</strong></span> <span class='ocrx_word' id='word_1_438' title='bbox 819 4031 891 4093; x_wconf 90' lang='lat' dir='ltr'><strong>erat</strong></span> <span class='ocrx_word' id='word_1_439' title='bbox 945 4027 1109 4090; x_wconf 85' lang='lat' dir='ltr'><strong>eiotvcrc</strong></span> <span class='ocrx_word' id='word_1_440' title='bbox 1123 4027 1262 4100; x_wconf 80' lang='lat' dir='ltr'><strong>faciam,</strong></span> <span class='ocrx_word' id='word_1_441' title='bbox 1283 4024 1527 4100; x_wconf 70' lang='lat' dir='ltr'><strong>heressiarces</strong></span> <span class='ocrx_word' id='word_1_442' title='bbox 1541 4040 1603 4103; x_wconf 80' lang='lat' dir='ltr'><strong>epo</strong></span> <span class='ocrx_word' id='word_1_443' title='bbox 1617 4029 1745 4089; x_wconf 79' lang='lat' dir='ltr'><strong>soriobo</strong></span> 
     </span>
     <span class='ocr_line' id='line_1_39' title="bbox 18 4121 1744 4206; baseline 0.002 -24"><span class='ocrx_word' id='word_1_444' title='bbox 18 4197 19 4200; x_wconf 8' lang='grc' dir='ltr'><strong>Ἴ</strong></span> <span class='ocrx_word' id='word_1_445' title='bbox 100 4125 211 4198; x_wconf 89' lang='lat' dir='ltr'><strong>mente,</strong></span> <span class='ocrx_word' id='word_1_446' title='bbox 243 4124 407 4203; x_wconf 91' lang='lat' dir='ltr'><strong>quoniam</strong></span> <span class='ocrx_word' id='word_1_447' title='bbox 434 4124 643 4191; x_wconf 88' lang='lat' dir='ltr'><strong>sicutmodo</strong></span> <span class='ocrx_word' id='word_1_448' title='bbox 671 4143 715 4190; x_wconf 85' lang='lat' dir='ltr'><strong>ex</strong></span> <span class='ocrx_word' id='word_1_449' title='bbox 748 4128 891 4191; x_wconf 90' lang='lat' dir='ltr'><strong>lectione</strong></span> <span class='ocrx_word' id='word_1_450' title='bbox 945 4124 1055 4206; x_wconf 88' lang='lat' dir='ltr'><strong>(Deut.</strong></span> <span class='ocrx_word' id='word_1_451' title='bbox 1072 4121 1496 4202; x_wconf 82' lang='lat' dir='ltr'><strong>xxxrr‚39).ocoiditenim</strong></span> <span class='ocrx_word' id='word_1_452' title='bbox 1512 4124 1744 4201; x_wconf 86' lang='lat' dir='ltr'><strong>eum,quando</strong></span> 
     </span>
     <span class='ocr_line' id='line_1_40' title="bbox 99 4219 1743 4300; baseline 0.004 -22"><span class='ocrx_word' id='word_1_453' title='bbox 99 4221 229 4282; x_wconf 79' lang='lat' dir='ltr'><strong>actuum</strong></span> <span class='ocrx_word' id='word_1_454' title='bbox 240 4222 479 4300; x_wconf 77' lang='lat' dir='ltr'><strong>Apostolorum</strong></span> <span class='ocrx_word' id='word_1_455' title='bbox 493 4223 634 4287; x_wconf 90' lang='lat' dir='ltr'><strong>audistis</strong></span> <span class='ocrx_word' id='word_1_456' title='bbox 655 4246 663 4286; x_wconf 72' lang='lat' dir='ltr'><strong>a</strong></span> <span class='ocrx_word' id='word_1_457' title='bbox 686 4229 810 4288; x_wconf 79' lang='lat' dir='ltr'><strong>Saulus</strong></span> <span class='ocrx_word' id='word_1_458' title='bbox 824 4229 890 4289; x_wconf 85' lang='lat' dir='ltr'><strong>ad·</strong></span> <span class='ocrx_word' id='word_1_459' title='bbox 946 4224 1024 4285; x_wconf 89' lang='lat' dir='ltr'><strong>dum</strong></span> <span class='ocrx_word' id='word_1_460' title='bbox 1041 4223 1105 4284; x_wconf 89' lang='lat' dir='ltr'><strong>iter</strong></span> <span class='ocrx_word' id='word_1_461' title='bbox 1123 4221 1252 4298; x_wconf 87' lang='lat' dir='ltr'><strong>ageret,</strong></span> <span class='ocrx_word' id='word_1_462' title='bbox 1283 4219 1503 4283; x_wconf 76' lang='lat' dir='ltr'><strong>circumfulsit</strong></span> <span class='ocrx_word' id='word_1_463' title='bbox 1526 4237 1601 4282; x_wconf 91' lang='lat' dir='ltr'><strong>eum</strong></span> <span class='ocrx_word' id='word_1_464' title='bbox 1622 4221 1682 4283; x_wconf 82' lang='lat' dir='ltr'><strong>lux</strong></span> <span class='ocrx_word' id='word_1_465' title='bbox 1701 4221 1743 4285; x_wconf 91' lang='lat' dir='ltr'><strong>de</strong></span> 
     </span>
     <span class='ocr_line' id='line_1_41' title="bbox 101 4318 1746 4396; baseline 0.003 -19"><span class='ocrx_word' id='word_1_466' title='bbox 101 4321 155 4380; x_wconf 76' lang='lat' dir='ltr'><strong>fruc</strong></span> <span class='ocrx_word' id='word_1_467' title='bbox 170 4325 314 4396; x_wconf 82' lang='lat' dir='ltr'><strong>spirans</strong></span> <span class='ocrx_word' id='word_1_468' title='bbox 335 4323 525 4395; x_wconf 72' lang='lat' dir='ltr'><strong>minarum,</strong></span> <span class='ocrx_word' id='word_1_469' title='bbox 548 4325 581 4384; x_wconf 88' lang='lat' dir='ltr'><strong>et</strong></span> <span class='ocrx_word' id='word_1_470' title='bbox 602 4326 706 4386; x_wconf 73' lang='lat' dir='ltr'><strong>cadis</strong></span> <span class='ocrx_word' id='word_1_471' title='bbox 726 4326 764 4386; x_wconf 79' lang='lat' dir='ltr'><strong>iri</strong></span> <span class='ocrx_word' id='word_1_472' title='bbox 784 4327 891 4387; x_wconf 83' lang='lat' dir='ltr'><strong>disci-</strong></span> <span class='ocrx_word' id='word_1_473' title='bbox 946 4321 1041 4394; x_wconf 88' lang='lat' dir='ltr'><strong>coelo,</strong></span> <span class='ocrx_word' id='word_1_474' title='bbox 1070 4321 1102 4384; x_wconf 89' lang='lat' dir='ltr'><strong>et</strong></span> <span class='ocrx_word' id='word_1_475' title='bbox 1124 4319 1246 4382; x_wconf 89' lang='lat' dir='ltr'><strong>cadens</strong></span> <span class='ocrx_word' id='word_1_476' title='bbox 1272 4319 1307 4380; x_wconf 93' lang='lat' dir='ltr'><strong>in</strong></span> <span class='ocrx_word' id='word_1_477' title='bbox 1333 4320 1457 4382; x_wconf 90' lang='lat' dir='ltr'><strong>terram</strong></span> <span class='ocrx_word' id='word_1_478' title='bbox 1484 4318 1612 4382; x_wconf 88' lang='lat' dir='ltr'><strong>audivit</strong></span> <span class='ocrx_word' id='word_1_479' title='bbox 1629 4335 1746 4384; x_wconf 85' lang='lat' dir='ltr'><strong>vocem</strong></span> 
     </span>
     <span class='ocr_line' id='line_1_42' title="bbox 99 4417 1747 4501; baseline 0 -21"><span class='ocrx_word' id='word_1_480' title='bbox 99 4421 185 4488; x_wconf 72' lang='lat' dir='ltr'><strong>otios</strong></span> <span class='ocrx_word' id='word_1_481' title='bbox 207 4421 353 4482; x_wconf 81' lang='lat' dir='ltr'><strong>Domini</strong></span> <span class='ocrx_word' id='word_1_482' title='bbox 380 4418 467 4498; x_wconf 81' lang='lat' dir='ltr'><strong>(Act.</strong></span> <span class='ocrx_word' id='word_1_483' title='bbox 496 4435 544 4493; x_wconf 75' lang='grc' dir='ltr'><strong>ιι,</strong></span> <span class='ocrx_word' id='word_1_484' title='bbox 568 4419 613 4501; x_wconf 88' lang='grc'><strong>1).</strong></span> <span class='ocrx_word' id='word_1_485' title='bbox 642 4422 794 4485; x_wconf 88' lang='lat' dir='ltr'><strong>Mortuus</strong></span> <span class='ocrx_word' id='word_1_486' title='bbox 820 4423 893 4486; x_wconf 89' lang='lat' dir='ltr'><strong>erat</strong></span> <span class='ocrx_word' id='word_1_487' title='bbox 946 4419 1109 4482; x_wconf 90' lang='lat' dir='ltr'><strong>dicentem</strong></span> <span class='ocrx_word' id='word_1_488' title='bbox 1123 4417 1335 4490; x_wconf 66' lang='lat' dir='ltr'><strong>sibizsaulc</strong></span> <span class='ocrx_word' id='word_1_489' title='bbox 1349 4419 1619 4491; x_wconf 54' lang='lat' dir='ltr'><strong>sumpsisses</strong></span> <span class='ocrx_word' id='word_1_490' title='bbox 1630 4432 1747 4494; x_wconf 83' lang='lat' dir='ltr'><strong>perse·</strong></span> 
     </span>
     <span class='ocr_line' id='line_1_43' title="bbox 102 4512 1747 4599; baseline 0.002 -24"><span class='ocrx_word' id='word_1_491' title='bbox 102 4512 218 4591; x_wconf 79' lang='lat' dir='ltr'><strong>lingum,</strong></span> <span class='ocrx_word' id='word_1_492' title='bbox 252 4517 413 4595; x_wconf 85' lang='lat' dir='ltr'><strong>quoniam</strong></span> <span class='ocrx_word' id='word_1_493' title='bbox 450 4518 591 4581; x_wconf 87' lang='lat' dir='ltr'><strong>accessit</strong></span> <span class='ocrx_word' id='word_1_494' title='bbox 624 4518 666 4581; x_wconf 92' lang='lat' dir='ltr'><strong>ad</strong></span> <span class='ocrx_word' id='word_1_495' title='bbox 702 4521 891 4599; x_wconf 90' lang='lat' dir='ltr'><strong>Principem</strong></span> <span class='ocrx_word' id='word_1_496' title='bbox 946 4520 1084 4594; x_wconf 79' lang='lat' dir='ltr'><strong>pueris?</strong></span> <span class='ocrx_word' id='word_1_497' title='bbox 1107 4520 1245 4578; x_wconf 80' lang='lat' dir='ltr'><strong>Durum</strong></span> <span class='ocrx_word' id='word_1_498' title='bbox 1269 4516 1322 4578; x_wconf 84' lang='lat' dir='ltr'><strong>esi</strong></span> <span class='ocrx_word' id='word_1_499' title='bbox 1343 4515 1403 4577; x_wconf 84' lang='lat' dir='ltr'><strong>tibi</strong></span> <span class='ocrx_word' id='word_1_500' title='bbox 1425 4514 1547 4578; x_wconf 82' lang='lat' dir='ltr'><strong>contro</strong></span> <span class='ocrx_word' id='word_1_501' title='bbox 1566 4516 1747 4578; x_wconf 72' lang='lat' dir='ltr'><strong>silendum</strong></span> 
     </span>
     <span class='ocr_line' id='line_1_44' title="bbox 102 4611 1746 4694; baseline 0.004 -26"><span class='ocrx_word' id='word_1_502' title='bbox 102 4611 313 4685; x_wconf 86' lang='lat' dir='ltr'><strong>sacerdotum,</strong></span> <span class='ocrx_word' id='word_1_503' title='bbox 336 4614 370 4676; x_wconf 91' lang='lat' dir='ltr'><strong>et</strong></span> <span class='ocrx_word' id='word_1_504' title='bbox 383 4613 480 4691; x_wconf 91' lang='lat' dir='ltr'><strong>petiit</strong></span> <span class='ocrx_word' id='word_1_505' title='bbox 491 4613 533 4676; x_wconf 86' lang='lat' dir='ltr'><strong>ab</strong></span> <span class='ocrx_word' id='word_1_506' title='bbox 548 4629 587 4676; x_wconf 92' lang='lat' dir='ltr'><strong>eo</strong></span> <span class='ocrx_word' id='word_1_507' title='bbox 603 4614 761 4694; x_wconf 89' lang='lat' dir='ltr'><strong>epistolas</strong></span> <span class='ocrx_word' id='word_1_508' title='bbox 776 4615 811 4678; x_wconf 93' lang='lat' dir='ltr'><strong>in</strong></span> <span class='ocrx_word' id='word_1_509' title='bbox 825 4619 893 4678; x_wconf 89' lang='lat' dir='ltr'><strong>Da·</strong></span> <span class='ocrx_word' id='word_1_510' title='bbox 946 4617 1140 4680; x_wconf 81' lang='lat' dir='ltr'><strong>calcitrare.</strong></span> <span class='ocrx_word' id='word_1_511' title='bbox 1165 4615 1211 4676; x_wconf 79' lang='lat' dir='ltr'><strong>nt</strong></span> <span class='ocrx_word' id='word_1_512' title='bbox 1230 4614 1384 4675; x_wconf 81' lang='lat' dir='ltr'><strong>tremens</strong></span> <span class='ocrx_word' id='word_1_513' title='bbox 1401 4629 1443 4674; x_wconf 89' lang='lat' dir='ltr'><strong>ac</strong></span> <span class='ocrx_word' id='word_1_514' title='bbox 1462 4613 1605 4687; x_wconf 82' lang='lat' dir='ltr'><strong>stupens</strong></span> <span class='ocrx_word' id='word_1_515' title='bbox 1626 4614 1746 4674; x_wconf 79' lang='lat' dir='ltr'><strong>dicii:</strong></span> 
     </span>
     <span class='ocr_line' id='line_1_45' title="bbox 103 4710 1747 4788; baseline 0.004 -22"><span class='ocrx_word' id='word_1_516' title='bbox 103 4721 236 4772; x_wconf 84' lang='lat' dir='ltr'><strong>nassum</strong></span> <span class='ocrx_word' id='word_1_517' title='bbox 252 4710 296 4773; x_wconf 89' lang='lat' dir='ltr'><strong>ad</strong></span> <span class='ocrx_word' id='word_1_518' title='bbox 315 4727 514 4788; x_wconf 87' lang='lat' dir='ltr'><strong>synagogas.</strong></span> <span class='ocrx_word' id='word_1_519' title='bbox 528 4713 679 4776; x_wconf 90' lang='lat' dir='ltr'><strong>Mortuus</strong></span> <span class='ocrx_word' id='word_1_520' title='bbox 694 4715 766 4776; x_wconf 85' lang='lat' dir='ltr'><strong>erat</strong></span> <span class='ocrx_word' id='word_1_521' title='bbox 778 4731 890 4788; x_wconf 87' lang='lat' dir='ltr'><strong>manu,</strong></span> <span class='ocrx_word' id='word_1_522' title='bbox 948 4718 1029 4783; x_wconf 81' lang='lat' dir='ltr'><strong>ouis</strong></span> <span class='ocrx_word' id='word_1_523' title='bbox 1054 4729 1101 4785; x_wconf 85' lang='lat' dir='ltr'><strong>cs,</strong></span> <span class='ocrx_word' id='word_1_524' title='bbox 1127 4713 1292 4774; x_wconf 75' lang='lat' dir='ltr'><strong>Dormire?</strong></span> <span class='ocrx_word' id='word_1_525' title='bbox 1312 4711 1359 4772; x_wconf 81' lang='lat' dir='ltr'><strong>nt</strong></span> <span class='ocrx_word' id='word_1_526' title='bbox 1380 4713 1552 4772; x_wconf 80' lang='lat' dir='ltr'><strong>Dominus</strong></span> <span class='ocrx_word' id='word_1_527' title='bbox 1572 4713 1617 4772; x_wconf 84' lang='lat' dir='ltr'><strong>od</strong></span> <span class='ocrx_word' id='word_1_528' title='bbox 1639 4725 1719 4772; x_wconf 82' lang='lat' dir='ltr'><strong>cum</strong></span> <span class='ocrx_word' id='word_1_529' title='bbox 1734 4728 1747 4773; x_wconf 91' lang='lat'><strong>.·</strong></span> 
     </span>
     <span class='ocr_line' id='line_1_46' title="bbox 104 4802 1749 4890; baseline 0.004 -24"><span class='ocrx_word' id='word_1_530' title='bbox 104 4802 185 4878; x_wconf 89' lang='lat' dir='ltr'><strong>idest,</strong></span> <span class='ocrx_word' id='word_1_531' title='bbox 210 4808 357 4882; x_wconf 88' lang='lat' dir='ltr'><strong>actione,</strong></span> <span class='ocrx_word' id='word_1_532' title='bbox 383 4809 539 4887; x_wconf 79' lang='lat' dir='ltr'><strong>quoniam</strong></span> <span class='ocrx_word' id='word_1_533' title='bbox 556 4809 631 4872; x_wconf 90' lang='lat' dir='ltr'><strong>ideo</strong></span> <span class='ocrx_word' id='word_1_534' title='bbox 652 4812 748 4889; x_wconf 88' lang='lat' dir='ltr'><strong>petiit</strong></span> <span class='ocrx_word' id='word_1_535' title='bbox 769 4813 894 4889; x_wconf 89' lang='lat' dir='ltr'><strong>episto-</strong></span> <span class='ocrx_word' id='word_1_536' title='bbox 947 4817 1111 4890; x_wconf 76' lang='lat' dir='ltr'><strong>Eposurn</strong></span> <span class='ocrx_word' id='word_1_537' title='bbox 1121 4812 1223 4872; x_wconf 80' lang='lat' dir='ltr'><strong>Jcsus</strong></span> <span class='ocrx_word' id='word_1_538' title='bbox 1239 4812 1448 4872; x_wconf 78' lang='lat' dir='ltr'><strong>Nazaraeos</strong></span> <span class='ocrx_word' id='word_1_539' title='bbox 1459 4823 1561 4882; x_wconf 79' lang='lat' dir='ltr'><strong>quem</strong></span> <span class='ocrx_word' id='word_1_540' title='bbox 1576 4809 1614 4870; x_wconf 81' lang='lat' dir='ltr'><strong>iu</strong></span> <span class='ocrx_word' id='word_1_541' title='bbox 1626 4823 1749 4884; x_wconf 83' lang='lat' dir='ltr'><strong>perse-</strong></span> 
     </span>
     <span class='ocr_line' id='line_1_47' title="bbox 104 4900 1748 4988; baseline 0.005 -27"><span class='ocrx_word' id='word_1_542' title='bbox 104 4900 157 4974; x_wconf 75' lang='lat' dir='ltr'><strong>lar.</strong></span> <span class='ocrx_word' id='word_1_543' title='bbox 171 4906 217 4979; x_wconf 89' lang='lat' dir='ltr'><strong>ut,</strong></span> <span class='ocrx_word' id='word_1_544' title='bbox 243 4906 275 4969; x_wconf 87' lang='lat' dir='ltr'><strong>si</strong></span> <span class='ocrx_word' id='word_1_545' title='bbox 291 4922 374 4984; x_wconf 84' lang='lat' dir='ltr'><strong>quos</strong></span> <span class='ocrx_word' id='word_1_546' title='bbox 390 4906 572 4970; x_wconf 85' lang='lat' dir='ltr'><strong>invenisset</strong></span> <span class='ocrx_word' id='word_1_547' title='bbox 587 4908 688 4986; x_wconf 81' lang='lat' dir='ltr'><strong>hrrjus</strong></span> <span class='ocrx_word' id='word_1_548' title='bbox 703 4910 777 4984; x_wconf 85' lang='lat' dir='ltr'><strong>viee,</strong></span> <span class='ocrx_word' id='word_1_549' title='bbox 795 4910 891 4984; x_wconf 90' lang='lat' dir='ltr'><strong>idest,</strong></span> <span class='ocrx_word' id='word_1_550' title='bbox 947 4913 1065 4987; x_wconf 80' lang='lat' dir='ltr'><strong>pueris</strong></span> <span class='ocrx_word' id='word_1_551' title='bbox 1089 4907 1173 4988; x_wconf 81' lang='lat' dir='ltr'><strong>(Act.</strong></span> <span class='ocrx_word' id='word_1_552' title='bbox 1197 4923 1244 4980; x_wconf 85' lang='lat' dir='ltr'><strong>rx,</strong></span> <span class='ocrx_word' id='word_1_553' title='bbox 1268 4905 1313 4985; x_wconf 83' lang='lat'><strong>4).</strong></span> <span class='ocrx_word' id='word_1_554' title='bbox 1342 4907 1414 4967; x_wconf 82' lang='lat' dir='ltr'><strong>Lux</strong></span> <span class='ocrx_word' id='word_1_555' title='bbox 1438 4920 1512 4983; x_wconf 84' lang='lat' dir='ltr'><strong>quae</strong></span> <span class='ocrx_word' id='word_1_556' title='bbox 1534 4907 1584 4969; x_wconf 93' lang='lat' dir='ltr'><strong>est</strong></span> <span class='ocrx_word' id='word_1_557' title='bbox 1605 4905 1748 4984; x_wconf 90' lang='lat' dir='ltr'><strong>desuper</strong></span> 
     </span>
     <span class='ocr_line' id='line_1_48' title="bbox 105 4998 1750 5084; baseline 0.001 -19"><span class='ocrx_word' id='word_1_558' title='bbox 105 4998 285 5066; x_wconf 78' lang='lat' dir='ltr'><strong>christianae</strong></span> <span class='ocrx_word' id='word_1_559' title='bbox 309 5004 485 5082; x_wconf 88' lang='lat' dir='ltr'><strong>religionis</strong></span> <span class='ocrx_word' id='word_1_560' title='bbox 511 5007 710 5082; x_wconf 86' lang='lat' dir='ltr'><strong>sectatores,</strong></span> <span class='ocrx_word' id='word_1_561' title='bbox 737 5009 829 5070; x_wconf 82' lang='lat' dir='ltr'><strong>uiros</strong></span> <span class='ocrx_word' id='word_1_562' title='bbox 853 5024 893 5073; x_wconf 89' lang='lat' dir='ltr'><strong>ac</strong></span> <span class='ocrx_word' id='word_1_563' title='bbox 948 5007 1130 5072; x_wconf 82' lang='lat' dir='ltr'><strong>excaecavit</strong></span> <span class='ocrx_word' id='word_1_564' title='bbox 1144 5004 1238 5068; x_wconf 92' lang='lat' dir='ltr'><strong>illum</strong></span> <span class='ocrx_word' id='word_1_565' title='bbox 1253 5003 1499 5082; x_wconf 70' lang='lat' dir='ltr'><strong>incorporent</strong></span> <span class='ocrx_word' id='word_1_566' title='bbox 1513 5004 1573 5066; x_wconf 82' lang='lat' dir='ltr'><strong>lux</strong></span> <span class='ocrx_word' id='word_1_567' title='bbox 1587 5021 1659 5084; x_wconf 83' lang='lat' dir='ltr'><strong>quse</strong></span> <span class='ocrx_word' id='word_1_568' title='bbox 1674 5004 1750 5068; x_wconf 86' lang='lat' dir='ltr'><strong>illu·</strong></span> 
     </span>
     <span class='ocr_line' id='line_1_49' title="bbox 106 5098 1748 5184; baseline 0.007 -28"><span class='ocrx_word' id='word_1_569' title='bbox 106 5098 249 5164; x_wconf 87' lang='lat' dir='ltr'><strong>mulieres</strong></span> <span class='ocrx_word' id='word_1_570' title='bbox 259 5102 459 5180; x_wconf 91' lang='lat' dir='ltr'><strong>perduceret</strong></span> <span class='ocrx_word' id='word_1_571' title='bbox 467 5103 503 5165; x_wconf 94' lang='lat' dir='ltr'><strong>in</strong></span> <span class='ocrx_word' id='word_1_572' title='bbox 512 5104 709 5166; x_wconf 82' lang='lat' dir='ltr'><strong>Jerusalem.</strong></span> <span class='ocrx_word' id='word_1_573' title='bbox 721 5108 794 5184; x_wconf 91' lang='lat' dir='ltr'><strong>lpse</strong></span> <span class='ocrx_word' id='word_1_574' title='bbox 804 5106 893 5168; x_wconf 87' lang='lat' dir='ltr'><strong>enim</strong></span> <span class='ocrx_word' id='word_1_575' title='bbox 948 5106 1054 5172; x_wconf 90' lang='lat' dir='ltr'><strong>minat</strong></span> <span class='ocrx_word' id='word_1_576' title='bbox 1078 5119 1209 5167; x_wconf 90' lang='lat' dir='ltr'><strong>omnem</strong></span> <span class='ocrx_word' id='word_1_577' title='bbox 1229 5102 1398 5164; x_wconf 91' lang='lat' dir='ltr'><strong>hominem</strong></span> <span class='ocrx_word' id='word_1_578' title='bbox 1422 5101 1628 5166; x_wconf 89' lang='lat' dir='ltr'><strong>illuminaret</strong></span> <span class='ocrx_word' id='word_1_579' title='bbox 1653 5103 1748 5167; x_wconf 89' lang='lat' dir='ltr'><strong>illum</strong></span> 
     </span>
     <span class='ocr_line' id='line_1_50' title="bbox 108 5197 1750 5282; baseline 0.004 -24"><span class='ocrx_word' id='word_1_580' title='bbox 108 5197 330 5270; x_wconf 89' lang='lat' dir='ltr'><strong>postmortem</strong></span> <span class='ocrx_word' id='word_1_581' title='bbox 349 5200 449 5278; x_wconf 91' lang='lat' dir='ltr'><strong>primi</strong></span> <span class='ocrx_word' id='word_1_582' title='bbox 468 5202 626 5280; x_wconf 77' lang='lat' dir='ltr'><strong>martyris</strong></span> <span class='ocrx_word' id='word_1_583' title='bbox 647 5203 805 5282; x_wconf 85' lang='lat' dir='ltr'><strong>Stephani</strong></span> <span class='ocrx_word' id='word_1_584' title='bbox 830 5205 893 5267; x_wconf 88' lang='lat' dir='ltr'><strong>de·</strong></span> <span class='ocrx_word' id='word_1_585' title='bbox 949 5207 983 5268; x_wconf 94' lang='lat' dir='ltr'><strong>in</strong></span> <span class='ocrx_word' id='word_1_586' title='bbox 998 5204 1118 5268; x_wconf 89' lang='lat' dir='ltr'><strong>mente.</strong></span> <span class='ocrx_word' id='word_1_587' title='bbox 1135 5204 1219 5275; x_wconf 83' lang='lat' dir='ltr'><strong>Lux,</strong></span> <span class='ocrx_word' id='word_1_588' title='bbox 1238 5201 1323 5264; x_wconf 87' lang='lat' dir='ltr'><strong>idest</strong></span> <span class='ocrx_word' id='word_1_589' title='bbox 1337 5200 1499 5272; x_wconf 86' lang='lat' dir='ltr'><strong>Christus,</strong></span> <span class='ocrx_word' id='word_1_590' title='bbox 1521 5200 1635 5263; x_wconf 91' lang='lat' dir='ltr'><strong>intulit</strong></span> <span class='ocrx_word' id='word_1_591' title='bbox 1649 5201 1750 5264; x_wconf 87' lang='lat' dir='ltr'><strong>caeci-</strong></span> 
     </span>
     <span class='ocr_line' id='line_1_51' title="bbox 108 5295 1749 5377; baseline 0.005 -25"><span class='ocrx_word' id='word_1_592' title='bbox 108 5295 245 5360; x_wconf 81' lang='lat' dir='ltr'><strong>uastahat</strong></span> <span class='ocrx_word' id='word_1_593' title='bbox 266 5299 463 5372; x_wconf 84' lang='lat' dir='ltr'><strong>Ecclesiam,</strong></span> <span class='ocrx_word' id='word_1_594' title='bbox 490 5315 551 5377; x_wconf 92' lang='lat' dir='ltr'><strong>per</strong></span> <span class='ocrx_word' id='word_1_595' title='bbox 576 5300 690 5364; x_wconf 90' lang='lat' dir='ltr'><strong>domos</strong></span> <span class='ocrx_word' id='word_1_596' title='bbox 712 5302 840 5365; x_wconf 89' lang='lat' dir='ltr'><strong>intrans</strong></span> <span class='ocrx_word' id='word_1_597' title='bbox 862 5304 895 5366; x_wconf 90' lang='lat' dir='ltr'><strong>et</strong></span> <span class='ocrx_word' id='word_1_598' title='bbox 947 5306 1061 5377; x_wconf 84' lang='lat' dir='ltr'><strong>tatem,</strong></span> <span class='ocrx_word' id='word_1_599' title='bbox 1089 5301 1123 5364; x_wconf 91' lang='lat' dir='ltr'><strong>et</strong></span> <span class='ocrx_word' id='word_1_600' title='bbox 1147 5299 1280 5364; x_wconf 85' lang='lat' dir='ltr'><strong>caecitas</strong></span> <span class='ocrx_word' id='word_1_601' title='bbox 1308 5299 1422 5364; x_wconf 89' lang='lat' dir='ltr'><strong>intulit</strong></span> <span class='ocrx_word' id='word_1_602' title='bbox 1447 5299 1567 5372; x_wconf 88' lang='lat' dir='ltr'><strong>lucem,</strong></span> <span class='ocrx_word' id='word_1_603' title='bbox 1601 5298 1679 5376; x_wconf 84' lang='lat' dir='ltr'><strong>quia</strong></span> <span class='ocrx_word' id='word_1_604' title='bbox 1707 5298 1749 5362; x_wconf 93' lang='lat' dir='ltr'><strong>de</strong></span> 
     </span>
     <span class='ocr_line' id='line_1_52' title="bbox 18 5390 1748 5479; baseline 0.005 -29"><span class='ocrx_word' id='word_1_605' title='bbox 18 5407 19 5414; x_wconf 28' lang='grc' dir='ltr'>ι</span> <span class='ocrx_word' id='word_1_606' title='bbox 109 5390 230 5456; x_wconf 86' lang='lat' dir='ltr'><strong>trahens</strong></span> <span class='ocrx_word' id='word_1_607' title='bbox 249 5396 343 5458; x_wconf 81' lang='lat' dir='ltr'><strong>viros</strong></span> <span class='ocrx_word' id='word_1_608' title='bbox 369 5413 408 5459; x_wconf 91' lang='lat' dir='ltr'><strong>ac</strong></span> <span class='ocrx_word' id='word_1_609' title='bbox 429 5398 599 5473; x_wconf 89' lang='lat' dir='ltr'><strong>mulieres,</strong></span> <span class='ocrx_word' id='word_1_610' title='bbox 625 5399 841 5479; x_wconf 85' lang='lat' dir='ltr'><strong>tradebatque</strong></span> <span class='ocrx_word' id='word_1_611' title='bbox 859 5401 895 5465; x_wconf 93' lang='lat' dir='ltr'><strong>in</strong></span> <span class='ocrx_word' id='word_1_612' title='bbox 950 5403 1051 5466; x_wconf 80' lang='lat' dir='ltr'><strong>saulo</strong></span> <span class='ocrx_word' id='word_1_613' title='bbox 1080 5399 1188 5462; x_wconf 89' lang='lat' dir='ltr'><strong>factus</strong></span> <span class='ocrx_word' id='word_1_614' title='bbox 1212 5399 1263 5462; x_wconf 90' lang='lat' dir='ltr'><strong>est</strong></span> <span class='ocrx_word' id='word_1_615' title='bbox 1290 5397 1431 5470; x_wconf 89' lang='lat' dir='ltr'><strong>Paulus,</strong></span> <span class='ocrx_word' id='word_1_616' title='bbox 1469 5396 1509 5458; x_wconf 95' lang='lat' dir='ltr'><strong>de</strong></span> <span class='ocrx_word' id='word_1_617' title='bbox 1535 5405 1748 5474; x_wconf 87' lang='lat' dir='ltr'><strong>persecutore</strong></span> 
     </span>
     <span class='ocr_line' id='line_1_53' title="bbox 110 5491 1751 5578; baseline 0.007 -31"><span class='ocrx_word' id='word_1_618' title='bbox 110 5491 292 5554; x_wconf 90' lang='lat' dir='ltr'><strong>custodiam.</strong></span> <span class='ocrx_word' id='word_1_619' title='bbox 308 5494 437 5556; x_wconf 77' lang='lat' dir='ltr'><strong>etcum</strong></span> <span class='ocrx_word' id='word_1_620' title='bbox 450 5495 775 5562; x_wconf 86' lang='lat' dir='ltr'><strong>tamcrudelimorte</strong></span> <span class='ocrx_word' id='word_1_621' title='bbox 790 5499 894 5578; x_wconf 90' lang='lat' dir='ltr'><strong>spiri·</strong></span> <span class='ocrx_word' id='word_1_622' title='bbox 950 5501 1055 5564; x_wconf 90' lang='lat' dir='ltr'><strong>factus</strong></span> <span class='ocrx_word' id='word_1_623' title='bbox 1077 5498 1127 5560; x_wconf 91' lang='lat' dir='ltr'><strong>est</strong></span> <span class='ocrx_word' id='word_1_624' title='bbox 1152 5496 1364 5576; x_wconf 86' lang='lat' dir='ltr'><strong>praedicator,</strong></span> <span class='ocrx_word' id='word_1_625' title='bbox 1394 5495 1435 5556; x_wconf 92' lang='lat' dir='ltr'><strong>de</strong></span> <span class='ocrx_word' id='word_1_626' title='bbox 1462 5494 1542 5572; x_wconf 93' lang='lat' dir='ltr'><strong>lupo</strong></span> <span class='ocrx_word' id='word_1_627' title='bbox 1566 5494 1673 5556; x_wconf 91' lang='lat' dir='ltr'><strong>factus</strong></span> <span class='ocrx_word' id='word_1_628' title='bbox 1699 5497 1751 5559; x_wconf 88' lang='lat' dir='ltr'><strong>est</strong></span> 
     </span>
     <span class='ocr_line' id='line_1_54' title="bbox 111 5585 1750 5676; baseline 0.007 -28"><span class='ocrx_word' id='word_1_629' title='bbox 111 5585 181 5650; x_wconf 86' lang='lat' dir='ltr'><strong>tuali</strong></span> <span class='ocrx_word' id='word_1_630' title='bbox 194 5591 344 5654; x_wconf 88' lang='lat' dir='ltr'><strong>mortuus</strong></span> <span class='ocrx_word' id='word_1_631' title='bbox 359 5593 459 5668; x_wconf 87' lang='lat' dir='ltr'><strong>esset,</strong></span> <span class='ocrx_word' id='word_1_632' title='bbox 485 5595 650 5659; x_wconf 86' lang='lat' dir='ltr'><strong>advitam</strong></span> <span class='ocrx_word' id='word_1_633' title='bbox 673 5597 735 5672; x_wconf 88' lang='lat' dir='ltr'><strong>est,</strong></span> <span class='ocrx_word' id='word_1_634' title='bbox 755 5599 896 5662; x_wconf 84' lang='lat' dir='ltr'><strong>vocante</strong></span> <span class='ocrx_word' id='word_1_635' title='bbox 950 5613 1072 5676; x_wconf 89' lang='lat' dir='ltr'><strong>agnus,</strong></span> <span class='ocrx_word' id='word_1_636' title='bbox 1097 5595 1138 5660; x_wconf 90' lang='lat' dir='ltr'><strong>de</strong></span> <span class='ocrx_word' id='word_1_637' title='bbox 1157 5594 1425 5674; x_wconf 87' lang='lat' dir='ltr'><strong>blasphematore</strong></span> <span class='ocrx_word' id='word_1_638' title='bbox 1448 5591 1554 5657; x_wconf 85' lang='lat' dir='ltr'><strong>factus</strong></span> <span class='ocrx_word' id='word_1_639' title='bbox 1578 5594 1629 5657; x_wconf 91' lang='lat' dir='ltr'><strong>est</strong></span> <span class='ocrx_word' id='word_1_640' title='bbox 1649 5609 1750 5660; x_wconf 86' lang='lat' dir='ltr'><strong>verus</strong></span> 
     </span>
     <span class='ocr_line' id='line_1_55' title="bbox 113 5683 1114 5762; baseline 0.01 -16"><span class='ocrx_word' id='word_1_641' title='bbox 113 5683 246 5762; x_wconf 89' lang='lat' dir='ltr'><strong>Domino,</strong></span> <span class='ocrx_word' id='word_1_642' title='bbox 262 5693 449 5755; x_wconf 80' lang='lat' dir='ltr'><strong>reuocatus.</strong></span> <span class='ocrx_word' id='word_1_643' title='bbox 950 5695 1114 5759; x_wconf 89' lang='lat' dir='ltr'><strong>laudator.</strong></span> 
     </span>
    </p>
   </div>
   <div class='ocr_carea' id='block_1_4' title="bbox 0 0 2008 6324">
    <p class='ocr_par' dir='ltr' id='par_1_4' title="bbox 0 0 2008 6324">
     <span class='ocr_line' id='line_1_56' title="bbox 0 0 2008 6324; baseline 0 0"><span class='ocrx_word' id='word_1_644' title='bbox 0 0 2008 6324; x_wconf 95' lang='lat' dir='ltr'><strong> </strong></span> 
     </span>
    </p>
   </div>
  </div>
 </body>
</html>
