3994 6326
183 409 270 458 XXIII
326 395 370 454 IN
395 392 617 454 SERMONES
639 391 863 454 PRAEFATIO
884 359 1139 452 DEPROMPTA
1161 391 1217 452 EX
1238 389 1424 454 DISSERT.
1447 391 1485 452 D.
1508 353 1698 453 Borrrrlo.
1753 405 1844 455 xxiv·

182 555 310 620 titicum
328 555 436 633 magis
457 554 638 618 Historiam
662 569 762 631 qnam
782 552 884 616 vitam
905 551 998 615 ideo·
1034 550 1116 614 lolia
1140 553 1230 624 1893,
1250 566 1310 614 seu
1332 550 1397 615 duo
1420 552 1591 616 volumina
1610 552 1708 614 molis
1733 551 1835 615 etlam

185 653 391 731 conscripsit,
420 655 456 716 ut
481 655 639 716 Romanae
664 651 862 730 Apostolicae
887 650 981 713 Sedis
1035 649 1184 729 majoris.
1201 649 1350 713 Primum
1369 650 1479 712 adhuc
1493 651 1663 714 asservari
1681 650 1782 713 audio
1799 651 1836 712 in

180 755 259 830 jura
274 752 425 814 bituricis
440 750 645 828 argumentis
660 751 796 812 strenue
816 749 980 818 tueretur,
1035 747 1242 811 Bibliotheca
1256 749 1463 812 serenissimi
1475 750 1575 827 Regis
1595 748 1771 822 sardiniae,
1785 747 1838 811 al-

186 852 230 921 et,
247 851 283 911 ut
304 849 375 926 ipse
396 849 520 927 passim
544 849 670 920 monet,
697 845 982 909 centuriatoribus
1035 847 1144 908 terum
1156 845 1213 908 ubi
1230 846 1333 910 lateat
1353 847 1482 925 ignoro.
1503 847 1737 910 sessorianum
1755 862 1838 910 nos-

185 945 534 1024 Magdeburgensibus,
552 945 609 1024 qui
623 961 736 1007 rerum
749 945 895 1007 novitate
915 945 983 1006 Ro-
1037 946 1124 1006 trum
1154 944 1328 1007 historiam
1355 945 1586 1026 complectitur
1609 947 1836 1008 Romanorum

184 1050 317 1108 manem
331 1045 512 1107 Ecclesiam
532 1057 725 1121 oppugnare
739 1040 984 1120 aggredieban-
1038 1042 1237 1106 Pontificum
1251 1059 1272 1106 a
1287 1043 1447 1122 Gregorio
1460 1047 1535 1108 VIII
1555 1059 1661 1121 usque
1674 1043 1718 1106 ad
1730 1044 1836 1106 Alex-

182 1142 249 1216 tur,
266 1158 398 1209 sacram
411 1142 643 1220 antiquitatem
657 1140 848 1218 opponeret.
866 1142 983 1218 Itaque
1037 1139 1179 1202 andrum
1195 1144 1250 1216 VI,
1273 1142 1309 1204 in
1329 1157 1394 1220 quo
1408 1142 1542 1205 desinit.
1559 1141 1665 1219 Igitur
1677 1144 1757 1204 tunc
1777 1140 1838 1203 ab·

184 1240 325 1302 Honorii
340 1240 522 1302 HistorIam
534 1255 578 1302 ex
599 1239 722 1317 Majolo
738 1237 801 1300 hac
824 1239 925 1300 otiam
943 1238 983 1300 de
1039 1238 1184 1301 solutum
1199 1241 1233 1302 et
1245 1240 1414 1317 integrum
1431 1238 1626 1302 habebimus
1645 1239 1709 1302 hoc
1721 1239 1840 1318 Majoli

185 1355 287 1400 causa
316 1337 490 1416 descripsi,
521 1337 557 1399 ut
591 1337 747 1399 Historiae
779 1335 984 1399 Pontificalis
1039 1352 1132 1413 opus,
1155 1337 1287 1414 quando
1310 1338 1454 1401 alterum
1477 1338 1559 1400 illud
1581 1338 1749 1412 volumen,
1768 1340 1837 1399 Deo

186 1435 370 1509 universae,
408 1451 505 1514 quam
533 1435 587 1498 vir
613 1433 827 1498 doctissimus
852 1433 984 1512 ingenti
1040 1432 1151 1508 dante,
1168 1435 1293 1498 alicubi
1305 1436 1504 1514 reperietur.

186 1533 295 1594 studIo
307 1549 346 1594 ac
359 1533 474 1596 labore
487 1532 646 1606 condidIt,
662 1524 829 1610 specimen
849 1531 983 1610 aliquod
1079 1535 1159 1596 Haec
1173 1550 1219 1596 ex
1226 1534 1420 1612 Hlaronymi
1432 1533 1570 1598 Bottinii
1584 1533 1836 1607 Dissertatione,

187 1627 514 1710 legenthus‘darem.
1039 1646 1139 1710 quam
1174 1631 1428 1710 diligentissime
1463 1633 1637 1711 quaesitam
1671 1631 1843 1709 iutegram

1039 1727 1163 1792 habere
1175 1746 1242 1792 non
1252 1731 1355 1809 potui.
1370 1731 1550 1800 Praeterea,
1568 1731 1611 1793 cl.
1625 1731 1678 1794 vir
1692 1746 1767 1794 eam
1782 1747 1838 1794 re·

226 1829 263 1888 B.
278 1829 327 1889 Dc
338 1829 457 1890 Codice
466 1829 663 1889 sessoriano
675 1840 721 1888 ccc
735 1840 800 1900 quo
812 1825 983 1902 descripto
1040 1827 1190 1902 sundere,
1205 1828 1367 1905 expolire,
1384 1829 1418 1892 et
1430 1828 1589 1906 perlicere
1604 1843 1644 1892 ac
1656 1828 1838 1892 additioni-

187 1926 249 1987 est.
265 1919 529 1986 -'Bibliothecae
554 1925 676 1986 nostrae
696 1923 895 1986 sessorianae
917 1926 984 1987 Co·
1039 1924 1100 1987 hus
1117 1942 1184 1989 non
1203 1927 1319 2004 paucis
1334 1926 1538 2004 locupletare
1551 1927 1588 1990 in
1602 1927 1715 1988 animo
1729 1925 1837 1990 habe-

189 2023 264 2096 dex,
279 2023 337 2102 qui
352 2024 576 2085 Romanorum
591 2022 789 2085 Pontificum
803 2023 984 2084 Historiam
1039 2023 1106 2086 bat.
1124 2024 1188 2086 sed
1209 2025 1321 2088 morte·
1340 2025 1540 2102 praeuentus,
1563 2025 1844 2102 quemadmodum¹

187 2123 324 2182 auctore
334 2120 457 2198 Majolo
468 2121 697 2198 complectitur
709 2137 741 2182 n.
754 2121 983 2194 CLXXXVIII,
1040 2137 1102 2184 neo
1126 2121 1241 2185 multis
1264 2122 1463 2184 necessariis
1487 2121 1574 2184 notis
1593 2121 1734 2184 Honorii
1759 2125 1839 2183 Ser-

192 2217 339 2281 exlerius
355 2218 529 2282 distIuctus
551 2219 585 2282 et
603 2217 637 2278 in
655 2218 766 2280 Indice
786 2219 983 2292 recensitus,
1040 2235 1155 2282 mones
1169 2219 1351 2293 illustrare,
1368 2219 1454 2299 quod
1465 2219 1501 2282 in
1515 2220 1602 2284 votIs
1621 2218 1773 2292 habebat,
1791 2219 1838 2280 ita

188 2315 385 2378 chartaceus
408 2317 468 2391 est,
494 2317 528 2378 et
553 2316 667 2378 formae
687 2315 905 2393 praegrandis,
927 2317 984 2380 alt.
1041 2332 1102 2380 nec
1126 2318 1399 2382 Dissertationem
1423 2317 1518 2380 illam
1539 2317 1711 2381 absolvere
1735 2333 1775 2380 ao
1802 2318 1855 2378 in*

187 2415 271 2487 0,31‚
288 2413 346 2476 lat.
363 2413 456 2488 022:
479 2411 559 2476 lolia
576 2413 677 2476 habet
686 2413 757 2484 847,
778 2415 922 2492 primum
936 2418 987 2479 est
1041 2415 1269 2494 praelationem
1318 2416 1534 2479 sermonibus
1563 2415 1836 2496 ,praemittendam

190 2511 278 2584 1894,
300 2518 503 2589 postremum
516 2513 609 2579 2742.
621 2511 858 2576 Desiderantur
874 2513 987 2592 itaque
1040 2512 1279 2576 transformare
1293 2514 1400 2592 potuit
1414 2511 1473 2594 (i).

225 2675 264 2748 (l)
279 2675 338 2733 llas
387 2673 465 2734 idern
498 2677 600 2750 agnas
612 2675 647 2735 ad
662 2691 715 2735 nos
735 2679 812 2735 misit
823 2678 923 2736 doctus
942 2677 986 2736 vir
1040 2677 1116 2751 ders,
1132 2677 1391 2754 ejusdemlbstcrc.
1408 2677 1676 2740 OrdinisProcurat.
1693 2692 1802 2752 gener..

117 2745 123 2750 ’
192 2757 220 2808 et
239 2761 351 2806 summa
401 2691 563 2810 novofentn
583 2750 753 2824 couspIonus
769 2752 801 2810 ll.
825 2751 857 2810 P.
878 2751 985 2810 smeul-
