4014 6312
201 367 203 372 ’
281 377 342 438 aas
896 371 1072 435 uouoan
1093 369 1137 432 111
1159 349 1308 433 causa.
1838 383 1882 443 lu

282 535 404 597 dicitur
419 531 634 596 seminarium
649 548 723 594 cum
746 531 867 593 tinibus
892 532 974 605 suis,
994 531 1081 593 sicut

281 634 527 696 antecessorum
553 633 745 693 nostrorum
763 628 949 708 privilegiis
972 630 1081 693 conti-

281 734 390 792 netur.
421 729 544 791 Collem
575 729 697 802 album,
726 729 898 791 castellum
922 727 1079 804 Auguste

283 843 357 888 cum
392 826 547 888 fundibus
580 828 614 887 at
645 825 811 887 casalibus
846 825 927 886 suis.
962 824 1079 886 Casula

284 929 316 987 S.
345 925 529 986 Felicitatis
562 941 636 986 curn
670 923 785 985 eadem
823 924 975 996 ecclesia,
1006 939 1080 984 cum

282 1023 393 1084 fundis
422 1023 454 1084 et
478 1022 646 1083 casalibus
669 1022 750 1095 suis,
776 1022 810 1083 et
833 1022 984 1084 omnibus
1010 1021 1080 1082 suis

282 1120 503 1199 pertinentiis.
531 1123 674 1182 Roccam
697 1120 924 1193 incameratae,
960 1119 1082 1182 castel-

283 1219 351 1281 lum
370 1219 558 1291 Muranum,
575 1220 607 1281 et
633 1235 764 1280 roccam
786 1219 921 1281 Martini
946 1218 979 1280 et
1005 1234 1082 1279 roo-

283 1332 356 1378 cam
371 1316 412 1376 de
425 1317 528 1388 Meso,
542 1333 616 1378 cum
625 1315 777 1378 omnibus
789 1331 903 1378 eorum
912 1315 1082 1394 pertinen-

282 1414 349 1477 tiis.
376 1415 527 1477 Castrum
543 1415 722 1476 Cantorani
738 1430 812 1475 curn
833 1429 933 1477 rocca
954 1430 1025 1487 sua,
1050 1415 1083 1476 et

283 1513 394 1575 fundis
414 1513 447 1574 et
465 1512 632 1574 casalibus
655 1513 735 1574 suis.
752 1513 898 1576 Mentem
916 1513 956 1574 de
969 1511 1080 1586 Groto,

283 1609 404 1672 uallem
433 1609 613 1686 Frigidam,
639 1611 783 1672 montem
801 1611 841 1672 de
859 1613 963 1685 Meso,
979 1612 1012 1672 et
1026 1611 1085 1672 Fi-

284 1706 426 1769 nistellae
446 1724 520 1769 cum
540 1708 692 1770 omnibus
717 1725 830 1770 eorum
853 1709 1082 1786 pertinentiis:

284 1804 457 1866 castellum
476 1807 644 1868 cerretum
666 1821 740 1866 cum
755 1807 906 1868 omnibus
919 1807 1085 1884 pertinen-

282 1902 340 1964 tiis
355 1904 440 1978 suis;
457 1904 604 1964 castrum
619 1902 734 1964 Girani
761 1921 835 1965 cum
863 1904 1028 1966 montibus
1052 1905 1085 1966 et

284 1999 437 2069 collibus,
454 2000 565 2062 lundis
581 2005 613 2062 et
626 2001 792 2062 casalibus
815 2001 896 2074 suis,
911 2017 986 2063 cum
1001 2018 1085 2062 mas·

284 2097 341 2170 sis,
358 2100 391 2159 et
405 2098 556 2159 omnibus
570 2099 639 2158 suis
655 2100 879 2176 pertinentiis
893 2101 1011 2162 etcum
1026 2116 1086 2162 ve-

285 2195 347 2256 teri
367 2195 562 2258 baeraditate
588 2197 783 2259 monasterii
803 2219 811 2258 ι
830 2197 1002 2259 castellum
1024 2205 1086 2278 Ap·

284 2293 409 2369 polonii
432 2309 506 2356 cum
520 2295 687 2356 montibus
706 2297 739 2358 et
762 2283 930 2357 casulibus
946 2297 1035 2372 suis;
1053 2297 1087 2359 et

284 2389 493 2453 medietatem
518 2392 619 2454 castri
642 2395 675 2454 S.
692 2394 810 2471 Augeli
825 2411 900 2455 curn
922 2395 1082 2467 ecclesiis,

284 2489 415 2562 massis,
432 2490 556 2564 lundis,
571 2493 605 2553 et
616 2491 770 2554 omnibus
790 2493 859 2553 suis
874 2493 1085 2570 pertinentiis

285 2601 417 2662 eorum;
440 2605 573 2650 roccam
594 2591 626 2649 S.
650 2590 809 2667 Stephani
825 2605 899 2650 cum
914 2591 1086 2668 pertinen-

284 2683 340 2745 tiis
351 2686 438 2761 suis;
454 2686 576 2747 vallem
588 2687 782 2762 deAnien03
798 2688 916 2749 collem
932 2689 972 2750 de
987 2689 1085 2751 Occia

284 2798 359 2844 curn
382 2783 547 2844 montibus
570 2785 603 2846 et
615 2785 768 2858 collibus,
785 2785 895 2846 lundis
911 2787 944 2848 et
962 2787 1086 2848 casali-

283 2879 346 2940 bus
364 2881 446 2942 suis.
469 2881 728 2955 Tuccianellum,
748 2883 886 2945 fundum
907 2885 1083 2957 Horarum,

283 2977 420 3039 fundum
436 2981 700 3052 Mucroniunum‚
728 2980 865 3042 fundum
889 2982 1084 3051 canianum,

283 3074 420 3137 fundum
443 3078 673 3149 Conuilellum,
702 3079 840 3140 fundum
867 3081 1083 3157 aquaevivae,

283 3174 316 3233 et
330 3173 539 3236 medietatem
564 3177 685 3237 montis
705 3175 826 3236 Adlani
843 3193 917 3238 cum
933 3176 1084 3238 omuibus

283 3285 398 3331 eorum
433 3273 643 3348 pertinentiis
675 3295 682 3333 :
711 3275 857 3334 castrum
889 3274 976 3336 Atile
1011 3289 1085 3336 cum

285 3367 450 3428 montibus
465 3369 498 3432 at
512 3370 663 3440 collibus,
680 3374 714 3432 et
731 3371 941 3434 medietatem
965 3373 1086 3434 montis

283 3465 407 3527 Alilani
434 3483 509 3529 curn
535 3468 688 3529 omuibus
714 3484 830 3530 eorum
858 3471 1083 3547 pertinentiis3

285 3565 431 3626 castrum
454 3567 581 3628 Pontiae
603 3583 677 3628 cum
692 3567 858 3629 montibus
879 3569 913 3630 et
932 3567 1083 3642 collibus,

284 3661 317 3722 et
346 3663 498 3725 omuibus
532 3679 647 3726 eorum
675 3666 905 3742 pertinentiis3
939 3667 1086 3730 castrum

282 3760 400 3838 Rojatc
420 3775 494 3822 cum
514 3777 612 3824 rocca
638 3763 743 3831 sicca.
764 3765 886 3841 praeter
901 3779 940 3826 aa
955 3779 1029 3842 quae
1044 3781 1087 3826 ex

282 3859 417 3935 antiquo
436 3861 523 3936 jure,
540 3861 573 3922 et
587 3877 686 3938 quam
698 3864 922 3924 Romanorum
941 3861 1086 3924 Pontid-

284 3971 370 4027 cum,
392 3959 613 4044 quamletiam
639 3960 877 4036 imperatorum
902 3959 1088 4030 concessio-

283 4053 382 4114 nibus
405 4055 438 4116 et
459 4055 658 4132 privilegiis,
688 4057 731 4118 ad
755 4056 842 4119 idem
871 4057 961 4120 beati
985 4062 1088 4120 Bene-

284 4151 364 4212 dicti
377 4153 614 4214 monasterium
636 4153 804 4230 pertinere
819 4156 1013 4218 noscuntur.

325 4249 403 4310 Sala
416 4249 534 4311 civitas
558 4267 631 4327 quas
652 4254 791 4312 uocatur
805 4254 995 4323 Carceolus,
1011 4269 1086 4314 cum

285 4347 417 4419 massis,
436 4347 547 4410 tundis
563 4350 595 4410 et
609 4347 777 4410 casalibus
790 4349 879 4424 suis;
906 4351 1084 4427 Auricola;

283 4461 381 4508 rocca
400 4446 451 4534 de
480 4447 592 4519 Butte,
628 4461 726 4508 rocca
754 4448 911 4524 Apronii,
948 4451 1083 4522 Arsula,

284 4543 484 4617 Rubtanum,
501 4546 535 4606 et
549 4543 643 4606 aliud
658 4543 846 4606 Rubianum
865 4545 969 4623 ‚situm
986 4561 1087 4623 super

284 4641 442 4718 fluvium3
470 4643 672 4716 anticulum,
694 4641 962 4717 saraciniscum
988 4659 1087 4705 rocoa

283 4740 325 4802 de
339 4741 439 4813 Muzi,
454 4757 554 4803 rocca
578 4740 618 4803 de
639 4741 758 4814 Surici,
776 4741 934 4813 sanbuci,
951 4740 1087 4802 Cicilia-

284 4853 362 4898 num
375 4861 383 4914 ;
398 4839 609 4901 medietatem
621 4839 662 4900 de
676 4839 767 4900 illice
782 4859 790 4915 3
809 4853 953 4901 massam
976 4856 1003 4900 s.
1017 4841 1088 4901 Va-

284 4936 373 5008 lerii,
389 4937 591 5008 Piscianum,
607 4937 751 5000 montem
764 4937 903 5007 Gasalis,
920 4937 1083 5010 civitella,

285 5033 461 5094 Olivauum
475 5050 549 5094 cum
564 5033 717 5095 omnibus
733 5034 844 5096 tundis
867 5036 902 5098 et
919 5035 1085 5096 casalibus

287 5130 369 5192 suis.
384 5130 546 5208 Oppidum
561 5132 785 5192 Tusculanum
807 5149 881 5193 cum
896 5148 995 5194 rocca
1011 5149 1083 5204 suu,

285 5231 317 5292 et
330 5229 482 5292 omnibus
497 5229 567 5290 suis
583 5231 807 5307 pertinentiis,
822 5230 995 5292 castellum
1007 5232 1086 5294 Gal-

284 5329 429 5390 licanum
445 5343 520 5390 cum
544 5327 707 5399 ecclesiis,
725 5327 848 5400 tundis,
865 5328 1033 5390 casalibus
1053 5331 1086 5390 et

284 5427 436 5488 omnibus
481 5426 691 5505 pertinentiis
724 5426 804 5487 suis.
845 5427 1084 5488 confirmamus

284 5523 384 5586 etiam
411 5523 506 5586 vobis
534 5524 636 5588 cellas
662 5524 702 5586 ad
733 5523 821 5584 idam
846 5524 1084 5586 monasterium

284 5622 499 5700 pertinentes.
515 5623 668 5684 Vestram
683 5621 859 5684 ecclesiam
870 5635 898 5682 s.
913 5622 1033 5698 angeli
1048 5623 1084 5683 in

282 5718 370 5786 Atile
383 5719 522 5795 positam
535 5740 543 5794 3
560 5719 735 5782 ecclesium
749 5737 775 5780 s.
788 5717 1005 5794 Georgiioum
1018 5734 1086 5780 om·

1135 529 1233 594 nibus
1246 544 1359 593 aarum
1375 529 1595 610 pertiuentiis,
1609 531 1723 594 etcum
1737 535 1824 598 ueteri
1834 537 1887 602 ba·

1134 628 1275 691 ruditate
1294 628 1382 690 beati
1402 628 1596 704 Benedictl3
1616 630 1780 693 ecclesiam
1799 637 1887 698 ssia

1135 725 1237 805 pbani
1272 725 1313 789 de
1345 727 1448 800 Pilio,
1485 727 1659 790 ecclesiam
1689 745 1714 789 s.
1743 731 1843 806 augeli
1863 733 1887 795 iu

1135 824 1328 898 Petralata;
1351 825 1529 888 ecclesiam
1549 841 1576 886 s.
1602 825 1776 888 sebastiani
1796 828 1825 890 in
1841 833 1888 892 Pa-

1135 924 1252 997 lian03
1281 923 1458 984 ecclesiam
1484 940 1510 984 s.
1540 924 1687 996 Quintini
1708 925 1739 986 et
1759 926 1844 986 Blasii
1863 929 1888 988 in

1135 1021 1316 1096 Anticulo;
1346 1021 1522 1084 ecclesiam
1546 1039 1573 1082 s.
1600 1021 1699 1082 Leuci
1723 1021 1757 1084 iu
1778 1023 1887 1095 Babuco,

1136 1135 1211 1180 cum
1228 1119 1382 1182 omnibus
1396 1135 1511 1180 earum
1534 1119 1739 1197 pertinentiis
1752 1121 1853 1198 positas
1866 1122 1889 1182 iu

1134 1218 1305 1280 territorio
1326 1217 1539 1295 campanino.
1562 1219 1599 1279 ln
1619 1216 1766 1279 carseolo
1783 1235 1805 1278 s.
1826 1221 1891 1280 Petri

1136 1315 1172 1376 in
1207 1316 1402 1389 Camerata,
1437 1317 1470 1378 et
1502 1316 1678 1376 ecclesiam
1709 1331 1734 1376 s.
1768 1317 1842 1376 Petri
1868 1315 1892 1376 iu

1137 1414 1296 1490 Aprunio.
1336 1415 1373 1474 In
1404 1413 1573 1474 territorio
1606 1413 1785 1474 Marsicano
1814 1413 1894 1474 eccle-

1138 1511 1221 1572 siam
1232 1528 1259 1572 s.
1272 1511 1362 1573 Petri
1373 1511 1409 1572 in
1419 1510 1532 1584 Nerio,
1547 1510 1721 1573 ecclesiam
1730 1511 1895 1572 sBanedicli

1137 1609 1172 1670 in
1187 1609 1264 1694 rivo,
1280 1607 1320 1670 de
1335 1609 1483 1681 Merulis,
1506 1609 1684 1670 ecclesiam
1705 1625 1730 1670 s.
1745 1607 1895 1670 Tbomeiu

1138 1707 1341 1785 Transaquis
1362 1723 1436 1768 cum
1459 1705 1601 1769 ecclesia
1620 1721 1648 1767 s.
1673 1705 1795 1768 Nicolai
1816 1706 1896 1783 posin

1140 1806 1173 1865 in
1197 1805 1277 1866 villa
1302 1821 1376 1866 cum
1405 1805 1557 1866 omnibus
1577 1819 1693 1866 earum
1713 1803 1894 1882 pertinentiis,

1140 1902 1317 1964 ecclesiam
1341 1919 1368 1964 s.
1387 1903 1508 1980 Angeli
1533 1905 1569 1964 in
1590 1903 1685 1977 Alba,
1712 1901 1863 1964 ecclesian
1876 1917 1894 1960 s.

1142 2000 1324 2063 salvatoris
1337 2001 1372 2062 iu
1390 2004 1556 2073 Avezano,
1580 2000 1753 2064 ecclesiam
1766 2017 1790 2061 s.
1810 1999 1897 2060 Maria

1140 2099 1180 2160 de
1195 2099 1278 2160 Tuto
1298 2114 1372 2161 cum
1389 2099 1542 2162 omnibus
1565 2098 1771 2177 pertiuentiis
1785 2097 1852 2158 suis.
1871 2098 1896 2156 iu

1139 2197 1228 2259 valle
1250 2199 1378 2260 Sorana
1397 2198 1573 2260 ecclesiam
1592 2215 1619 2259 s.
1647 2198 1743 2260 Pauli
1760 2213 1825 2259 cum
1844 2195 1897 2255 aliis

1139 2293 1246 2357 tribus
1258 2296 1420 2370 ecclesiis,
1437 2297 1553 2359 etcum
1568 2296 1650 2358 villa
1661 2296 1755 2374 juxta
1769 2291 1897 2370 seposita,

1140 2394 1173 2455 et
1200 2393 1353 2455 omnibus
1379 2410 1494 2456 aarum
1519 2395 1737 2472 pertinentiis.
1754 2391 1899 2454 Ecclesium

1141 2507 1168 2552 s.
1184 2492 1324 2553 loannis
1339 2491 1379 2554 de
1395 2492 1547 2566 Pesculo,
1572 2491 1748 2554 ecclesiam
1770 2507 1794 2550 s.
1813 2487 1899 2550 Maria

1141 2588 1181 2649 de
1196 2589 1359 2662 anticulo,
1369 2589 1544 2651 ecclesiam
1555 2607 1582 2652 s.
1594 2590 1712 2652 Mariae
1722 2588 1760 2650 de
1770 2585 1897 2654 ltubiano,

1141 2689 1174 2749 et
1186 2687 1362 2748 ecclesiam
1374 2704 1401 2748 s.
1415 2687 1530 2750 Mariae
1545 2687 1586 2750 de
1599 2687 1733 2752 Arsula.
1749 2683 1898 2748 incivitate

1141 2784 1313 2847 Tiburtina
1326 2785 1486 2848 ecclesias
1502 2803 1528 2848 s.
1542 2786 1714 2858 Antonini,
1735 2801 1761 2846 s.
1774 2783 1868 2846 Crucis
1879 2779 1900 2840 et

1141 2899 1166 2942 s.
1193 2882 1349 2944 Barbarae
1368 2900 1444 2945 cum
1468 2884 1622 2946 omnibus
1640 2901 1753 2946 earum
1767 2881 1900 2960 pertinan-

1140 2981 1216 3056 tiis3
1238 2980 1340 3044 aliam
1352 2981 1471 3043 cellam
1495 2981 1537 3043 ad
1557 2982 1719 3043 bonorem
1731 2997 1757 3042 s.
1772 2977 1866 3041 Crucis
1877 2976 1899 3033 iu

1142 3078 1346 3150 Quintiliano
1366 3095 1440 3140 cum
1460 3079 1583 3141 oliveto
1603 3096 1677 3152 suo,
1693 3080 1726 3141 et
1748 3075 1835 3140 certis
1852 3071 1900 3133 suis

1141 3175 1362 3252 pertinentiis,
1375 3178 1408 3238 et
1418 3191 1479 3238 sex
1491 3177 1607 3238 uncias
1622 3177 1665 3239 de
1677 3175 1810 3238 ecclesia
1822 3190 1843 3233 s.
1855 3172 1901 3230 bla-

1141 3273 1246 3335 riaain
1262 3273 1378 3336 eodem
1399 3275 1473 3336 loco
1492 3275 1620 3352 posita3
1637 3273 1772 3335 fundum
1786 3268 1900 3332 deilica-

1141 3388 1220 3432 num
1231 3387 1306 3433 cum
1318 3369 1460 3433 ecclesia
1471 3389 1497 3432 s.
1511 3372 1613 3445 Petri,
1622 3387 1663 3435 ac
1673 3365 1900 3434 terrisetuineis,

1143 3469 1229 3531 sicut
1249 3485 1308 3546 per
1334 3469 1487 3548 antiquos
1513 3469 1631 3532 aflines
1658 3468 1793 3534 constat.
1812 3464 1902 3526 villan

1142 3583 1214 3644 quae
1234 3568 1372 3629 vocatur
1398 3567 1479 3645 Papi
1498 3584 1573 3629 cum
1599 3568 1742 3630 ecclesia
1759 3583 1783 3627 s.
1805 3561 1900 3626 Maria.

1141 3665 1242 3726 terris
1258 3665 1291 3727 et
1310 3664 1430 3726 uineis.
1447 3667 1590 3728 Mentem
1606 3667 1666 3744 qui
1679 3666 1809 3729 vocatur
1819 3656 1901 3721 Moni-

1141 3761 1235 3838 tula;
1257 3761 1418 3824 ecclesias
1447 3779 1473 3824 s.
1501 3763 1618 3824 Mariae
1645 3779 1719 3842 qua
1745 3752 1901 3839 ponituriu

1142 3861 1249 3936 porta,
1271 3860 1306 3922 et
1332 3876 1359 3920 s.
1385 3859 1576 3922 sebastiani
1603 3877 1679 3922 cum
1699 3850 1901 3922 omnibussuis

1142 3957 1362 4036 pertinentiis.
1370 3958 1645 4036 Aquemolastres
1656 3981 1664 4020 :
1677 3949 1902 4019 unamindaslro

1141 4055 1256 4126 veteri,
1283 4055 1424 4118 alteram
1448 4055 1529 4118 ioris
1553 4059 1684 4134 portam
1710 4045 1903 4131 majorano

1141 4153 1273 4214 tertiam
1289 4153 1324 4214 in
1339 4155 1451 4216 Vesta.
1475 4156 1576 4216 Juxta
1596 4153 1771 4216 Castellum
1790 4143 1903 4212 Gallica-

1142 4265 1221 4310 num
1232 4249 1392 4312 ecclesias
1407 4267 1435 4312 s.
1451 4251 1612 4324 Pastoris,
1629 4267 1656 4313 s.
1673 4249 1797 4326 angeli,
1811 4261 1834 4305 s.
1847 4243 1902 4302 Ma·

1141 4348 1212 4420 riae,
1230 4365 1257 4408 s.
1274 4347 1445 4411 Laurentii
1461 4349 1495 4409 in
1507 4352 1601 4425 Aqua
1616 4347 1685 4410 alta
1700 4363 1771 4410 cum
1784 4337 1902 4406 omnibus

1142 4462 1257 4508 earum
1276 4446 1552 4523 possessionibus.
1570 4448 1683 4508 Romae
1703 4437 1902 4507 monasterium

1142 4561 1168 4604 s.
1185 4544 1313 4606 Erasmi
1326 4561 1402 4606 cum
1424 4543 1585 4616 domibus
1614 4543 1732 4616 bortis,
1753 4541 1784 4603 et
1802 4530 1902 4600 caeuris

1141 4640 1408 4719 possessionibus
1421 4641 1463 4703 ad
1482 4641 1592 4720 ipsum
1608 4636 1843 4719 pertinentibus.

1180 4738 1229 4800 Ad
1246 4739 1317 4801 baec
1336 4739 1470 4817 propter
1484 4739 1674 4818 frequentes
1692 4735 1833 4815 injurias,
1848 4739 1901 4807 llffl

1141 4835 1182 4898 ab
1206 4837 1392 4914 episcopis,
1419 4837 1472 4898 vel
1498 4839 1729 4915 episcoporum
1754 4823 1899 4895 ministris.

1141 4935 1352 4996 monasteriis
1378 4935 1587 5011 ingeruntur,
1611 4935 1721 4996 datam
1740 4929 1837 4994 uestro
1853 4935 1901 4983 ab*

1141 5031 1240 5095 nobio
1254 5048 1275 5094 a
1290 5033 1414 5095 nostris
1422 5031 1723 5110 praedecessoribus
1734 5023 1898 5092 faculatem,

1140 5131 1234 5194 vobis
1246 5146 1377 5210 quoque
1395 5132 1503 5194 ratam
1518 5146 1653 5196 manere
1668 5125 1864 5190 decernimus.
1876 5111 1901 5174 ¹1²

1141 5229 1182 5289 ad
1198 5229 1356 5291 ecclesias
1367 5243 1442 5290 cum
1457 5229 1643 5306 expedierit
1657 5221 1849 5288 dedicandas,
1860 5209 1901 5318 aut

1141 5326 1280 5388 clericos
1295 5326 1329 5387 in
1346 5326 1559 5400 monasterio,
1577 5326 1694 5388 sivein
1708 5321 1806 5390 cellis,
1820 5327 1866 5376 sel
1876 5321 1901 5368 [Β

1141 5424 1298 5496 castellis,
1312 5423 1369 5486 aut
1383 5424 1473 5487 villis
1486 5412 1900 5487 monastertiordmantosa

1141 5522 1235 5584 nobis
1252 5522 1442 5600 episcopum
1464 5521 1652 5599 possidetis.
1677 5517 1764 5592 Quod
1777 5509 1845 5576 stad
1855 5515 1900 5566 110³

1140 5619 1314 5700 pervenire
1340 5621 1376 5681 in
1404 5621 1553 5698 tempore
1582 5613 1803 5698 nequiveritis,
1827 5613 1900 5710 quen

1140 5718 1325 5782 malueritis
1350 5717 1551 5782 catholicum
1575 5719 1759 5797 episcopum
1778 5703 1899 5770 adesum
