3994 6326
73 415 125 474 125

75 726 120 786 nd
128 723 279 798 petorem
288 719 323 780 et
333 717 591 793 tratressauctt
598 717 852 780 Bartholomaei.

345 841 379 899 10
397 838 466 898 1616.
490 840 567 898 lars.

172 953 344 1020 [Spicilegium
359 952 532 1011 liberianum,
545 969 572 1019 p.
585 952 640 1010 ⁷23,
654 967 680 1002 n.
695 951 745 1018 11]

72 1063 242 1126 1661666116
264 1061 426 1120 donationis
444 1061 597 1118 conventui
619 1059 730 1120 166166
750 1074 855 1118 66666-

299 1151 374 1209 libus
388 1149 616 1221 Quarcinctibus.

108 1269 269 1332 Honorius
284 1269 458 1346 episcopus
473 1283 591 1330 servus
609 1283 783 1330 servornm
797 1267 856 1328 Dei

73 1369 190 1430 11166116
210 1367 290 1428 11116
308 1363 755 1444 66166161166161166666611
775 1367 859 1425 Bar-

73 1465 229 1528 tholomaei
248 1464 289 1526 de
310 1463 455 1526 TrIsulto
470 1463 693 1526 cartusiensis
716 1461 855 1536 ordinis,

75 1563 247 1626 salutemet
261 1562 476 1640 apostolicam
493 1561 768 1624 benedictionem.

105 1661 202 1724 Justis
228 1659 410 1738 petentium
439 1659 615 1722 desideriis
644 1658 782 1736 dignum
808 1660 859 1721 661

72 1775 126 1820 666
146 1758 277 1820 facilem
298 1757 446 1835 praebere
478 1773 690 1829 consensum,
715 1757 748 1819 et
779 1759 857 1819 vota

71 1871 136 1934 quae
166 1872 185 1917 a
219 1855 361 1918 rationis
395 1855 528 1918 tramite
561 1870 627 1916 non
666 1853 859 1916 discordant

71 1953 180 2015 6116616
204 1953 425 2031 prosequente
439 1953 616 2030 complere.
639 1953 856 2029 Quapropter,

71 2051 178 2112 dilecte
197 2051 232 2112 iu
245 2051 385 2113 Domino
401 2050 460 2124 tili,
474 2051 541 2112 tuis
547 2051 648 2128 justis
663 2049 859 2127 postulatio-

71 2149 158 2209 nibus
178 2151 273 2226 grato
291 2150 526 2211 concurrentes
547 2164 700 2219 assensu,
717 2163 859 2209 conces-

72 2247 186 2308 sionem
202 2263 283 2308 usus
299 2262 497 2325 pascuorum
515 2263 612 2324 6666
628 2245 722 2308 66116
738 2261 860 2306 66666-

72 2344 113 2404 les
137 2344 353 2416 Quarcinates
384 2345 419 2406 in
448 2343 627 2422 praesentia
655 2343 768 2404 dilecti
797 2342 858 2404 1111

71 2442 166 2502 nostri
189 2441 350 2519 Stephani
364 2442 511 2504 basilicae
527 2441 700 2504 duodecim
715 2441 859 2518 Aposto-

70 2537 167 2598 lorum
194 2536 392 2616 praesbyteri
427 2537 619 2609 cardinalis,
651 2539 730 2600 1666
762 2536 858 2598 bonae

69 2636 226 2698 memoriae
264 2636 449 2698 Innocentii
478 2652 572 2714 papae
600 2633 858 2713 praedecessoris

70 2733 166 2794 666161
194 2733 374 2796 666666611
400 2733 456 2811 616
484 2733 684 2795 liberalitate
711 2733 856 2804 suerunt,

70 2845 189 2893 necnon
214 2831 460 2893 ordinationem
489 2831 653 2909 66616666
681 2829 858 2891 66661666

69 2927 185 3002 161661,
215 2929 247 2990 61
275 2930 352 3006 6611
379 2930 467 2991 16166
494 2945 554 2990 666
581 2930 615 2990 61
641 2927 791 2996 homines
817 2927 858 2988 de

68 3027 251 3097 Quarcinati
265 3042 324 3103 pro
340 3027 474 3104 pascuis
498 3027 703 3098 animalium,
720 3026 774 3087 vel
798 3041 858 3102 pro

69 3123 204 3199 qualibet
227 3124 297 3186 alia
327 3141 427 3186 causa
453 3124 627 3186 emerserit
651 3123 856 3202 quaestionis,

71 3220 148 3281 sicut
161 3221 214 3299 pie
229 3237 270 3284 66
285 3223 464 3300 prudenter
474 3223 570 3284 166166
581 3221 667 3292 6661,
683 3221 761 3284 6116
771 3223 859 3298 6166·

70 3317 135 3378 166
156 3319 337 3380 6661166116
361 3319 481 3382 11116616
502 3319 632 3398 plenius
656 3319 858 3387 continetur,

70 3417 457 3495 666166116161666161166
473 3417 707 3478 confirmamus
722 3417 754 3479 61
771 3432 860 3494 prae-

67 3513 159 3576 sentis
183 3515 302 3593 scripti
325 3515 511 3592 patrocinio
535 3513 792 3589 communimus;
817 3515 859 3575 ad

67 3613 217 3686 majorem
243 3613 353 3674 autem
377 3610 578 3674 6611661166
600 3611 858 3673 tenoremlitte·

67 3721 170 3770 rarum
188 3699 342 3787 ipsarum
366 3707 445 3769 huic
467 3709 590 3771 nostrae
616 3707 748 3786 paginae
775 3707 861 3770 1661-

68 3819 133 3865 666
144 3807 299 3869 61661661
316 3823 324 3862 ι

102 3903 326 3982 «Stephanus
351 3902 411 3965 Dei
431 3903 539 3981 gratia
562 3902 710 3965 basilicae
735 3901 861 3965 duode-

69 3999 126 4060 cim
144 4002 379 4079 Apostolorum
401 4000 583 4079 praesbyter
599 4000 779 4064 cardiualis
795 4001 858 4062 do-

67 4096 141 4158 mini
159 4116 255 4177 papae
270 4099 487 4173 camerarius,
504 4099 657 4161 omnibus
677 4099 859 4177 praesentes

67 4191 187 4256 litteras
197 4195 399 4274 inspecturis
412 4196 554 4258 salutem
570 4196 604 4256 16
620 4195 769 4257 Domino.
787 4197 860 4256 No-

67 4291 147 4353 verit
161 4293 365 4354 universitas
379 4294 491 4354 vestra
508 4292 593 4370 6661
607 4292 664 4354 1611
679 4293 758 4354 6661
776 4292 860 4354 lines

67 4385 145 4449 16166
160 4406 243 4466 6666
265 4389 476 4452 6666616616
501 4391 666 4462 06666166
688 4389 722 4451 16
746 4391 860 4452 666166

66 4483 244 4558 6666666116
257 4487 427 4550 constituti
452 4487 582 4549 dilectis
597 4486 680 4548 meis
700 4487 805 4564 priori
827 4489 861 4548 et

67 4579 216 4645 iratribus
232 4585 341 4646 666611
355 4584 591 4647 Bartholomaei
608 4584 649 4646 de
666 4585 810 4646 Trisulto
826 4586 860 4645 et

65 4692 171 4742 66666
187 4682 436 4745 successoribus
454 4682 595 4745 liberum
609 4697 704 4743 usum
718 4698 861 4758 pascuo-

65 4779 342 4843 6666616616616
366 4779 613 4843 concesserunt.
640 4781 677 4841 ln
701 4780 817 4856 661616
840 4796 859 4841 6

65 4874 202 4953 6166666
224 4876 347 4942 1161166
361 4877 512 4940 61616166
527 4893 628 4956 66666
645 4877 687 4940 61
703 4877 859 4940 6661666

66 4963 102 5031 16
111 4973 320 5052 1166666666
332 4975 417 5036 61661
430 4973 596 5052 66616161
610 4975 748 5054 respicit
758 4991 859 5053 supra

65 5069 179 5132 vallem
196 5071 396 5134 Fellieoram
408 5074 441 5134 et
456 5073 573 5149 ragilo
586 5088 686 5152 supra
704 5089 808 5151 66666
823 5072 859 5134 16

65 5165 147 5228 6166
163 5183 237 5246 quae
257 5170 350 5232 vadit
369 5169 403 5232 in
420 5169 544 5234 Ortulis
559 5172 592 5232 61
606 5171 788 5234 6666611166
800 5186 861 5248 666

65 5263 159 5326 aliam
181 5267 339 5329 scrimam
362 5267 511 5345 ejusdem
530 5268 724 5346 Campivaui
747 5268 862 5330 6166-

65 5361 206 5426 tenditur
223 5381 325 5443 66666
340 5366 375 5427 16
388 5365 516 5443 sylvam
536 5381 609 5446 666
624 5365 803 5428 6666611166
818 5365 859 5427 61

689 407 1020 469 6661666116.
1045 409 1085 468 II.

1651 410 1712 468 1126

909 568 1001 629 6166
1016 583 1090 645 quae
1106 566 1228 628 dicitur
1241 566 1395 630 Alatrina
1409 567 1442 629 61
1455 567 1547 630 66111
1565 567 1600 629 16
1615 569 1710 629 Mar-

910 663 1001 726 tiam.
1026 665 1266 727 concesseruut
1287 667 1386 727 61166
1406 665 1559 728 66666166
1580 681 1710 726 memo-

910 763 976 824 rati
1005 762 1041 824 ut
1068 762 1169 824 liceat
1196 763 1326 825 dilectis
1355 763 1460 841 priori
1488 764 1521 826 et
1551 762 1712 825 iratribus

910 875 1040 922 necnon
1053 859 1302 922 successoribus
1317 862 1507 924 eorumdem
1521 877 1580 938 per
1590 863 1712 923 caetera

910 957 1714 1036 tenimentaQuarcinensia‚pratisexceptis,ani-

912 1056 1013 1118 malia
1028 1072 1090 1118 sua
1105 1056 1209 1118 libere
1224 1057 1356 1119 mittere
1374 1056 1448 1118 sine
1467 1057 1597 1118 damno.
1616 1059 1712 1118 Prae-

912 1156 1014 1226 terea,
1040 1154 1081 1216 16
1101 1153 1273 1232 utriusque
1299 1155 1404 1232 666116
1425 1171 1566 1216 assensu
1590 1153 1712 1216 166166

911 1253 972 1326 661,
990 1254 1026 1314 61
1041 1252 1128 1314 1166
1150 1253 1243 1331 66166
1264 1252 1507 1330 provoluntate
1527 1268 1588 1313 sua
1610 1253 1714 1329 allgat

912 1366 1015 1412 uuum
1043 1366 1241 1413 conversum
1265 1351 1372 1412 sancti
1405 1349 1642 1412 Bartholomaei
1671 1351 1712 1411 de

911 1449 1067 1526 Trisulto,
1084 1450 1117 1511 et
1138 1448 1219 1511 1666
1243 1449 1395 1510 1661666
1414 1447 1648 1521 deQuarcino‚
1676 1448 1712 1508 61

912 1547 977 1624 1661
993 1545 1093 1608 61661
1118 1547 1257 1609 6611661
1275 1549 1307 1608 61
1327 1545 1369 1608 ab
1383 1547 1525 1624 utraque
1540 1547 1636 1623 parte
1659 1544 1713 1605 16-

914 1644 1004 1707 61661
1016 1645 1198 1717 66661661,
1215 1645 1335 1722 siquid
1351 1645 1543 1721 1616616666
1559 1659 1618 1721 666
1634 1659 1713 1720 pas-

913 1741 1196 1804 6616661661166
1216 1743 1270 1804 vel
1286 1758 1346 1820 pro
1361 1742 1509 1820 qualibet
1523 1740 1591 1802 alia
1610 1756 1713 1802 66666

913 1841 1086 1902 emerserit
1109 1840 1315 1918 quaestionis.
1332 1843 1378 1901 116
1399 1855 1479 1902 6666
1501 1855 1574 1917 666.
1590 1838 1711 1900 termi-

913 1937 988 1999 nari
1012 1954 1079 1999 666
1104 1939 1259 2016 66166661
1274 1953 1332 2015 666
1350 1937 1484 2000 666166
1503 1937 1544 1998 61
1567 1936 1710 1998 661166-

912 2036 993 2097 1166
1013 2036 1180 2098 carissimi
1200 2035 1326 2098 domini
1348 2035 1524 2097 camerarii
1548 2033 1710 2106 16166661,

913 2135 945 2194 61
964 2133 1130 2210 adipsum
1154 2133 1266 2210 666166
1287 2133 1447 2196 66661661
1468 2149 1511 2193 66
1530 2132 1597 2193 11116
1613 2131 1712 2192 finem

914 2230 1060 2292 debitum
1075 2232 1269 2308 recepturae.
1289 2215 1493 2292 obeuntibus
1510 2231 1620 2292 antem
1642 2229 1710 2290 illis

915 2328 1105 2390 hominibus
1130 2331 1163 2391 et
1182 2345 1354 2400 converso,
1372 2329 1429 2390 ant
1452 2327 1565 2405 aliquo
1585 2341 1715 2387 eorum·

914 2427 1000 2498 dem,
1015 2427 1222 2505 6616666116
1237 2443 1338 2488 causa
1354 2427 1397 2488 iis
1412 2423 1632 2503 exsequendis
1645 2440 1711 2484 non

913 2523 1100 2587 volentibus
1108 2523 1281 2596 interesse,
1291 2525 1390 2586 liceat
1398 2521 1535 2600 66661616
1543 2521 1647 2600 661661
1656 2521 1713 2599 661

913 2639 1002 2683 6666
1017 2623 1069 2684 661
1081 2623 1134 2684 661
1145 2623 1201 2701 661
1212 2639 1271 2700 666
1281 2623 1430 2699 1666666
1443 2620 1544 2683 166611
1557 2619 1712 2680 inlocum

912 2720 1058 2792 1116666,
1074 2721 1185 2792 16166,
1198 2720 1308 2793 66166,
1322 2719 1473 2791 166666,
1485 2719 1539 2780 661
1551 2718 1710 2790 666166,

914 2818 998 2880 61166
1013 2819 1082 2880 1666
1096 2818 1255 2881 611611661
1270 2833 1372 2878 unum
1392 2832 1588 2878 conversum
1604 2815 1712 2876 sancti

914 2915 1294 2977 Β661161ο6661611666
1316 2915 1468 2976 homines
1490 2913 1531 2975 de
1547 2913 1713 2986 Quaroiuo

915 3013 1116 3075 substituere
1131 3029 1191 3091 pro
1214 3029 1284 3074 suae
1303 3011 1398 3073 libito
1417 3011 1610 3074 voluntatis.
1634 3010 1714 3074 Sine

913 3111 1041 3172 malitia
1054 3127 1135 3173 vero
1156 3110 1277 3172 debent
1296 3110 1370 3171 1661
1393 3111 1426 3172 61
1447 3109 1575 3171 servari
1599 3109 1711 3170 omnia

913 3210 1115 3289 supradicta.
1137 3209 1180 3271 Ut
1200 3209 1311 3270 antem
1332 3208 1443 3270 66116
1467 3223 1534 3270 uon
1556 3206 1713 3284 66661116

914 3309 1081 3385 posterum
1110 3306 1266 3380 dubitari,
1290 3323 1333 3368 66
1360 3303 1581 3385 praesentibus
1603 3305 1713 3367 adno-

913 3407 979 3468 tari
1005 3405 1144 3469 lecimus
1168 3408 1203 3467 et
1225 3405 1372 3482 sigillum
1399 3406 1549 3466 nostrum
1577 3403 1711 3480 apponi.

913 3505 1030 3567 16166
1053 3503 1224 3566 Ferentini
1246 3503 1343 3565 nonis
1366 3503 1510 3578 augusti,
1534 3501 1713 3579 666111166-

913 3604 968 3665 166
983 3601 1108 3663 166161
1124 3601 1308 3663 1666666111
1323 3616 1417 3678 66666
1434 3603 1479 3661 Ill
1494 3615 1581 3660 anno
1597 3599 1714 3661 octavo

915 3700 1054 3762 decimo.

954 3797 1048 3859 Nulli
1063 3813 1142 3873 ergo
1163 3795 1298 3859 omnino
1313 3795 1484 3856 hominum
1505 3793 1604 3856 liceat
1625 3794 1712 3855 banc

915 3896 1073 3974 paginam
1092 3896 1215 3956 nostrae
1242 3891 1503 3956 confirmationis
1529 3889 1714 3967 iufringere

914 3994 968 4056 vel
981 3993 1014 4055 ei
1028 4008 1113 4054 ausu
1125 3992 1303 4054 temerario
1317 3990 1494 4052 contraire.
1512 3989 1548 4051 Si
1563 3989 1637 4068 6616
1652 4006 1715 4051 66-

915 4093 981 4154 166
1004 4090 1067 4152 boc
1090 4090 1255 4152 attentare
1277 4089 1528 4166 praesumpserit
1554 4088 1713 4164 indigna-

915 4187 1290 4265 116666666166166116
1305 4187 1364 4248 Dei
1387 4185 1605 4248 6116616666
1621 4183 1713 4246 Petri

915 4289 950 4349 et
962 4287 1058 4349 Pauli
1073 4286 1305 4364 Apostolorum
1321 4287 1393 4364 ejus
1409 4300 1444 4346 se
1460 4283 1590 4347 6666611
1604 4283 1714 4343 incur·

917 4400 1043 4446 surum.

955 4482 1073 4545 Datum
1102 4481 1271 4553 Laterani,
1298 4476 1711 4558 6666161166161666611,

916 4579 1127 4657 pontificatus
1140 4578 1344 4640 6661616666
1360 4575 1517 4638 secundo.

1218 4755 1415 4846 CXXXIII

945 4904 996 4964 Ad
1010 4904 1294 4976 arctteptscopos,
1311 4902 1487 4974 episcopos
1502 4895 1689 4958 6161616166

1044 5001 1089 5060 ad
1102 5012 1186 5074 6666
1200 4997 1327 5060 litterae
1336 4995 1577 5070 pervenerint.

1215 5119 1246 5176 ll
1263 5117 1319 5176 seb.
1340 5118 1419 5176 tals.

963 5235 1071 5302 [Regast
1083 5235 1127 5286 lib.
1138 5235 1170 5293 II,
1181 5233 1256 5300 66111.
1269 5231 1325 5283 817.
1338 5234 1395 5285 1166.
1408 5233 1443 5284 La
1453 5233 1529 5283 Porta
1539 5233 1574 5282 du
1585 5231 1678 5294 rhein]

1023 5340 1158 5401 Ordinem
1172 5340 1390 5414 predicatorum
1406 5336 1598 5397 commendat.

66 5457 182 5522 sontem
197 5462 255 5540 661
269 5462 392 5528 1161166
405 5463 540 5528 Canalis
553 5463 587 5524 61
600 5463 781 5525 6666611166
802 5479 862 5540 666
956 5460 1133 5533 Honorius,
1150 5456 1475 5532 etc.,venerabilibus
1491 5455 1650 5517 tratribus
1663 5472 1717 5517 ar-

66 5559 271 5632 superiorum
301 5560 457 5621 scrimam
491 5575 595 5636 66666
631 5559 665 5620 16
699 5575 858 5621 cacumen
916 5553 1717 5635 61166166661661661666616,611116611611111661-

66 5651 151 5716 illius
170 5657 366 5734 Campivaui
387 5659 421 5720 et
441 5657 621 5719 revertitur
636 5673 696 5735 per
710 5658 861 5719 eamdem
915 5655 1060 5728 batibus,
1078 5654 1245 5733 prioribus
1258 5652 1379 5717 6161116
1394 5651 1612 5715 ecclesiarum
1628 5669 1716 5729 prae-

67 5752 216 5815 661666
242 5755 389 5832 ejusdem
409 5753 515 5832 campi
533 5770 636 5832 usque
656 5755 690 5816 in
710 5754 859 5817 eamdem
916 5753 1003 5826 latis,
1014 5753 1054 5816 61
1069 5769 1151 5832 6666
1166 5752 1286 5816 litterae
1301 5750 1374 5813 16166
1384 5765 1485 5829 66666
1494 5750 1617 5823 666161,
1632 5752 1694 5812 etc.
