4082 6342
105 395 161 457 eal
731 385 958 457 EPIS'FOLAE.
982 397 1060 471 hle.
1083 399 1124 458 Il.
1690 397 1750 460 522

104 556 248 634 capitulo
264 555 376 618 Sancti
391 556 527 618 Melloni
541 555 749 620 Pontisaren.
767 556 897 618 Rotho-
951 555 1113 630 enmdem,
1135 557 1221 635 quod
1246 555 1356 620 iacere
1365 557 1528 634 praetextu
1547 557 1745 620 absentiae...

104 654 269 730 magensis
284 654 447 716 dioeeesis.
952 655 1070 717 decani
1085 655 1187 718 vestri
1202 656 1363 718 hactenus
1378 656 1567 728 distulistis,
1584 656 1671 718 sicut
1687 673 1749 718 uo-

145 751 221 813 Suis
239 752 441 830 adjuvantur
462 753 589 816 meritis
610 752 651 814 ad
670 751 898 814 ecelesiastica
951 752 1039 813 bis...
1059 753 1191 830 prioris,
1208 755 1241 816 01
1255 753 1516 831 archipesbyteri
1542 755 1745 826 Jarniacen.,

104 849 257 911 beneficii
270 849 457 922 obtinenda,
476 852 531 928 qui
548 867 609 929 per
623 849 754 912 labores
769 851 802 912 et
818 849 900 924 vigi·
953 865 1037 926 quos
1053 849 1159 911 eidem
1174 851 1353 912 monitores
1378 851 1612 923 concessimus,
1629 850 1748 914 1010110

104 949 166 1008 lias
182 963 376 1024 comparare
395 948 458 1010 sihi
474 949 630 1025 satagunt
646 948 794 1010 scientiae
806 963 897 1008 mar·
953 947 1144 1010 declaravit.
1156 949 1318 1020 Quoniam
1329 949 1431 1024 igitur
1441 949 1560 1010 vestrae
1574 965 1639 1010 nou
1655 949 1751 1012 obest

102 1046 710 1122 10111010,011101010011110111111111011
727 1045 834 1107 solum
847 1045 899 1106 sui
953 1046 1114 1119 eoelesiae‚
1133 1047 1233 1108 immo
1254 1046 1395 1123 prodest,
1415 1047 1444 1107 si
1464 1047 1621 1124 praelatus
1637 1050 1673 1109 P.
1695 1047 1749 1109 cui

103 1143 232 1219 fulgore
251 1143 405 1205 decenter
420 1145 574 1218 illustrat,
594 1144 791 1220 ignorantiae
811 1145 901 1205 tene·
953 1145 1101 1206 soientiae
1121 1145 1243 1207 donum
1259 1147 1291 1207 et
1309 1145 1386 1207 vitae
1402 1147 1555 1206 meritum
1570 1145 1748 1222 suffragari

103 1240 374 1317 braseffugando,
384 1243 607 1304 verumetiam
617 1243 899 1304 abhaereticorum
953 1243 1118 1311 dicuntur,
1144 1243 1348 1316 instituatur,
1375 1241 1509 1315 ibidem,
1539 1242 1749 1305 universitati

103 1339 355 1416 impugnatione
368 1339 480 1402 tuetur
492 1340 778 1418 clypeoveritatis.
791 1341 899 1412 Quare
952 1342 1071 1403 vestrae
1087 1357 1145 1419 per
1154 1342 1275 1403 iterata
1289 1343 1412 1420 scripta
1426 1341 1647 1419 praecipiendo
1661 1358 1751 1402 man·

104 1437 146 1498 ad
175 1437 398 1514 provisionem
419 1438 535 1499 talium
559 1453 598 1500 eo
622 1454 681 1499 nos
708 1438 899 1514 reputamus
953 1439 1081 1512 damus,
1098 1442 1262 1517 quatenus
1272 1439 1399 1518 objecta
1413 1439 1619 1517 exceptionis
1631 1439 1751 1501 frivola

102 1535 230 1596 arctius
243 1534 416 1611 obligatos
432 1551 496 1612 quo
511 1535 663 1597 decorem
679 1535 794 1596 domus
810 1537 900 1613 ejus-
953 1551 1020 1599 non
1036 1537 1198 1611 obstante,
1214 1539 1323 1616 ipsum
1338 1555 1473 1616 precum
1492 1537 1682 1600 nostrarum
1697 1538 1752 1598 in-

103 1633 180 1694 dem
192 1633 390 1710 propensius
407 1633 559 1697 tenemur
575 1633 714 1710 diligere
727 1649 802 1694 curn
818 1649 898 1710 pro·
953 1633 1049 1707 tuith,
1065 1636 1098 1697 et
1110 1649 1179 1696 suae
1195 1635 1368 1712 probitatis
1390 1635 1536 1707 obtentu,
1557 1636 1593 1696 in
1615 1634 1751 1696 tratrem

102 1730 308 1808 pheta.Hino
316 1731 460 1809 estquod
469 1731 732 1808 prodilectoiilio
742 1731 899 1808 magistro
953 1729 1099 1791 restrium
1113 1729 1176 1792 hac
1193 1729 1266 1791 vice
1288 1729 1473 1791 liberaliter
1494 1729 1686 1802 admittatis,
1704 1731 1751 1792 ita
1833 1811 1835 1816 ,

104 1828 261 1905 Philippo
274 1827 312 1890 de
329 1829 516 1906 Lupioenis,
534 1830 591 1906 qui
609 1830 694 1891 sicut
711 1829 899 1906 accepimus

102 1925 265 1986 insudans
287 1926 448 1989 hactenus
470 1927 679 1989 scholasticis
699 1925 898 2003 disciplinis

101 2023 315 2086 landabiliter
332 2024 472 2102 proiecit
489 2025 525 2086 in
544 2025 683 2087 scientia
700 2025 898 2096 litterarum,

102 2121 338 2184 discretionem
360 2125 504 2185 vestram
528 2123 710 2200 rogandam
731 2122 899 2190 duximus,

103 2221 138 2280 et
153 2219 350 2280 monendam
366 2236 424 2296 per
438 2221 627 2298 Apostolica
642 2221 766 2298 scripta
781 2220 902 2297 praeci-

103 2315 225 2393 pieudo
241 2318 447 2387 mandantes,
460 2319 621 2394 quatenus
632 2318 740 2396 ipsum
753 2316 902 2379 011010-

102 2413 247 2475 rentiam
258 2415 455 2492 Apostolioae
469 2415 563 2477 Sedis
574 2417 606 2477 et
616 2416 763 2477 nostram
771 2413 811 2476 ad
821 2431 901 2491 prae-

102 2511 257 2584 hendam,
292 2513 322 2573 si
351 2530 414 2590 qua
441 2514 476 2573 in
504 2513 647 2574 eeclesia
665 2513 898 2582 vestraraoat,

102 2609 275 2690 recipiatis
287 2610 322 2671 in
335 2611 531 2672 canonicum
547 2611 627 2673 etin
642 2611 790 2680 tratrem,
807 2611 859 2671 vel
872 2611 901 2671 si

102 2707 190 2769 10110
205 2723 272 2768 non
290 2709 397 2780 vacat,
416 2709 455 2769 ad
470 2725 617 2786 praesens
629 2709 737 2770 eidem
751 2709 786 2769 in
803 2709 901 2770 scolis

102 2821 273 2881 expensas
285 2821 430 2881 congrue
445 2801 654 2878 ministretis,
667 2806 770 2867 donec
783 2806 815 2867 01
830 2822 902 2883 pro·

102 2902 249 2964 videatis
261 2903 297 2963 in
319 2902 480 2965 beneflcio
498 2902 714 2980 praebendali,
736 2919 851 2980 preces
871 2905 904 2965 et

102 3000 307 3076 praeceptum
322 3002 469 3063 nostrum
484 3000 595 3062 taliter
612 3001 793 3076 impleturi,
816 3001 901 3077 quod

103 3096 193 3156 idem
209 3096 250 3158 ad
266 3097 473 3158 devotionern
490 3097 632 3159 vestram
645 3097 769 3160 arctius
780 3097 904 3176 astrin-

102 3195 215 3268 gatur,
227 3195 260 3256 et
268 3209 328 3255 nos
338 3194 573 3257 liberalitatem
583 3195 727 3256 vestram
739 3194 902 3272 possimus

103 3291 226 3353 merito
245 3293 487 3354 commendare.
505 3292 660 3370 Alioquin
679 3292 830 3354 nolentes
850 3293 911 3369 ip-.

104 3405 180 3449 snm
198 3390 332 3466 propter
346 3389 409 3452 hoo
431 3389 571 3452 distrahi
591 3389 760 3451 laboribus
783 3391 815 3452 01
838 3407 909 3452 ex·-

103 3487 231 3563 pensis,
254 3488 438 3550 venerabili
460 3487 555 3550 tratri
577 3489 728 3549 nostro...
750 3489 908 3566 episcopo

103 3587 138 3646 01
152 3584 283 3646 dilectis
298 3586 413 3647 filiis...
431 3587 558 3648 cantori
574 3586 606 3646 01
620 3585 778 3662 magistro
792 3589 846 3647 W.
863 3588 907 3648 de

103 3681 234 3743 Valde
260 3683 344 3744 Ruel
369 3685 529 3745 canonico
559 3683 751 3744 Ebroicensi
781 3685 910 3746 nostris

103 3779 224 3840 damus
237 3779 356 3842 litteris
369 3781 404 3842 in
418 3781 594 3853 mandatis,
610 3781 646 3842 ut
660 3795 722 3844 vos
737 3779 779 3841 ad
788 3779 822 3841 id
838 3797 904 3842 mo·

104 3877 235 3938 uitione
257 3879 427 3955 praemissa
441 3893 687 3956 percensuram
700 3878 905 3940 ecclesiasti-

104 3990 179 4035 cam
192 3976 414 4052 appellatione
424 3977 551 4038 remota
562 3974 770 4052 compellant.
785 3977 903 4038 Datum

104 4072 265 4134 Laterani
281 4073 378 4134 nonis
393 4074 536 4135 octobris
555 4089 643 4134 anno
658 4073 814 4135 secundo.
845 4073 848 4083 ⁴

148 4209 185 4267 ln
197 4207 348 4269 eumdem
359 4207 427 4270 1010
436 4207 568 4268 modum
579 4207 795 4285 scriptumest
805 4224 905 4286 super

104 4305 171 4366 hoc
194 4304 318 4366 eisdem
341 4321 445 4384 usque
470 4306 505 4367 iu
521 4305 630 4378 linem,
646 4304 757 4367 verbis
772 4322 906 4384 compe-

104 4403 374 4466 tentermutatis.
393 4403 485 4478 Quod
501 4403 530 4464 si
544 4419 610 4463 non
629 4419 753 4475 omnes,
776 4405 850 4476 etc,
868 4407 905 4466 tu

105 4499 215 4564 110101
229 4502 393 4580 episcope,
411 4518 485 4563 oum
500 4517 617 4566 eorum
631 4500 753 4574 altero,
762 4502 830 4566 eto.

126 4814 183 4876 Aa
195 4813 389 4888 apocopum
404 4813 438 4874 et
452 4815 639 4886 capitutum
653 4815 884 4890 cupersanen.

410 4928 443 4983 17
458 4933 513 4984 001.
529 4926 608 4984 litt.

145 5033 256 5096 [Regeat.
267 5033 311 5083 lib.
325 5034 356 5092 ll,
371 5032 446 5097 epist.
463 5032 518 5082 682.
531 5033 589 5083 Mss.
605 5033 641 5082 La
651 5033 723 5084 Porte
733 5033 768 5084 dn
777 5031 871 5099 raah]

124 5138 244 5198 Mandat
262 5147 293 5198 ut
309 5147 470 5197 reservetur
485 5139 636 5213 praebenda
652 5139 754 5197 0101100
767 5141 798 5197 P.
815 5139 888 5198 Guil.

148 5255 318 5318 Honorius
332 5256 517 5318 venerabili
532 5255 627 5318 110111
639 5256 793 5336 episcopo
807 5259 839 5318 et
851 5257 906 5317 di-

105 5355 205 5416 lectis
221 5353 301 5414 tiliis
323 5353 468 5431 capitulo
481 5354 703 5430 Engolismen.

148 5451 364 5512 attendentes
396 5451 618 5513 litteraturam
651 5453 684 5512 et
712 5466 839 5523 mores,
869 5451 909 5512 de

106 5549 229 5626 quibus
246 5548 384 5610 dilectus
401 5549 488 5609 tilius
507 5551 543 5610 P.
556 5547 642 5609 Gtril.
660 5547 801 5610 clericus
819 5563 911 5610 corn-

106 5645 297 5716 meudatur,
313 5644 406 5706 vobis
419 5645 568 5718 dedimus
584 5647 619 5704 in
633 5644 808 5718 mandatis,
824 5645 860 5706 ut
875 5645 910 5704 in

108 5743 249 5806 11011011
272 5744 419 5804 vestrum
443 5743 476 5804 et
498 5741 695 5804 canonicum
719 5741 911 5820 reciperetis

954 1825 1040 1903 quod
1062 1842 1121 1887 vos
1143 1827 1184 1888 ad
1210 1827 1433 1903 receptionem
1458 1843 1551 1888 suam
1576 1828 1750 1888 inveniens

954 1924 1109 1986 liberales
1120 1924 1160 1986 (10
1170 1925 1379 2000 gratiasibia
1394 1925 1488 1987 nobis
1499 1925 1648 1987 exhibita
1657 1926 1750 1987 vobis

955 2037 1084 2099 quoque
1091 2023 1205 2099 gratus
1218 2023 1361 2085 existere
1369 2025 1531 2096 teneatur,
1540 2026 1573 2086 et
1583 2023 1752 2086 110011010-

953 2122 1077 2183 tionem
1090 2122 1122 2183 et
1137 2120 1359 2182 obedientiam
1370 2125 1515 2184 vestram
1526 2121 1704 2183 debeamus
1716 2123 1752 2183 in

955 2220 1094 2280 Domino
1110 2220 1352 2282 commendare.
1365 2221 1531 2298 Alioquin,
1550 2237 1591 2282 110
1609 2221 1650 2281 ad
1664 2237 1753 2296 prae-

954 2318 1097 2378 sentiam
1121 2318 1271 2379 nostram
1293 2317 1416 2378 trustra
1440 2319 1657 2389 laboraverit,
1680 2321 1751 2395 jam

954 2415 1099 2476 secundo
1117 2414 1246 2477 dilectis
1261 2415 1340 2476 filiis
1364 2415 1478 2476 Fontis
1493 2415 1600 2477 dulcis
1622 2417 1691 2477 et...
1709 2415 1750 2476 de

955 2512 1078 2573 Castris
1092 2511 1264 2574 abbatibus
1276 2516 1345 2574 et...
1358 2513 1461 2590 priori
1475 2513 1515 2573 de
1526 2513 1649 2576 Castris
1662 2516 1750 2574 Xan·
1793 2563 1797 2569 .

954 2613 1065 2671 tonen.
1093 2609 1256 2682 dioecesis,
1275 2611 1398 2671 nostris
1422 2610 1538 2670 damus
1563 2611 1682 2672 litteris
1713 2612 1749 2672 in

955 2708 1139 2786 praeceptis,
1152 2709 1189 2769 ut
1198 2707 1262 2770 nisi
1278 2707 1403 2785 aliquid
1417 2707 1581 2785 objectum
1595 2708 1704 2780 luerit,
1718 2709 1751 2769 et

956 2805 1139 2882 probatum,
1157 2805 1315 2883 perquod
1337 2805 1369 2866 id
1387 2805 1541 2866 1101111011
1560 2805 1680 2867 debeat
1698 2806 1752 2868 vel

955 2903 1147 2980 non-possit,
1158 2903 1222 2980 ipsi
1232 2919 1291 2965 vos
1300 2903 1340 2963 ad
1351 2901 1384 2963 id
1396 2919 1455 2980 per
1464 2919 1639 2976 censuram
1650 2903 1753 2966 eccle·

957 3000 1126 3061 siasticam
1148 3000 1370 3077 appellatione
1393 3002 1520 3063 remota
1541 3001 1750 3077 compellant.

957 3101 1076 3160 Datum
1088 3099 1245 3160 Laterani
1260 3099 1388 3160 decimo
1404 3100 1497 3161 sexto
1510 3098 1670 3161 kalendas
1684 3116 1750 3162 uo-

956 3196 1100 3258 vembris
1115 3212 1203 3258 anno
1219 3196 1376 3258 secundo.

998 3331 1162 3408 Scriptum
1174 3332 1225 3393 est
1235 3347 1335 3408 super
1345 3331 1408 3394 hoc
1416 3331 1540 3394 eisdem
1553 3331 1588 3393 in
1600 3331 1751 3394 eumdem

957 3428 1026 3490 1010
1038 3429 1181 3502 modum,
1197 3430 1349 3507 usquein
1365 3430 1476 3502 tinem,
1493 3429 1604 3492 verbis
1619 3446 1754 3507 compe-

956 3526 1065 3588 tenter
1075 3527 1219 3588 mutatis.
1237 3527 1328 3604 Quod
1342 3528 1370 3588 si
1378 3544 1444 3590 uon
1453 3543 1580 3599 omnes,
1598 3529 1673 3598 010,
1686 3528 1750 3590 duo

956 3626 1114 3696 vestrum,
1130 3625 1197 3690 010..
1272 3611 1275 3616 ’

1292 3785 1415 3871 XLVI

956 3947 1012 4010 Ad
1025 3945 1230 4018 (1001111101
1247 3947 1442 4020 episcopum
1462 3947 1752 4008 Sdoonectcnsem

997 4043 1032 4104 et
1052 4043 1189 4104 annates
1211 4043 1434 4120 Lonptpontts
1466 4043 1503 4106 01
1526 4044 1644 4106 8011011
1677 4047 1753 4106 Vte-

998 4141 1098 4202 toris.

1195 4317 1198 4324 .
1257 4237 1292 4294 11
1304 4244 1359 4296 ou.
1372 4239 1452 4297 1111.

991 4361 1097 4426 [nagan.
1113 4359 1159 4412 11.
1174 4361 1205 4418 n.
1220 4360 1294 4426 epist.
1305 4362 1359 4412 aas.
1376 4365 1432 4414 uss.
1452 4363 1575 4414 narona
1590 4362 1715 4414 111111.

1127 4441 1263 4506 Metumque,
1275 4441 1341 4492 Ano.
1359 4442 1447 4493 cister.
1458 4444 1504 4506 lv,
1516 4444 1581 4505 lla]

958 4559 1009 4616 llis
1024 4558 1148 4632 praelatis
1162 4559 1313 4615 committit
1324 4559 1466 4615 Honorius
1475 4558 1667 4616 visitationem
1676 4565 1704 4616 et
1713 4575 1754 4614 re-

994 4643 1192 4704 formationem
1206 4646 1370 4703 monasterii
1386 4647 1482 4704 Sancti
1492 4647 1634 4707 vincentii
1646 4645 1754 4705 ordinis

994 4736 1198 4792 canonicorum
1209 4735 1395 4808 regularium.

999 4862 1177 4934 Honorius,
1204 4864 1279 4935 010,
1307 4861 1492 4923 venerabili
1514 4862 1647 4924 110111...
1671 4865 1757 4942 epis·

961 4976 1043 5038 copo
1071 4960 1291 5021 Silvanecteu.
1317 4962 1349 5021 et
1373 4959 1502 5022 dilectis
1524 4961 1603 5022 filiis
1628 4962 1754 5040 Longi-

960 5057 1070 5136 pontis
1105 5057 1335 5124 cisterciensis
1373 5059 1501 5119 ordinis
1541 5061 1754 5122 Suessionen.

962 5156 1126 5228 dioecesis,
1156 5156 1189 5219 01
1213 5156 1326 5218 Sancti
1346 5156 1490 5220 Victoris
1512 5158 1675 5219 Parisien.
1697 5158 1759 5217 01-

961 5253 1104 5315 batibus.

884 5349 891 5360 '
1002 5355 1072 5412 Tua
1091 5350 1319 5424 nobis,irater
1344 5331 1508 5430 episcope,
1531 5353 1653 5414 caritas
1678 5369 1758 5430 sup-

962 5449 1116 5526 plicavit,
1159 5449 1195 5510 ut
1230 5467 1330 5526 quum
1374 5450 1611 5511 monasterium
1646 5453 1759 5513 Sancti

963 5547 1130 5609 vincentii
1146 5565 1148 5570 ·
1164 5547 1398 5620 Silvanecten„
1436 5549 1571 5624 propter
1598 5549 1760 5611 malitiam

963 5645 1186 5706 habitantium
1204 5645 1240 5706 in
1263 5645 1394 5717 eodem,
1414 5645 1562 5720 graviter
1578 5647 1760 5724 collapsum

964 5743 999 5804 iu
1025 5741 1276 5822 temporalibus,
1301 5745 1333 5807 01
1353 5742 1389 5803 11
1408 5743 1637 5820 spiritualibus
1657 5745 1763 5807 detor-
