3936 6318
261 393 325 454 239
353 435 359 444 -
444 425 453 436 ‘
725 380 904 456 ¹HONORII
926 391 972 454 111
993 389 1142 454 OPERA.
1157 421 1199 438 -
1213 387 1447 454 scaliones
1832 394 1879 454 240

261 565 402 613 sensum
416 553 566 626 Demetai,
582 552 642 612 aaut
659 555 736 627 puts
749 553 968 616 carpetanus
986 555 1062 626 ejus
1116 553 1331 628 Evangelium
1349 573 1356 614 =
1373 552 1584 630 «Postquam
1598 550 1805 614 consummati
1820 554 1881 614 sunt

262 650 329 724 fluit
344 647 452 729 (Rom.
475 665 522 723 x1,
538 647 615 730 33)l
635 651 804 729 Disposuit
817 651 906 714 euim
921 649 1060 713 altitudo
1115 650 1186 712 dies
1210 652 1295 724 octo,
1314 651 1351 714 ut
1371 649 1663 714 circumcideretur
1683 664 1770 726 puer,
1795 664 1881 711 roca-

214 769 216 773 ·
263 748 407 809 coelestis
438 748 587 822 consilii,
616 751 654 811 ut
680 749 767 811 sicut
794 765 854 826 per
887 749 1061 810 mulierem
1114 748 1655 826 tumestnomeneJusJesus...»
1678 747 1881 808 Desecunda:
1945 767 1946 852 1

262 861 351 907 mors
372 845 510 910 intravit
532 846 568 908 in
590 847 714 920 orbem,
739 847 786 908 ita
806 862 866 925 per
887 847 1060 908 mulierem
1115 847 1269 909 «Factus
1282 849 1332 911 est
1352 847 1455 908 sudor
1468 849 1541 924 eJ'us
1560 846 1646 908 sicut
1659 847 1755 922 guttae
1770 844 1884 922 saugul·
1945 853 1946 926 l

261 944 330 1006 vita
351 943 476 1006 rediret
497 944 539 1006 ad
555 945 678 1018 orbem,
698 946 734 1007 ut
755 944 842 1006 uude
857 960 945 1006 mors
967 946 1059 1006 orie-
1115 945 1167 1006 nis
1203 944 1409 1007 decurrentis
1444 946 1480 1006 iu
1508 947 1644 1006 terram.
1665 961 1683 1004 a
1704 945 1748 1004 De
1777 943 1882 1004 tertia:

261 1041 367 1114 batur,
384 1042 460 1104 inde
473 1043 541 1104 vita
554 1045 754 1119 resurgeret.
772 1043 898 1104 Idcirco
911 1043 1060 1105 Christus
1115 1061 1133 1102 s
1147 1046 1165 1105 l
1168 1059 1261 1104 esum
1271 1059 1350 1105 vero
1364 1043 1567 1120 flagellatum
1579 1041 1715 1105 tradidit
1724 1041 1770 1102 eis
1781 1043 1814 1118 ut
1824 1056 1885 1101 cru·

261 1141 442 1218 assumpsit
457 1155 591 1201 carnem
611 1141 651 1202 de
673 1142 822 1217 Virgine,
848 1141 885 1203 ut
907 1157 967 1218 per
985 1155 1061 1202 car·
1115 1141 1316 1218 cingeretur.
1333 1144 1412 1203 »De
1422 1142 1540 1220 quarta
1558 1161 1564 1201 :
1579 1142 1778 1218 «Postquam
1792 1139 1884 1200 cruci·
1945 1131 1946 1222 t

260 1238 314 1299 nis
329 1238 632 1316 concupiscentiam
649 1241 821 1316 peccatum
836 1239 1059 1311 contraheret,
1115 1239 1259 1301 fixerunt
1287 1257 1378 1313 eum,
1407 1240 1594 1302 diviserunt
1623 1238 1687 1300 sibi
1713 1237 1886 1299 vestimenta
1945 1303 1946 1332 ,

261 1335 347 1415 quod
359 1336 541 1412 percaruis
554 1336 750 1399 munditiam
763 1336 1058 1400 debebatauierre.
1115 1353 1186 1399 sua.
1208 1340 1292 1400 »De
1311 1337 1454 1415 quinta:
1479 1354 1498 1399 ‹
1518 1339 1610 1400 Unus
1632 1335 1771 1398 militum
1790 1334 1886 1395 lancea
1945 1345 1946 1410 1

262 1433 379 1494 Unde:
396 1437 481 1496 Cum
502 1434 592 1496 esset
614 1435 819 1511 desponsata
840 1437 957 1498 Mater
977 1438 1060 1497 ἄθεα
1114 1434 1202 1496 latus
1235 1437 1307 1512 ejus
1340 1435 1482 1512 aperuit,
1514 1435 1548 1496 et
1577 1434 1683 1498 exirit
1711 1431 1836 1508 sanguis
1862 1433 1888 1496 et
1945 1421 1946 1512 t

261 1534 379 1594 Marta
414 1535 553 1609 loseph,
589 1534 775 1608 antequem
813 1533 1057 1606 conuenirent,
1115 1548 1212 1610 aqua.
1226 1549 1245 1594 a
1259 1533 1398 1610 Aperuit
1413 1533 1526 1610 utique
1542 1533 1579 1595 ut
1600 1531 1791 1594 thesaurum
1804 1529 1888 1591 oduu-

261 1631 404 1692 torrento
429 1631 481 1692 est
507 1635 545 1692 111
578 1632 679 1694 utero
706 1635 832 1694 tadeus
854 1635 896 1694 de
925 1632 1061 1708 speetu
1114 1631 1208 1693 deret
1219 1632 1413 1709 pretiosum.
1430 1631 1570 1708 Aquain
1585 1629 1686 1708 hujus
1699 1643 1782 1690 arcae
1801 1627 1888 1689 latere

262 1727 600 1808 SanctotMatth.1,
629 1727 693 1808 18).
729 1729 864 1792 caeterae
896 1729 1059 1806 siquidem
1114 1729 1215 1792 totius
1234 1729 1348 1792 muudi
1361 1729 1503 1806 pretium
1519 1728 1593 1791 erat
1606 1727 1780 1790 inclusum.
1795 1725 1889 1786 Prima

260 1826 418 1888 muilieres
442 1825 648 1904 concipiunt,
678 1842 744 1887 non
772 1826 980 1904 desponsatae
1001 1827 1059 1890 sed
1114 1826 1235 1889 effusio
1255 1826 1318 1890 iuit
1342 1827 1583 1904 completionis,
1612 1825 1756 1888 secunda
1783 1823 1888 1898 latiga-
1945 1853 1946 1886 l

259 1924 433 1998 uaductae,
450 1940 516 1986 non
539 1924 575 1985 iu
589 1924 715 2001 pudore
730 1923 932 2000 virginitatis
948 1925 1005 1986 sed
1025 1925 1061 1986 iu
1114 1925 1227 1999 tionis,
1247 1925 1347 1988 tertia
1366 1924 1545 1998 irrisionis,
1568 1925 1688 2003 quarta
1711 1920 1890 1998 redemptio-
1945 1937 1946 2018 p

262 2022 393 2094 terrore
408 2021 567 2095 libidinis,
584 2037 652 2083 non
662 2021 696 2083 in
710 2023 852 2099 gratiam
864 2021 922 2083 sed
936 2021 972 2083 in
987 2023 1061 2084 cul·
1115 2024 1178 2096 nis,
1193 2023 1308 2101 quinta
1324 2023 1516 2085 ablutionis.

259 2136 347 2199 pam.
365 2119 428 2182 Sed
443 2120 523 2182 'ista
544 2120 697 2198 concepit
724 2135 790 2185 non
814 2119 976 2193 traducta,
1002 2121 1060 2182 sed
1155 2115 1891 2198 Item2Ntstpraaum...Augustinus:‹dhris·

261 2219 472 2295 desponsata.
501 2208 615 2290 Unde,
642 2234 716 2280 cum
744 2219 833 2279 esset
862 2218 1060 2296 desponsata
1114 2221 1167 2281 tus
1180 2219 1310 2282 dicebat
1324 2219 1476 2296 seipsum
1490 2235 1632 2296 granum
1645 2215 1890 2280 mortificandum

261 2317 368 2378 Mater
385 2319 465 2378 Jesu
489 2317 597 2378 Maria
619 2316 755 2394 Joseph,
774 2332 841 2377 non
865 2317 928 2378 hoc
947 2316 1010 2378 luit
1024 2318 1059 2378 in
1115 2318 1150 2378 in
1175 2317 1371 2380 infidelitate
1393 2316 1595 2390 iudaeorum,
1616 2317 1698 2394 quia
1721 2315 1822 2378 Judei
1844 2327 1892 2391 per
1945 2377 1946 2398 ἦ

260 2413 391 2477 fervore
404 2414 564 2485 libidinis,
581 2414 638 2476 sed
653 2414 689 2475 in
703 2414 830 2492 pudore
843 2414 1057 2491 virginitatis.
1116 2416 1342 2478 infidelitatem
1353 2431 1448 2476 suam
1462 2415 1656 2477 occiderunt
1666 2414 1841 2488 Chrismm3
1855 2410 1893 2471 ri·

261 2513 355 2575 Unde
371 2513 548 2591 autequam
563 2512 791 2586 convenirent,
809 2513 945 2575 inventa
960 2514 1010 2574 est
1024 2513 1060 2574 iu
1115 2513 1314 2576 viticandum
1340 2513 1375 2575 in
1403 2513 1468 2575 lide
1497 2512 1643 2575 omnium
1673 2512 1859 2590 populorum
1877 2523 1892 2566 1
1945 2499 1946 2588 l

260 2611 356 2672 utero
380 2610 519 2683 habens,
539 2623 606 2672 non
628 2611 663 2672 in
685 2610 828 2688 culpam,
843 2611 900 2673 sed
921 2611 957 2672 in
981 2626 1061 2687 gra·
1114 2611 1243 2690 (draci.
1268 2613 1305 2673 51
1334 2615 1373 2673 1α
1397 2610 1524 2691 soom),
1544 2611 1623 2688 quia
1651 2625 1767 2672 omnes
1797 2605 1892 2686 populi
1945 2589 1946 2674 Ξ

260 2708 352 2780 tiam,
369 2709 447 2784 quia
462 2707 502 2770 de
518 2708 644 2784 Spiritu
658 2710 780 2769 Sancto
795 2708 958 2784 concepit.
1115 2709 1267 2772 conversi
1286 2712 1364 2771 sunt
1378 2709 1419 2771 ad
1432 2709 1530 2771 tidem
1545 2708 1668 2770 Christi
1684 2724 1745 2786 per
1755 2705 1894 2785 predica·
1945 2703 1946 2772 l

302 2805 364 2868 Sed
382 2820 515 2866 rursum
532 2806 618 2866 sicut
635 2819 777 2880 granum
797 2804 953 2867 frumenti
967 2804 1059 2867 reci-
1114 2808 1240 2869 tionem
1250 2807 1522 2869 ressurrectionis
1530 2809 1603 2884 eJus
1613 2807 1646 2868 et
1656 2805 1893 2884 promissionem
1945 2797 1946 2864 ξ

261 2902 311 2981 pit
337 2919 457 2964 novam
486 2902 625 2964 lormam
651 2903 686 2965 st
712 2917 832 2964 novam
861 2903 1004 2980 speciem
1028 2905 1061 2964 et
1115 2902 1235 2964 futurae
1250 2901 1505 2964 resurrectionis
1524 2902 1657 2962 nostrae.
1676 2897 1893 2961 Christusita-

262 3001 407 3077 resurgit
421 3000 456 3061 in
469 3000 593 3074 multis,
613 3001 661 3063 ita
674 3000 824 3062 Christus
839 3001 874 3062 in
888 3016 1062 3063 resurrec·
1114 3016 1178 3077 que
1200 2999 1266 3062 nisi
1285 3015 1345 3076 per
1370 2999 1559 3077 passionem
1587 2999 1698 3060 crucis
1726 2993 1893 3064 cecidisset,

261 3099 353 3162 tione
366 3099 492 3176 recepit
506 3114 627 3161 novum
643 3098 852 3176 splendorem
867 3100 901 3161 et
914 3099 1061 3162 surrexit
1115 3098 1389 3180 talitermortuus
1411 3113 1478 3159 non
1492 3096 1621 3160 suisset.
1639 3099 1714 3174 lpse
1729 3095 1817 3158 solus
1830 3091 1896 3153 ahs·

262 3213 337 3258 cum
357 3198 480 3259 multis.
507 3198 604 3259 Solus
628 3197 717 3260 euim
741 3197 777 3258 in
799 3201 904 3260 morte
928 3197 1058 3270 cecidit,
1115 3213 1179 3274 que
1202 3195 1484 3273 generehumauo
1500 3196 1619 3258 lusuae
1640 3195 1823 3272 majestatis
1844 3205 1895 3268 po·
1945 3203 1946 3272 j

263 3311 329 3356 non
345 3295 436 3356 solus
455 3297 566 3357 tamen
588 3295 746 3368 surrexit,
761 3295 840 3374 quia
854 3296 937 3358 teste
951 3298 1062 3356 Euan·
1114 3294 1217 3356 teutia
1239 3293 1456 3356 remansisset
1480 3309 1555 3355 cum
1581 3291 1723 3369 angelis,
1740 3293 1773 3354 et
1795 3288 1896 3351 luisset

262 3393 361 3470 gello,
388 3393 491 3454 multa
513 3408 653 3470 corpora
676 3393 865 3455 sanctorum
887 3409 961 3470 quae
982 3392 1061 3454 dor.-
1115 3393 1210 3471 quasi
1232 3408 1374 3470 granum
1399 3392 1592 3469 repositum.
1616 3392 1701 3462 Quia
1716 3406 1794 3453 raro
1815 3401 1895 3449 mor·
1945 3399 1946 3478 fi

262 3491 416 3563 mierant,
429 3490 685 3553 surrexeruntet
694 3491 857 3553 venerunt
866 3490 900 3552 iu
912 3490 1060 3552 sanctam
1115 3491 1269 3564 tuusfuit,
1278 3490 1418 3553 multum
1433 3489 1801 3561 memmatensis
1816 3499 1898 3564 prop·

262 3590 440 3662 civitatem,
467 3589 596 3651 scilicet
617 3589 814 3661 Jerusalem,
838 3590 871 3652 et
895 3604 1062 3667 apparue-
1114 3592 1167 3652 ter
1180 3590 1243 3652 hoc
1266 3589 1436 3652 cacltoett
1458 3593 1552 3650 11111111
1571 3592 1674 3659 Deris,
1696 3589 1731 3650 et
1754 3585 1841 3649 dedit
1859 3583 1898 3644 titt

260 3689 340 3749 runt
363 3687 475 3760 multls
499 3686 631 3766 (Matth.
661 3703 766 3760 xnvu,
791 3685 857 3768 52).
883 3687 923 3750 itt
945 3700 1060 3749 omnes
1114 3703 1240 3750 nomen
1254 3689 1342 3762 quod
1360 3687 1412 3748 est
1429 3700 1536 3760 super
1549 3700 1650 3748 ornae
1667 3699 1803 3756 nomen,
1821 3681 1899 3744 atio

261 3786 375 3848 tideles
386 3787 442 3864 qui
455 3788 532 3848 ante
542 3785 720 3849 adventum
732 3786 961 3864 Redemptoris
973 3788 1057 3864 ejus,
1114 3790 1253 3848 nomiae
1262 3781 1899 3860 Jemomnepeoupectatcrcaucetum

260 3884 295 3945 in
314 3885 422 3961 ipsum
447 3885 667 3957 crediderant,
699 3884 740 3947 de
765 3885 889 3946 inferni
912 3883 1059 3946 tenebris
1114 3885 1148 3946 ct
1169 3882 1692 3958 infemwmcm,etomatstinpua
1706 3877 1900 3953 conmeatus

260 3981 426 4053 liberavit,
455 3982 630 4058 sicutipse
654 3982 740 4043 dixit
758 3997 817 4058 per
841 3982 1057 4043 Zachariam:
1114 3985 1374 4056 autonomiam
1389 3980 1507 4041 noster
1517 3981 1619 4040 lesus
1629 3980 1789 4041 Christus
1798 3979 1899 4052 inplo-

259 4081 481 4153 insanguine
495 4079 753 4140 testamentttut
764 4080 917 4140 eductsti
928 4079 1060 4140 vinctos
1114 4083 1171 4139 rto
1184 4079 1238 4140 est
1252 4081 1315 4140 Det
1335 4079 1457 4139 Patris
1473 4075 1608 4156 (Philip.
1629 4091 1665 4148 11,
1690 4076 1757 4156 10).
1775 4079 1814 4138 et
1835 4073 1900 4135 ideo

260 4179 302 4237 de
316 4180 393 4236 locu
407 4178 443 4235 tu
458 4189 523 4248 pato
535 4177 792 4248 concretaque
805 4173 916 4253 (zach.
933 4191 980 4249 rx,
994 4173 1057 4254 ll).
1114 4176 1253 4236 multum
1269 4175 1410 4236 trucium
1424 4175 1544 4248 attulit,
1558 4174 1764 4252 quandoper
1779 4172 1900 4252 passio·
1945 4203 1946 4212 .

262 4273 365 4346 Quasi
388 4272 477 4333 dicat
493 4272 698 4342 :ochriste
722 4271 786 4333 Fili
808 4272 878 4346 Dei,
895 4275 931 4335 tu
953 4273 1058 4334 effuso
1114 4290 1189 4335 nem
1204 4274 1237 4335 et
1257 4272 1396 4334 mortem
1410 4274 1520 4335 crucis
1538 4274 1642 4336 totum
1664 4289 1772 4349 genus
1794 4272 1903 4332 nuna-
1945 4277 1946 4286 ¹

260 4372 425 4447 sauguine
438 4371 496 4434 tuo
511 4371 546 4432 in
561 4371 821 4450 redemptionem
834 4371 1057 4450 peccatorum,
1114 4387 1193 4433 uum
1206 4371 1356 4444 redemit,
1372 4371 1404 4433 et
1418 4371 1609 4434 redimendo
1624 4371 1665 4431 ad
1681 4387 1717 4432 se
1731 4371 1843 4442 traxit,
1858 4367 1902 4428 si·

260 4469 318 4548 qui
333 4469 454 4532 dicitur
469 4471 607 4547 sanguis
622 4471 822 4542 testamenti,
839 4486 899 4548 pro
913 4487 952 4532 eo
972 4470 1059 4548 quod
1114 4471 1168 4532 cut
1182 4471 1253 4548 ipse
1266 4469 1346 4532 dicit
1360 4470 1395 4530 in
1410 4468 1591 4546 Evangelio
1608 4491 1617 4529 s
1633 4473 1718 4530 Cum
1737 4467 1903 4531 emutatus

259 4569 295 4630 in
323 4569 396 4647 ipso
424 4584 545 4630 novum
570 4567 816 4630 Testamentum
843 4569 1057 4637 consecrasti,
1112 4569 1644 4644 stceroaterra,omatotroltom
1659 4571 1772 4629 aalma
1786 4570 1901 4642 ipsum.

258 4667 403 4729 eduxisti
415 4668 544 4731 vinctos
560 4668 601 4729 de
616 4667 702 4740 lacu,
719 4667 876 4729 idesteos
892 4666 1057 4744 quierant
1114 4665 1223 4745 (toan.
1235 4683 1296 4738 1111,
1313 4664 1380 4746 32).
1396 4667 1488 4726 Tunc
1506 4665 1568 4727 luit
1582 4665 1749 4727 exaltatus
1769 4681 1789 4726 a
1808 4666 1901 4730 terra,

258 4765 461 4828 intenebris
483 4767 616 4840 interni,
638 4765 774 4828 obnoxii
798 4767 933 4843 peccato
949 4764 1057 4840 origi·
1113 4765 1245 4843 quando
1271 4763 1333 4825 fuit
1359 4763 1485 4842 positus
1507 4765 1541 4825 et
1563 4763 1711 4826 elevatus
1735 4765 1772 4825 in
1801 4775 1901 4828 cruce,

260 4862 340 4922 nali.
366 4865 413 4923 De
427 4864 513 4937 lacu,
531 4865 626 4938 idest,
654 4865 695 4927 de
712 4864 842 4927 inferno
855 4864 889 4924 in
905 4878 970 4941 quo
991 4877 1057 4923 nou
1113 4863 1198 4924 sicut
1212 4863 1284 4940 ipsa
1297 4861 1429 4923 Veritas
1444 4861 1525 4924 dicit
1541 4883 1548 4921 ι
1566 4863 1716 4924 liudem
1732 4877 1814 4924 cum
1826 4873 1903 4937 peu-

259 4960 332 5021 erat
353 4975 450 5037 aqua,
480 4961 569 5023 idest
589 4962 810 5039 refrigerium,
845 4962 932 5024 sicut
952 4961 1057 5023 isaias
1113 4961 1201 5023 tibus
1215 4960 1777 5036 adtitucteudumetltupetloudum
1790 4960 1903 5022 etmat-

258 5059 456 5120 testatum
477 5059 623 5135 Populus
649 5061 706 5136 qui
732 5061 868 5122 sedebat
895 5059 931 5121 in
958 5059 1055 5120 teue-
1111 5060 1316 5135 elligendum
1330 5056 1460 5137 (Matth.
1474 5073 1532 5129 xx,
1550 5055 1614 5138 19).

257 5155 338 5230 liris,
361 5155 447 5218 idest
460 5155 496 5217 in
518 5155 659 5228 inferno,
677 5157 760 5220 vidit
774 5158 882 5220 lucem
901 5173 1056 5233 magnam
1152 5159 1274 5218 Omuto
1289 5155 1425 5217 tranum
1441 5157 1550 5217 adme
1561 5158 1685 5230 ipsum.
1702 5155 1820 5217 Omnia
1836 5152 1904 5214 etev

258 5254 315 5333 (Is.
340 5270 387 5327 rx,
412 5253 457 5332 2),
483 5253 568 5314 idest
589 5253 767 5316 Christum.
788 5272 807 5315 a
830 5257 868 5316 In
893 5255 1056 5332 sanguine
1111 5254 1179 5315 nim
1194 5253 1308 5325 traxit,
1325 5252 1402 5331 quia
1417 5253 1457 5313 de
1468 5252 1583 5314 electis
1598 5253 1668 5314 suis
1681 5253 1767 5330 apud
1779 5251 1900 5313 interos

255 5352 446 5415 testamenti
470 5351 533 5424 sui,
562 5353 658 5430 cujus
683 5351 855 5428 sauguinis
881 5353 1056 5431 multiplex
1112 5352 1237 5413 nullum
1251 5351 1394 5428 reliquit.
1411 5351 1594 5427 Antequam
1607 5351 1670 5414 hoc
1683 5366 1823 5428 granum
1837 5347 1905 5408 iru-

257 5450 321 5512 luit
337 5449 467 5512 effusio.
486 5452 631 5522 Quarum
647 5449 846 5510 effusionum
865 5451 972 5527 prima
994 5449 1056 5512 luit
1111 5451 1212 5512 menti
1247 5449 1412 5510 mortuum
1442 5448 1568 5520 suisset,
1594 5449 1758 5510 modicum
1798 5443 1904 5509 attulit

255 5549 291 5611 in
306 5549 571 5621 circumcisione,
589 5547 734 5610 secunda
748 5547 783 5608 in
798 5547 930 5620 sudore,
956 5547 1055 5610 tertia
1110 5548 1252 5610 fructum
1275 5545 1456 5623 sicutipse
1480 5546 1561 5609 dicit
1588 5563 1649 5625 per
1672 5546 1870 5624 Prophetam
1895 5563 1902 5600 ε

255 5647 292 5710 in
325 5646 566 5724 flagellatione,
606 5647 722 5726 quarta
755 5645 791 5708 in
825 5645 1053 5712 crucifixione.
1093 5646 1342 5724 ‘stupratortter
1372 5659 1451 5706 sum
1487 5659 1560 5721 epo,
1593 5649 1699 5708 donec
1729 5645 1904 5706 transeam

256 5746 371 5829 quinta
393 5746 426 5809 et
447 5744 562 5808 ultima
583 5744 617 5808 in
638 5744 857 5810 lanceatione.
874 5745 921 5807 De
947 5745 1052 5823 prima
1110 5741 1179 5822 (Ps.
1195 5743 1264 5815 140,
1280 5741 1344 5823 10).
1362 5741 1585 5819 singulariter
1605 5741 1677 5818 tuit,
1694 5741 1799 5806 donec
1815 5743 1904 5802 trau-
