3994 6326
44 375 95 434 col
220 447 226 454 ‚
652 371 891 442 99999999.
913 371 992 434 nm.
1017 373 1056 434 11.
1622 379 1682 440 eoa

45 544 288 608 recognoscens,
300 527 598 602 919919999,99119
608 528 742 600 9191199
753 547 832 609 999-
885 531 985 606 diam,
995 531 1091 594 19919
1099 531 1233 608 Jacobo,
1243 534 1431 600 attestante.
1442 537 1514 599 Dat.
1523 536 1678 600 Lateran.

45 631 144 709 99919,
171 629 255 690 91991
277 627 415 689 devotus
444 627 534 690 tilius
555 644 615 706 pro
639 629 737 707 patri.
765 631 831 691 Pro
886 629 1662 709 11ΗΙ1991.,191.,9991.99919199999999919.4

43 728 154 806 991199
179 725 387 788 devotionem
400 727 493 788 tuam
513 725 550 786 19
573 726 712 788 Domino
736 741 830 788 com·
949 725 953 736 '

45 825 239 896 mandantes,
263 823 295 885 ei
318 823 484 902 9999991
504 824 832 902 9999191999911-
882 835 887 844 ·
1225 807 1346 898 CXIV

45 939 137 1031 mum?
153 921 185 983 et
198 937 296 1032 ⁰m¹¹f³
308 921 430 982 dmum
451 920 633 1031 p⁰rf⁰9t¹¹m
648 921 831 998 gratiarum
926 961 954 1021 Α
971 959 1186 1023 (1911919991
1199 963 1394 1035 episcopum
1412 963 1445 1026 91
1462 967 1643 1027 9991991999

44 1019 209 1082 99199999
224 1019 383 1091 99199999,
411 1017 606 1096 99991999199
620 1019 829 1096 9991919919,
1193 1061 1365 1121 Cumanos

44 1119 77 1177 91
97 1117 177 1194 ipse,
192 1115 249 1192 qui
269 1115 343 1177 haec
362 1115 424 1178 tibi
449 1115 710 1178 misericorditer
733 1115 833 1192 inspi-
1235 1180 1241 1192 ‚
1368 1105 1375 1120 '

44 1215 133 1284 ravit,
158 1212 213 1275 det
234 1214 267 1275 et
295 1213 465 1292 perticere.
493 1229 533 1274 ac
556 1228 773 1290 perseverare
797 1213 831 1274 in
1147 1293 1152 1306 .
1189 1179 1291 1254 mn·
1305 1181 1384 1239 ¹²¹⁸·

43 1313 81 1374 iis
111 1327 212 1388 usque
244 1311 280 1372 19
310 1310 399 1372 diem
426 1311 559 1373 Domini
586 1313 667 1373 Ι1999
695 1310 829 1372 Christi.
1042 1293 1163 1358 [banella
1174 1295 1356 1354 1111311111·
1370 1297 1434 1360 ν»11
1445 1297 1513 1362 ²98·]

45 1413 143 1486 snper
155 1423 220 1486 quo
244 1407 277 1470 et
296 1409 334 1470 tu
352 1408 424 1486 ipso
439 1408 539 1470 debes
560 1407 731 1470 humiliter
744 1423 830 1470 010-
921 1398 1222 1460 Confirmatstatutum
1248 1402 1423 1461 19999999
1445 1405 1648 1464 canonicorum

44 1521 123 1578 rare,
147 1505 285 1566 99991
308 1506 341 1566 id
364 1506 397 1568 et
424 1505 506 1566 tides
529 1505 704 1576 catholica,
733 1519 831 1582 quam
1121 1491 1287 1549 1111θῦ16111
1307 1492 1445 1551 0111111111·

45 1607 137 1675 19999,
164 1605 202 1665 91
226 1603 402 1676 credimus,
429 1603 462 1666 19
482 1602 628 1676 1919991,
654 1601 831 1665 911999199
925 1606 1277 1686 Η9999199991999999
1293 1625 1409 1672 servus
1423 1626 1595 1674 servorum
1609 1612 1679 1686 Dei,

44 1717 103 1762 999
119 1700 277 1774 modicus,
295 1701 352 1779 qui
367 1717 410 1762 ex
423 1700 487 1763 hoc
510 1701 686 1778 provenire
700 1700 761 1764 tibi
776 1716 832 1778 po·
885 1703 1069 1766 venerabili
1090 1703 1186 1768 199191
1213 1707 1326 1770 999199
1341 1707 1507 1787 99199999,
1522 1711 1557 1772 91
1575 1725 1680 1776 cano·-

44 1799 122 1871 terit,
151 1799 185 1876 in
215 1799 372 1876 praesenti
401 1799 523 1878 praeter
554 1799 688 1862 aeternae
715 1798 830 1874 gloriae
886 1800 1152 1874 919196999919,
1170 1804 1398 1877 9919199919.

44 1896 196 1969 diadema,
216 1897 301 1976 quod
322 1897 383 1958 tibi
404 1896 434 1958 si
455 1896 734 1975 perseveraveris,
751 1895 831 1960 red·
927 1902 1032 1972 Quum
1047 1915 1106 1976 999
1121 1899 1251 1974 1991999,
1273 1903 1306 1964 91
1319 1903 1532 1981 coepiscopos
1552 1905 1683 1968 nostros

45 1994 92 2055 det
105 1994 262 2056 Dominus
271 1995 383 2073 199199
393 1993 509 2073 judex.
886 1995 928 2057 ad
943 1995 1125 2072 protectum
1138 1999 1367 2073 ecclesiarum,
1388 2002 1422 2063 91
1442 2017 1557 2078 99999
1570 2002 1683 2078 aliqua

78 2091 152 2152 1919
164 2093 216 2180 991
229 2094 315 2171 quod
325 2108 386 2155 uos
397 2095 529 2170 recepto
541 2107 602 2170 pro
614 2091 647 2154 te
662 2089 846 2154 9199199·
887 2093 1087 2166 statuuntur,
1102 2112 1175 2173 quae
1190 2095 1232 2156 ab
1251 2096 1413 2159 institutis
1437 2113 1607 2178 sacrorum
1624 2113 1681 2160 ca·

45 2190 198 2267 episcopo,
217 2191 293 2252 sunt
311 2191 342 2251 ei
358 2192 505 2266 9991999
520 2189 661 2262 litteras,
678 2205 760 2266 quas
775 2204 834 2250 co-
886 2205 1010 2251 99999
1033 2207 1099 2253 999
1116 2192 1317 2271 1199999991,
1330 2196 1428 2271 Juxta
1443 2196 1680 2272 postulantium

45 2300 107 2346 ram
128 2284 226 2347 nobis
241 2286 311 2362 legi·
330 2286 480 2358 fecimus,
505 2285 693 2364 praecepisti
708 2299 830 2361 99999-
886 2287 1087 2351 9919919199
1103 2291 1360 2352 consentaneam
1375 2292 1496 2354 rationi
1512 2293 1678 2364 convenit,

46 2381 100 2443 9911
120 2384 328 2461 juramento,
352 2384 438 2461 quod
463 2383 658 2462 9991191999
677 2382 833 2444 cardina·
887 2383 1001 2445 99199
1011 2386 1680 2461 ApostolicaeSedismunimineroborari.

45 2479 100 2540 lem
122 2482 320 2544 omnimodae
341 2481 496 2544 restitues
521 2480 667 2543 libertati
691 2481 724 2542 91
741 2479 831 2540 illius
888 2484 974 2543 Sane
998 2481 1093 2542 nobis
1117 2481 1272 2556 innotuit,
1289 2485 1374 2562 quod
1395 2484 1490 2547 bonae
1512 2487 1698 2550 99999199,

46 2576 191 2640 91911999
208 2579 304 2641 99119
319 2579 398 2652 9919,
412 2596 455 2642 ex
470 2581 628 2643 consueta
642 2577 829 2650 clementia,
886 2580 924 2640 A.
942 2579 1107 2640 Cumanus
1118 2581 1291 2658 episcopus
1306 2581 1421 2643 volens
1437 2597 1505 2643 suae
1521 2581 1682 2660 99919911-

46 2691 100 2752 que
122 2676 271 2738 Ecclesia
297 2677 469 2740 consuevit
493 2677 535 2740 91
559 2693 595 2738 99
617 2674 832 2738 redeuntibus
887 2673 948 2734 bus
970 2674 1121 2736 ecclesiae
1140 2676 1326 2752 providere,
1346 2677 1542 2740 auctoritate
1560 2679 1683 2739 sanctae

46 2775 196 2848 gremium
219 2776 361 2852 aperire,
378 2776 411 2838 te
433 2774 720 2836 annumerandum
734 2773 834 2835 duxi-
887 2771 1128 2834 recordationis
1141 2774 1295 2850 Gregorii
1310 2778 1411 2852 Papae
1430 2775 1685 2853 praedecessoris

45 2873 211 2934 99919199
225 2872 382 2936 1199199191
402 2873 488 2934 11199
503 2873 675 2951 speciales,
692 2873 725 2933 et
748 2871 834 2949 peti-
888 2869 1046 2931 99919119
1060 2870 1241 2944 voluntate,
1266 2871 1299 2934 91
1321 2888 1462 2934 9999999
1477 2874 1530 2934 991
1545 2873 1683 2950 99911911

45 2969 152 3044 119999,
177 2986 264 3048 quas
285 2971 372 3032 idem
394 2971 569 3048 episcopus
593 2985 637 3032 99
661 2969 832 3048 99919199
888 2967 1013 3040 statuit,
1033 2968 1069 3030 ut
1092 2968 1291 3030 19099999
1314 2971 1458 3032 ecclesia
1479 2971 1598 3047 viginti
1621 2987 1682 3032 ca-

45 3066 130 3128 99119
151 3068 314 3145 porrexit,
329 3069 364 3130 in
379 3068 537 3147 quantum
553 3083 626 3130 cum
641 3070 708 3129 Deo
724 3066 834 3145 potui-
888 3065 1084 3126 nonicorum
1099 3081 1257 3128 numerus
1270 3069 1379 3130 certus
1395 3068 1527 3141 9919191,
1544 3069 1577 3130 91
1591 3084 1682 3130 999-

46 3181 110 3224 999
128 3166 167 3227 19
191 3166 334 3229 1991999
349 3167 537 3229 999199999
561 3165 700 3228 99991119
724 3179 833 3226 exau-
889 3177 948 3240 per
970 3163 1104 3224 999991
1125 3162 1284 3238 111119199,
1305 3167 1338 3227 91
1365 3165 1452 3227 1199
1474 3166 1632 3228 91919199
1647 3166 1682 3226 19

46 3261 107 3324 1199
122 3265 324 3338 curavimus,
337 3265 424 3326 sicut
432 3278 492 3340 per
501 3263 654 3326 91199199
664 3261 835 3325 evidenter
888 3259 1048 3338 scriptum
1063 3260 1229 3338 redigens,
1246 3259 1298 3322 sui
1309 3262 1412 3340 sigilli
1426 3263 1609 3324 munimine
1621 3278 1683 3324 ro-

46 3363 185 3436 apparet,
219 3361 361 3425 firmiter
386 3362 600 3435 aestimantes,
630 3360 773 3439 quodet
799 3360 834 3421 19
889 3357 1028 3429 1999911,
1036 3358 1122 3436 quod
1133 3375 1208 3420 cum
1216 3357 1497 3423 felicismemoriae
1506 3360 1684 3422 (1991991199

47 3456 154 3520 191999
180 3459 365 3536 adimplere
392 3459 572 3536 99991999,
604 3458 703 3536 99991
730 3459 834 3520 Deum
889 3471 983 3533 papae
1006 3456 1245 3532 praedecessori
1272 3457 1389 3520 luisset
1412 3457 1576 3532 oblatum,
1597 3458 1684 3548 idem

47 3555 203 3618 11999199
220 3557 255 3619 91
268 3556 468 3618 9911911999
481 3557 590 3618 virum
605 3554 710 3618 decet.
889 3553 1066 3630 diligenter
1091 3553 1231 3630 audiens
1253 3555 1459 3632 approbavit.
1482 3559 1528 3617 Ea
1550 3558 1687 3633 propter

81 3655 180 3724 Quum
199 3655 305 3732 igitur
325 3655 397 3718 sola
412 3655 661 3732 perseverantia
683 3652 834 3715 bravium
890 3650 1010 3712 vestris
1019 3651 1120 3728 justis
1136 3651 1413 3728 postulationibus
1428 3654 1625 3724 annuentes,
1643 3653 1685 3714 ad

47 3751 178 3828 99919191
200 3752 338 3816 91919119
363 3751 399 3812 19
427 3751 585 3824 Domin0‚
611 3749 834 3831 quatenusin
891 3748 1062 3824 exemplar
1077 3748 1331 3825 praedecessoris
1344 3749 1513 3810 Caelestini
1526 3750 1685 3811 statutum

48 3846 221 3926 devotione,
238 3866 279 3912 ac
300 3849 490 3912 obedientia
510 3849 708 3927 Apostolicae
727 3847 833 3922 Sedis,
889 3829 1010 3924 ipsum,
1027 3845 1113 3907 sicut
1126 3845 1371 3916 rationabiliter
1385 3845 1507 3908 199199
1523 3847 1583 3919 991,
1601 3849 1682 3910 9119

47 3947 196 4010 91999199
215 3948 266 4010 919
280 3947 422 4010 firmiter
440 3961 643 4025 perseveres,
672 3945 704 4007 id
726 3945 835 4022 potins
891 3943 1029 4022 praelato
1044 3943 1167 4020 scripto
1186 3944 1377 4006 authentico
1392 3944 1592 4014 continetur,
1606 3959 1687 4006 auc-

48 4058 99 4117 per
116 4046 354 4109 exhibitionem
374 4046 495 4124 operis,
521 4061 619 4123 quam
635 4059 695 4122 per
713 4043 836 4121 scripta
890 4041 1025 4104 19911919
1032 4041 1222 4119 1999191199
1233 4041 1478 4112 confirmamus,
1488 4043 1521 4104 et
1533 4057 1685 4120 praesen-

47 4144 263 4218 monstrando,
291 4143 376 4221 quod
392 4146 425 4206 et
440 4143 588 4206 divinam
608 4141 751 4218 gratiam
765 4156 838 4202 me-
890 4139 933 4202 tis
961 4139 1077 4217 scripti
1110 4139 1295 4216 patrocinio
1329 4139 1581 4201 communimus.
1608 4141 1686 4202 Sta-

47 4241 153 4313 rearis,
170 4241 203 4305 91
216 4241 365 4304 favorem
384 4240 610 4318 Apostolicum
626 4239 756 4318 9199199
772 4239 835 4300 ob·
890 4236 1031 4311 tuentes,
1040 4239 1076 4299 91
1085 4236 1271 4314 praebendae
1280 4238 1430 4300 ecclesiae
1440 4240 1559 4300 vestrae
1571 4239 1685 4300 contra

47 4336 153 4400 119999.
176 4341 358 4412 Praeterea,
378 4355 479 4417 quum
503 4355 546 4402 ex
569 4338 719 4415 injuncto
741 4335 836 4398 nobis
891 4335 1049 4398 statutum
1063 4335 1300 4397 Lateranensis
1318 4334 1456 4398 concilii
1473 4335 1566 4396 salva
1591 4336 1685 4396 Sedis

47 4435 248 4509 apostolatus
259 4436 378 4510 9111919,
391 4437 423 4498 19
434 4452 473 4498 99
484 4436 569 4497 91199
580 4434 739 4496 Ecclesiae
750 4433 836 4496 11199
891 4433 1089 4511 Apostolicae
1113 4432 1311 4494 auctoritate
1334 4432 1375 4493 de
1403 4433 1523 4494 caetero
1550 4432 1686 4494 minime

49 4529 214 4596 debeamus
233 4534 274 4595 ad
290 4534 423 4612 91919119
437 4549 538 4611 99999
556 4533 712 4604 invitare,
738 4530 837 4593 nobi·
891 4529 1135 4608 permittantur.
1153 4529 1201 4592 11
1212 4531 1373 4605 majorem
1388 4543 1467 4590 vero
1483 4529 1684 4598 firmitatem,

49 4625 164 4692 litatem
179 4633 272 4694 tuam
287 4647 442 4709 rogamus
455 4632 590 4704 9119919,
619 4629 652 4691 91
664 4645 836 4692 9999999
892 4627 997 4705 199199
1011 4627 1126 4704 9991911
1140 4628 1290 4688 1999999
1305 4625 1345 4686 19
1363 4623 1465 4686 verbo
1480 4624 1522 4685 ad
1545 4625 1684 4686 verbum

49 4725 318 4792 inremissionem
333 4728 396 4791 tibi
407 4729 636 4806 peccaminum
656 4727 857 4804 injungam·
893 4721 1110 4803 praesentibus
1129 4722 1284 4783 duximus
1314 4721 1537 4793 inserendum,
1560 4721 1616 4797 qui
1637 4722 1688 4783 est

49 4821 101 4896 199,
113 4827 274 4902 quatenus
285 4827 408 4888 divinae
421 4826 554 4904 pietatis
567 4825 701 4898 intuitu,
719 4824 751 4886 et
765 4839 839 4885 nos·
892 4821 987 4884 talis:

50 4919 166 4984 irarum
193 4940 329 5002 precum
353 4923 503 4996 obtentu,
538 4923 679 5000 captivis
706 4922 838 4998 aperias
932 4915 1485 4991 19991999,119199911911999999
1500 4913 1684 4992 991999999,

49 5017 168 5082 viscera
189 5022 336 5102 91919119,
361 5024 394 5084 91
409 5035 572 5099 99999999
587 5019 783 5097 praesertim,
806 5021 839 5080 91
892 5015 971 5076 11991
983 5013 1177 5084 199991199,
1193 5012 1369 5073 1119911919
1384 5011 1515 5074 Christo
1529 5011 1687 5074 iratribus

50 5115 135 5192 alios,
152 5119 192 5181 19
207 5119 328 5198 quibus
342 5119 471 5181 nullum
492 5115 673 5196 potesttibi
687 5132 837 5179 commo·
893 5111 1065 5174 canonicis
1089 5111 1244 5171 Cumanae
1262 5109 1410 5172 matricis
1436 5110 1598 5183 ecclesiae,
1624 5112 1686 5172 etc.

50 5211 118 5275 dum
145 5218 337 5294 provenire,
367 5216 525 5279 restituas
551 5215 712 5288 libertati,
742 5217 780 5276 ut
806 5216 838 5277 et
894 5212 999 5283 11999
1015 5223 1058 5270 ex
1072 5207 1221 5286 iniuncto
1240 5207 1336 5268 nobis
1350 5207 1559 5285 episcopatus
1578 5207 1688 5269 911919

50 5309 232 5375 9199919999
253 5313 413 5376 Dominus
436 5315 469 5376 19
493 5328 513 5373 9
535 5314 667 5375 199999
687 5310 840 5373 absolvat
894 5307 1021 5368 cunctis
1036 5307 1150 5368 nostro
1164 5306 1321 5382 regimini
1338 5305 1523 5368 commissis
1539 5305 1689 5366 ecclesiis

50 5405 182 5470 vinculis
197 5412 420 5488 peccatorum,
437 5411 493 5489 qui
509 5425 545 5473 se
559 5409 627 5470 illis
641 5425 707 5472 999
722 5407 840 5470 dimis-
894 5395 1053 5482 pastorali
1073 5406 1258 5475 ,19999999
1293 5402 1468 5480 vigilantia
1500 5401 1686 5489 providere,

52 5517 155 5568 surum
169 5509 322 5582 testatur,
338 5509 394 5587 qui
406 5507 563 5571 fratribus
575 5523 641 5570 999
654 5507 837 5582 119111991;
894 5503 1068 5580 indignum
1081 5503 1163 5564 satis
1191 5501 1298 5565 videri
1323 5500 1445 5579 posset,
1467 5501 1500 5561 91
1514 5499 1687 5574 9199999,

52 5602 183 5667 sollicite
201 5607 389 5680 recolendo,
407 5606 492 5684 quod
505 5605 668 5683 judicium
681 5605 753 5665 sine
770 5603 838 5664 mi·
894 5601 959 5662 nisi
975 5601 1172 5678 episcopalis
1188 5600 1338 5662 ecclesiae
1353 5613 1478 5670 curam,
1498 5598 1688 5674 911111999-

52 5702 295 5767 99919991191191
317 5705 359 5776 91,
386 5705 527 5782 quinon
552 5702 630 5764 19911
649 5701 841 5762 919991999-
895 5700 975 5760 1199
989 5698 1166 5761 sollicitius
1187 5697 1397 5759 haberemus.
1419 5695 1512 5756 Illius
1528 5695 1690 5772 siquidem
