4058 6308
252 291 313 352 5287
874 287 1049 350 HONORII
1071 287 1115 348 111
1137 287 1286 349 OPERA.
1393 361 1399 374 ,
1831 285 1889 350 -388

247 451 351 515 serbo
375 451 416 514 ad
438 450 573 514 verbum
597 449 675 512 huic
695 450 869 529 privilegio
889 449 1045 512 duximus
1100 447 1162 522 rio,
1181 445 1341 510 Gaulrido
1357 450 1573 526 praecentore.
1594 439 1706 511 Testes
1723 450 1822 527 hujus
1844 448 1890 510 rei

249 550 960 628 1333333133,33]33133333311311333113
984 565 1046 611 no-
1100 547 1177 608 3331
1199 545 1301 608 31133
1323 549 1447 609 sanctae
1475 547 1661 620 Genovelae,
1688 549 1722 611 et
1744 549 1890 610 canonici

249 651 338 712 mine
354 649 476 712 sanctae
492 650 525 710 et
539 647 718 710 individuas
739 647 922 710 Trinitatis.
940 649 1045 710 Guido
1099 645 1202 718 illius,
1228 646 1325 720 Hugo
1339 646 1537 718 almaricus,
1562 645 1641 707 Milo
1667 646 1771 708 abbas
1791 645 1891 709 sancti

250 747 309 810 Dai
328 747 436 824 gratia
454 749 618 808 senonen.
643 745 914 825 archiepiscopus
934 745 1046 808 omni·
1101 743 1244 819 ltemigii
1256 745 1892 820 senonen.,magisterAnsallusdecan·

248 847 309 908 bus
324 845 365 907 ad
381 861 463 923 3333
478 847 658 922 praesentas
680 846 799 907 litteras
820 845 1043 923 pervenerint,
1100 841 1250 914 cellaria,
1272 843 1433 918 oggerius
1458 842 1498 904 de
1516 846 1640 905 Arous.
1664 846 1785 906 Actum
1811 845 1890 922 apud

248 945 283 1006 in
307 945 447 1006 Domino
471 944 623 1006 salutem.
649 945 770 1006 Notum
798 944 870 1006 ilari
893 944 1045 1006 volumus
1101 942 1237 1003 Fontem
1281 942 1420 1002 Blaaudi
1459 958 1548 1004 anno
1587 941 1628 1004 ab
1663 945 1892 1004 incarnatione

249 1043 416 1104 universis
442 1041 661 1118 praesentibus
689 1043 816 1120 pariter
840 1044 873 1105 31
900 1042 1043 1115 1313313,
1101 1039 1231 1101 Domini
1261 1040 1439 1101 millesimo
1472 1041 1652 1102 centesimo
1679 1041 1892 1118 nonagesimo

249 1141 333 1218 quod
350 1140 515 1202 discordia
531 1155 605 1217 quae
624 1143 696 1203 erat
718 1141 806 1204 iuter
828 1157 890 1202 nos
914 1140 1048 1204 311131-
1101 1137 1387 1214 33133.»1)313313
1408 1137 1621 1214 probibemus
1642 1138 1678 1201 31
1702 1139 1891 1201 3333313311

249 1255 366 1302 33333
391 1238 544 1300 abbatem
565 1240 671 1300 sancti
698 1239 855 1301 Germani
875 1240 915 1301 de
935 1239 1046 1300 Pratis
1100 1235 1202 1298 333131
1238 1236 1419 1298 33333133
1452 1235 1650 1314 ubicumque
1676 1235 1718 1298 da
1743 1236 1892 1316 mandato

250 1340 283 1399 at
294 1337 403 1414 ipsam
413 1338 588 1398 ecclesiam
604 1337 644 1398 de
661 1338 950 1415 procurationibus
963 1353 1046 1415 3333
1101 1334 1229 1397 abbatis
1244 1333 1480 1406 habitaverint,
1496 1335 1607 1396 nullus
1629 1336 1754 1412 praetar
1771 1338 1891 1397 Roma-

250 1435 291 1496 31
313 1435 362 1497 313
386 1435 578 1514 petebamus
606 1437 641 1497 in
666 1429 795 1510 113331,
820 1436 857 1498 at·
873 1436 1043 1510 Balneolo,
1101 1450 1178 1494 333
1194 1432 1381 1510 pontificem
1397 1433 1450 1495 vel
1471 1432 1615 1509 legatum
1635 1433 1676 1494 ab
1698 1435 1774 1510 ejus
1794 1433 1893 1496 131333

251 1532 284 1594 31
307 1533 423 1594 333313
437 1535 602 1594 Germano
620 1533 718 1610 juxta
736 1533 985 1602 monasterium,
1011 1533 1046 1594 in
1101 1532 1249 1605 missum,
1275 1530 1400 1609 absque
1419 1531 1557 1610 speciali
1581 1531 1739 1594 mandato
1758 1533 1894 1609 Aposto-

249 1629 426 1707 praesentia
442 1629 566 1692 domini
580 1631 725 1708 Philippi
738 1633 942 1694 Francorum
954 1632 1045 1708 ragis
1101 1631 1173 1692 licae
1197 1629 1302 1703 Sedis,
1333 1628 1387 1691 331
1415 1631 1536 1707 praeter
1562 1629 1714 1692 abbatem
1735 1630 1777 1691 ad
1802 1646 1893 1708 3333

250 1727 295 1804 113
313 1727 490 1790 terminata
501 1729 562 1790 est.
577 1731 614 1789 ln
634 1728 697 1790 hoc
717 1728 880 1806 siquidem
895 1728 1045 1806 quitavi·
1100 1744 1181 1790 cura
1197 1728 1229 1791 at
1243 1728 1393 1790 custodia
1410 1745 1524 1790 33333
1540 1729 1694 1806 pertinet,
1712 1745 1895 1790 excommu-

249 1814 322 1886 mus
342 1823 452 1886 abbati
475 1825 507 1887 et
527 1826 678 1888 ecclesiae
700 1827 807 1888 sancti
829 1827 985 1889 Germani
1010 1827 1044 1888 in
1100 1827 1152 1889 cet
1166 1827 1224 1889 aut
1238 1826 1425 1890 interdicat.
1442 1826 1589 1889 0133313
1603 1827 1739 1898 333313,
1757 1827 1831 1898 313,
1845 1842 1895 1888 aa·

249 1924 443 2000 perpetuum
466 1924 718 2002 procurationes
732 1939 815 2002 quas
832 1925 867 1985 13
878 1925 1046 2002 praedictis
1100 1924 1529 2002 pua-eligendumalectus
1538 1925 1647 1987 33133
1658 1925 1893 1988 3313113333)

249 2021 331 2083 locis
344 2021 535 2099 petebamus
557 2021 660 2084 31313
675 2023 735 2084 1311
754 2023 863 2097 modo,
885 2024 971 2101 quod
986 2022 1047 2085 ab-
1101 2023 1273 2096 Pontilice,
1286 2023 1446 2100 3313333
1461 2022 1617 2084 33133311
1628 2023 1795 2086 catholico
1810 2023 1895 2100 epis-

248 2116 307 2180 bas
322 2118 1045 2184 etsuocessoressuinobisetsuccessoribus
1100 2137 1182 2199 copo
1206 2137 1326 2182 munus
1355 2121 1596 2184 benedictionis
1630 2121 1786 2198 accipiat.
1812 2123 1896 2181 Sane
2005 2161 2006 2190 ,

248 2218 383 2284 3331313,
399 2217 586 2279 3313331313
595 2217 695 2281 333113
705 2219 842 2292 3331113,
857 2235 917 2298 333
930 2233 1046 2297 procu·
1100 2219 1269 2282 novalium
1278 2221 1475 2292 vestrorum,
1485 2221 1561 2294 ato,
1572 2235 1698 2294 33333.-
1706 2219 1893 2297 praesumat.

247 2314 515 2376 331133113311113
534 2315 674 2378 reddent
695 2317 836 2393 singulis
851 2319 950 2379 annis
971 2318 1046 2381 octo
1099 2317 1290 2396 Apostolioa
1304 2319 1442 2395 insuper
1463 2318 1661 2380 auctoritate
1679 2317 1776 2379 vobis
1799 2316 1896 2378 duxi·
2005 2329 2006 2340 ¹

246 2412 350 2475 libras
384 2413 550 2475 Parisien.
580 2414 667 2492 apud
708 2415 828 2477 Emant
863 2415 898 2476 in
928 2416 1044 2478 octava
1100 2431 1173 2477 mus
1188 2415 1437 2492 indulgendum,
1453 2417 1489 2477 ut
1501 2415 1588 2476 13133
1601 2415 1781 2494 parochias
1796 2415 1894 2476 acole-

247 2511 406 2587 Paschaa;
425 2513 457 2574 31
482 2512 511 2572 31
539 2528 600 2575 333
623 2513 677 2575 331
703 2529 913 2576 33333333333
939 2514 1045 2577 nostri
1101 2514 1225 2576 siarum
1240 2515 1282 2576 ad
1301 2514 1514 2593 jamdictum
1537 2514 1777 2577 monasterium
1795 2512 1896 2590 perti·

246 2609 439 2672 veniremus
455 2609 604 2671 3333113
619 2625 707 2672 anno
722 2611 762 2672 ad
774 2612 1046 2686 113331,331Β31-
1100 2612 1250 2675 nentium
1285 2613 1396 2674 nullus
1424 2612 1620 2686 oratorium,
1647 2611 1812 2690 capellam
1842 2609 1892 2671 331

247 2708 393 2781 333133,
410 2708 465 2770 331
479 2708 521 2768 ad
540 2708 655 2770 villam
677 2725 750 2786 3333
765 2709 888 2772 dicitur
911 2711 1045 2773 sanctus
1100 2711 1276 2773 ecclesiam
1289 2710 1894 2782 331133333333333133133133333

248 2807 444 2873 Germanus,
471 2804 574 2866 abbas
604 2808 638 2868 31
660 2822 869 2869 successores
895 2809 961 2882 sui,
988 2809 1046 2873 aut
1101 2810 1173 2871 sine
1189 2810 1370 2872 dioeoesani
1389 2809 1537 2888 episcopi
1553 2810 1711 2872 31333133
1733 2823 1893 2871 consensu

248 2902 306 2964 illa
333 2904 389 2980 qui
413 2902 546 2966 domum
569 2904 717 2977 tenebit,
739 2906 903 2983 recipient
924 2923 984 2969 nos
1013 2908 1045 2970 31
1100 2907 1231 2980 audeat,
1251 2908 1316 2968 nisi
1339 2905 1423 2970 13313
1446 2908 1636 2984 Templarii,
1663 2908 1717 2969 vel
1742 2905 1895 2983 Hospita·

249 3016 458 3064 successores
475 3003 618 3076 nostros,
640 3004 843 3068 313133333
865 3004 988 3068 111333
1012 3008 1045 3069 31
1100 3007 1177 3068 13311
1196 3005 1332 3078 marini,
1355 3006 1475 3084 quibus
1499 3007 1562 3068 133
1580 3005 1780 3084 apostolica
1802 3003 1890 3065 Sedis

252 3114 461 3162 successores
489 3101 596 3165 nostri
631 3103 727 3166 33313
762 3121 829 3166 333
859 3105 1044 3182 sumptibus
1099 3105 1283 3182 privilegiis
1306 3104 1470 3166 indultum
1497 3102 1600 3166 luisse
1628 3105 1797 3166 noscatur.
1819 3098 1891 3163 Paci

248 3199 372 3260 nostris
387 3199 543 3276 propriis,
553 3201 600 3262 ita
616 3201 701 3278 quod
715 3202 772 3263 1113
783 3203 839 3280 331
854 3203 986 3264 domum
999 3205 1047 3266 te·
1100 3219 1230 3280 333333
1251 3203 1284 3265 31
1302 3202 1536 3280 tranquillitati
1558 3201 1678 3264 vostrae
1710 3197 1892 3264 Pontifloali

248 3293 341 3357 nebit
362 3311 430 3357 non
446 3295 612 3359 tenebitur
629 3298 755 3375 aliquid
773 3300 853 3361 dare
877 3300 973 3362 nobis
990 3301 1044 3362 vel
1099 3301 1248 3363 33133133
1276 3301 1467 3378 3333131333
1496 3301 1703 3379 prospicere,
1741 3295 1890 3377 praesenti

249 3393 497 3455 successoribus
510 3396 965 3474 nostrispraeterhospitium,
979 3398 1044 3460 nisi
1100 3397 1275 3477 privilegio
1290 3398 1446 3460 duximus
1468 3399 1690 3472 statuendum,
1714 3399 1750 3459 ut
1771 3397 1799 3458 si
1823 3393 1892 3472 quis

247 3492 310 3554 hoo
325 3492 366 3554 de
380 3492 489 3568 gratia
504 3492 615 3556 facere
630 3495 783 3567 voluerit,
804 3496 838 3557 31
859 3495 887 3556 31
906 3513 967 3559 333
991 3497 1044 3559 331
1100 3499 1207 3560 terras
1222 3498 1339 3559 advos
1354 3497 1484 3574 deJure
1504 3498 1703 3576 spectantes,
1725 3497 1760 3558 in
1778 3492 1890 3573 331133

247 3605 456 3653 33333333333
483 3593 589 3654 nostri
611 3592 713 3655 semel
736 3594 860 3672 recepti
884 3593 1045 3656 fuerimus
1100 3595 1285 3672 portionem
1309 3595 1449 3668 habetis,
1474 3596 1684 3673 331333333
1707 3592 1889 3660 donatione,

247 3689 282 3750 in
308 3705 375 3751 uno
401 3690 634 3768 praedictorum
661 3691 821 3765 locorum,
852 3709 918 3756 non
950 3695 1047 3757 tene·
1100 3695 1158 3756 aut
1171 3693 1363 3756 venditione
1375 3709 1433 3754 333
1447 3694 1593 3770 33311131
1605 3693 1673 3754 3113
1683 3687 1890 3754 alienationis

246 3786 371 3849 buntur
383 3789 537 3850 monachi
552 3790 700 3867 recipere
712 3807 772 3852 nos
786 3793 857 3853 3133
866 3809 1045 3856 successo·
1099 3793 1208 3864 titulo,
1225 3792 1259 3852 in
1272 3792 1374 3853 aliam
1389 3791 1565 3853 ecclesiam
1578 3791 1632 3853 331
1644 3791 1803 3868 religiosa
1823 3787 1890 3848 1333

246 3901 302 3947 333
317 3886 448 3948 3331333
469 3887 503 3948 13
520 3887 632 3964 311333
651 3889 786 3950 1113333
808 3891 910 3952 13133
929 3892 1045 3953 eodem
1100 3891 1318 3964 transtulerit,
1333 3890 1486 3952 ecclesiis
1500 3890 1568 3951 illis
1584 3890 1636 3952 331
1658 3890 1743 3952 13313
1756 3885 1888 3962 religio-

247 3999 347 4045 anno.
361 3985 430 4046 Nos
443 3985 553 4046 autem
568 3985 706 4046 lecimus
725 3988 848 4064 quitari
863 3991 934 4065 jam
949 3989 1045 4051 dictae
1101 3989 1251 4051 31331133
1273 4005 1397 4050 annum
1423 3991 1456 4051 et
1480 3989 1567 4050 diem
1587 4005 1644 4050 eas
1664 3989 1738 4050 3133
1761 3997 1890 4048 assensu

249 4081 399 4143 eeclesiae
415 4083 448 4142 31
461 4080 573 4143 311311
584 4083 792 4147 medietatem
808 4085 944 4148 decimae
958 4087 1045 4149 lanae
1101 4088 1212 4149 vestro
1227 4103 1293 4150 non
1308 4087 1638 4157 liceatrelinere‚sed
1650 4089 1891 4165 1331333333-

249 4194 269 4239 a
297 4177 500 4256 presbyteris
526 4180 581 4256 qui
605 4181 739 4243 333113
763 4184 1046 4248 333133113333311
1100 4185 1248 4247 tudinem
1272 4185 1515 4262 gallicanarum
1536 4186 1754 4247 ecclesiarum
1775 4179 1888 4244 talibus

250 4277 408 4338 Germani
442 4292 502 4354 per
523 4277 844 4357 archiepiscopatum
873 4285 1048 4346 Senonen·
1101 4285 1253 4362 personis
1281 4285 1389 4362 pretio
1412 4301 1472 4345 seu
1493 4283 1580 4345 dono
1606 4283 1798 4352 concedant,
1822 4291 1887 4355 333

249 4391 319 4437 sem
350 4374 532 4448 constituti,
563 4377 691 4439 33111331
718 4381 848 4453 limant,
874 4382 1044 4458 Balneolo,
1101 4382 1195 4444 33113
1210 4382 1456 4445 etmonasterio
1472 4383 1582 4444 vestro
1595 4385 1673 4459 jura
1689 4382 1799 4444 vestra
1820 4387 1886 4437 333

247 4471 328 4533 31113
355 4487 428 4548 quae
454 4470 577 4534 dicitur
599 4475 732 4536 sanctus
750 4477 933 4538 Germanus
948 4483 1045 4558 juxta
1101 4481 1293 4558 integritate
1316 4480 1518 4558 persolvant.
1543 4479 1883 4550 113333313333333...

248 4569 477 4632 musteriolum
492 4570 619 4646 Matiol,
635 4573 668 4634 at
682 4573 869 4651 presbyteri
881 4575 1047 4638 dictarum
1101 4594 1208 4654 usqua
1223 4597 1234 4640 .·
1249 4578 1433 4656 protutura.
1457 4577 1557 4640 Salva
1578 4577 1673 4639 Sedis
1700 4569 1884 4654 Apostolioae

248 4667 465 4730 ecclesiarum
484 4669 583 4731 aliam
599 4671 808 4733 medietatem
826 4673 974 4751 ejusdem
990 4674 1044 4736 de·
1102 4677 1311 4739 auctoritate.
1328 4675 1363 4738 Si
1378 4691 1443 4753 qua
1457 4675 1658 4752 131133313,
1672 4687 1800 4749 33333·
1815 4664 1885 4728 sub·

248 4766 343 4827 cimae
353 4765 532 4830 13131331.
548 4769 666 4831 Ν33111
677 4773 789 4832 33133
800 4771 928 4834 3113113
940 4774 1047 4836 333311
1098 4776 1220 4854 jaceat.
1259 4774 1394 4836 Cunctis
1435 4775 1561 4846 33133,
1600 4773 1679 4844 313,
1715 4761 1882 4832 133331331.

249 4865 405 4924 Germani
424 4864 547 4927 1331331
563 4865 756 4930 fidelitatem
774 4870 976 4948 presbyteris
990 4873 1046 4950 331
1101 4875 1217 4936 Amen.

249 4959 284 5020 in
306 4959 402 5021 dictis
426 4961 576 5024 ecclesiis
597 4967 705 5037 33331,
724 4968 758 5029 31
781 4969 966 5047 presbyteri
988 4986 1048 5047 333
1141 4969 1258 5031 Datum
1294 4967 1461 5040 Laterani,
1492 4983 1552 5045 333
1583 4983 1717 5028 manum
1744 4953 1881 5026 Radani,

250 5057 385 5118 nuntios
407 5075 485 5120 suos
506 5062 634 5123 nuntiis
662 5063 792 5125 abbatis
816 5065 962 5129 dedicta
985 5067 1047 5130 de-
1102 5069 1225 5130 sanotae
1249 5070 1407 5130 Romanae
1434 5067 1591 5130 Ecclesiae
1616 5052 1879 5128 vicecancellarii,

249 5157 337 5218 3133
360 5158 582 5219 3333331133
602 5161 635 5222 31
656 5160 798 5224 lideliter
816 5166 995 5241 quaerenda
1015 5167 1048 5227 31
1102 5166 1200 5228 tertio
1214 5165 1374 5228 kalendas
1396 5167 1487 5238 maii,
1506 5164 1688 5227 indictione
1701 5161 1820 5242 quinta,
1835 5155 1884 5214 ln·

249 5253 338 5316 inter
352 5269 390 5316 33
404 5253 592 5316 dividenda.
612 5259 760 5330 Quodne
777 5261 888 5324 331331
904 5263 1047 5341 alicujus
1102 5264 1306 5326 carnationis
1327 5263 1507 5326 Dominicaa
1530 5279 1619 5324 anno
1639 5261 1810 5324 millesimo
1828 5249 1882 5310 du-

250 5349 419 5412 oblivione
437 5351 553 5426 deleri,
571 5355 623 5416 331
639 5357 804 5421 331111333
821 5361 978 5436 33333311,
1000 5361 1048 5422 si·
1102 5362 1282 5424 centesimo
1322 5361 1449 5423 decimo
1487 5360 1647 5438 septimo,
1688 5349 1880 5439 pontificatus

249 5446 330 5524 gillo
345 5448 459 5510 nostro
473 5447 611 5514 1331333
630 5453 664 5515 id
689 5457 890 5530 confirmari,
907 5458 1049 5521 astanti-
1101 5475 1182 5524 vero
1214 5459 1339 5522 domini
1373 5459 1514 5522 Honorii
1548 5463 1649 5536 Papae
1684 5455 1771 5521 tertii
1803 5457 1879 5511 311110

249 5543 311 5606 133
326 5545 476 5609 ecclesiae
485 5552 608 5612 333133
619 5555 1045 5630 personisSalonedecano,
1102 5559 1222 5637 primo.

251 5644 405 5704 11333333
422 5645 669 5724 archidiacono,
686 5652 864 5714 wilhelmo
876 5655 1048 5716 thesaura-

1978 5659 1980 5747 l

1978 5760 1979 5847 1

1963 5853 1978 6236 1
