4080 6316
87 379 152 438 809
715 377 1046 440 EPlS'i'OLAE.L1B.
1071 379 1111 440 11.
1679 384 1740 444 810

90 537 232 612 pacifice
253 535 442 615 possidetis,
456 536 561 610 vobis,
578 537 611 602 et
632 553 691 616 per
710 553 769 600 vos
781 537 888 599 eidem
943 537 1073 599 lidelem
1084 537 1247 614 nuntium,
1261 538 1289 600 sl
1301 539 1385 602 torte
1396 538 1601 614 infirmitate,
1612 541 1665 604 vel
1673 542 1740 604 alia

89 635 295 699 monasterio
326 637 439 698 restro
474 637 673 699 auctoritate
699 635 889 714 Apostolica
938 637 1030 713 justa
1054 650 1156 698 causa
1180 637 1401 713 personaliter
1424 637 1466 699 ad
1494 655 1555 700 nos
1581 640 1740 702 accedere

89 736 339 808 confirmamus,
355 737 388 799 et
407 736 582 814 praesentis
608 736 722 814 scripti
743 735 890 812 patroci—
942 749 1008 795 non
1031 734 1169 807 valeret,
1196 736 1310 797 nostro
1330 752 1366 798 se
1389 737 1523 798 curaret
1549 740 1739 816 conspectui

89 835 149 896 nio
178 834 429 906 communimus,
458 834 647 897 habitantes
668 833 888 895 nihilominus
943 833 1156 908 presentare,
1178 832 1376 909 Apostolicae
1398 833 1614 912 benignitatis
1635 835 1740 898 mise-

88 934 125 994 et
159 931 366 994 habitaturos
391 932 427 993 in
454 931 503 993 eis
529 932 590 993 snb
625 931 713 994 beati
737 931 827 994 Petri
856 932 890 993 et
942 929 1121 990 ricordiam
1136 930 1310 1008 petiturae,
1328 933 1385 1010 qni
1407 932 1579 996 humiliter
1599 935 1741 996 manda-

89 1032 207 1093 nostra
221 1030 429 1107 protectione
453 1029 644 1108 specialiter
665 1030 886 1092 admittentes.
941 1027 985 1088 tis
1014 1028 1082 1089 tuis
1116 1026 1364 1105 obtemperem,
1392 1029 1539 1092 laborem
1574 1032 1676 1093 subiit
1699 1033 1739 1094 ad

88 1128 141 1190 Ad
164 1127 324 1189 indicium
354 1129 465 1190 antem
494 1128 593 1205 liiijus
625 1128 887 1190 confirmationis
943 1124 1061 1187 sedem
1075 1127 1300 1202 apostolicam
1311 1128 1552 1203 veniendi3sed
1568 1133 1636 1192 tam
1646 1147 1743 1208 prop·

87 1228 125 1288 et
148 1226 363 1304 protectionis
383 1241 403 1287 a
420 1225 516 1286 nobis
546 1227 721 1303 perceptae,
748 1226 887 1302 singulae
941 1223 993 1284 ter
1007 1223 1136 1285 viarum
1161 1225 1322 1302 pericula,
1338 1241 1435 1302 quam
1452 1228 1587 1304 propter
1606 1228 1741 1290 invale-

87 1323 316 1409 habitationes
349 1323 497 1386 locorum
529 1324 678 1400 ipsorum
713 1324 888 1385 denarium
941 1320 1088 1382 tudinem
1099 1323 1249 1401 corporis
1260 1323 1473 1401 praepeditus,
1483 1326 1663 1402 procedere
1674 1343 1740 1388 non

87 1437 194 1482 unum
213 1436 333 1482 census
349 1421 494 1492 nomine,
512 1423 611 1498 prout
623 1437 683 1484 ros
702 1421 889 1484 liberaliter
943 1420 1048 1495 potuit
1076 1421 1164 1483 ultra
1193 1421 1312 1497 Pisas;
1343 1424 1477 1499 propter
1508 1422 1593 1500 quod
1621 1425 1742 1486 exinde

84 1519 270 1588 obtulistis,
281 1519 455 1580 annuatim
470 1519 628 1582 Ecclesiae
643 1523 801 1582 Romanae
817 1535 889 1596 per
941 1515 1079 1579 dilectos
1095 1517 1181 1580 tilios
1197 1521 1233 1580 P.
1249 1519 1289 1580 de
1310 1521 1522 1582 Montelauro
1536 1525 1662 1599 Aquen.
1681 1539 1740 1583 ar-

85 1617 233 1680 solvent.
250 1616 342 1678 Nulli
364 1633 454 1694 ergo,
472 1619 547 1691 etc,
572 1618 696 1679 nostrae
711 1617 889 1679 conflrma—
941 1613 1218 1678 chidiaconumet
1232 1620 1270 1678 G.
1287 1617 1526 1679 cancellarium
1547 1618 1742 1681 monasterii

85 1715 204 1786 tionis,
218 1715 281 1778 etc.
296 1715 332 1776 Si
346 1714 553 1792 quisautem,
563 1716 627 1778 etc.
641 1716 758 1777 Datum
774 1719 888 1778 Romae
942 1713 1050 1775 sancti
1071 1713 1215 1776 Victoris
1230 1716 1263 1778 et
1277 1717 1330 1776 W.
1343 1717 1539 1778 canonicum
1553 1717 1738 1778 Massilien.

84 1812 178 1889 apud
201 1814 234 1874 S.
251 1814 401 1887 Petrum,
419 1814 494 1876 XlV
509 1813 671 1877 kalendas
686 1813 776 1892 julii,
799 1829 888 1875 anno
942 1814 1175 1888 procuratores
1193 1829 1271 1876 suos
1291 1813 1332 1874 ad
1359 1817 1507 1876 nostram
1527 1815 1740 1892 praesentiam

84 1910 247 1973 secundo.
941 1908 1132 1982 destinavit,
1142 1927 1202 1986 per
1212 1927 1294 1988 quos
1303 1911 1365 1973 luit
1375 1912 1470 1974 nobis
1479 1913 1650 1976 humiliter
1660 1931 1740 1992 sup-

445 2045 534 2133 CCC
942 2006 1738 2084 plicatum,utetabsolutlonisbeneilciumdicto

942 2107 981 2168 R.
996 2105 1183 2167 faceremus
1198 2107 1356 2184 impendi,
1368 2109 1402 2170 et
1411 2109 1603 2186 patrimonii
1614 2111 1667 2172 sui
1679 2127 1740 2172 cu-

129 2181 182 2241 Ad
193 2179 347 2242 abbatem
364 2179 398 2240 ⁰⁸
413 2179 620 2242 mavimam
642 2181 677 2241 3·
702 2179 849 2240 V²⁶²⁰²⁰²⁸⁸
941 2203 1144 2266 ramhabere
1152 2205 1419 2281 permitteremus
1430 2207 1580 2269 eumdem
1592 2209 1659 2270 tam
1672 2210 1739 2271 tuis

367 2279 606 2338 mitatem·
942 2300 1045 2363 irater
1065 2303 1194 2364 Uticen.
1216 2303 1250 2365 et
1278 2304 1522 2382 Metropolitan.
1546 2322 1586 2368 ac
1609 2306 1739 2368 abbatis

381 2399 415 2456 lt
433 2397 496 2472 iun.
518 2398 596 2456 lilii.
941 2400 1005 2471 sui,
1022 2416 1121 2478 quam
1134 2401 1336 2463 venerabilis
1351 2401 1464 2464 fratris
1484 2404 1627 2468 nostri...
1644 2406 1738 2482 epis-

108 2515 232 2579 [ιῑοςοει.ι
254 2513 299 2564 lib.
310 2513 342 2573 li,
352 2513 427 2578 epist.
440 2513 509 2564 iles.
522 2513 578 2563 iio.
593 2514 629 2564 ia
638 2514 715 2563 rorte
722 2513 757 2564 du
771 2511 867 2578 rheti]
941 2497 1015 2574 copi
1030 2498 1178 2574 capituli,
1194 2515 1233 2561 ac
1247 2499 1400 2570 militum,
1416 2516 1456 2562 ac
1467 2502 1615 2564 universi
1625 2503 1740 2580 populi

83 2623 211 2681 niteas
230 2621 387 2680 innocente
403 2621 454 2690 111,
480 2621 616 2679 ewrino
630 2620 816 2679 aosoruronn
835 2621 884 2679 ie-
940 2596 1126 2658 Massilien.
1139 2612 1274 2660 1111111011
1287 2599 1321 2660 et
1332 2599 1475 2660 1110111111
1493 2601 1739 2678 quamplurium

123 2709 261 2770 netleium
278 2709 473 2778 concedentis,
488 2711 599 2784 repetit,
615 2711 715 2783 eisque
729 2708 888 2768 mandatut
941 2693 1154 2770 praelatorum
1164 2695 1259 2757 ¹¹01)ss
1271 2697 1446 2774 superbae
1456 2697 1576 2760 litteris
1590 2715 1739 2775 111333θῦ-

122 2815 159 2858 ea
179 2815 244 2873 quie
266 2799 303 2856 de
323 2800 495 2873 patrimonio
516 2800 644 2858 ltoeelini
666 2801 840 2857 monasterio
857 2800 886 2858 s.
940 2791 1029 2864 tatis,
1044 2793 1101 2870 qui
1116 2809 1176 2855 nos
1189 2794 1231 2856 ad
1245 2793 1277 2854 id
1293 2795 1418 2872 triplici
1426 2795 1556 2858 ratione
1571 2798 1739 2875 praecipue

122 2888 247 2949 Victoris
257 2887 445 2947 Massiliensis
459 2888 516 2946 sint
526 2886 810 2962 assignata,peeitice
818 2903 885 2960 pos·
941 2889 1099 2952 inducere
1109 2890 1315 2968 satagebant.
1328 2895 1408 2954 Cum
1419 2894 1509 2958 enim
1524 2895 1636 2956 nullus
1652 2911 1741 2974 prae-

122 2978 245 3038 sideant.
940 2989 992 3048 ter
1003 2989 1112 3064 ipsum
1123 2988 1163 3049 de
1178 2988 1275 3052 domo
1286 3005 1347 3051 sua
1359 2993 1527 3054 masculus
1540 2993 1585 3054 sit
1601 3010 1740 3070 supers-

128 3090 309 3162 Honorius,
325 3090 402 3160 ete,
426 3088 556 3150 dilectis
580 3086 700 3149 tiliis...
720 3085 832 3148 abbati
854 3088 887 3148 et
939 3086 1001 3156 tes,
1019 3083 1060 3146 de
1076 3088 1174 3147 terrae
1194 3103 1264 3147 sure
1285 3087 1487 3161 bominibus,
1505 3090 1562 3167 qui
1585 3091 1738 3153 eumdem

83 3187 268 3248 conventui
287 3186 484 3247 monasterii
504 3185 615 3246 Sancti
637 3185 782 3247 Victoris
796 3186 887 3246 Mas-
940 3182 1738 3262 sincerissimediligunt,nonpraeesset,ecclesiis

83 3285 249 3357 sitiensis,
275 3284 414 3346 salutem
439 3283 472 3344 et
494 3283 709 3360 apostolicam
729 3281 887 3344 benedic-
939 3282 973 3342 et
993 3281 1070 3342 aliis
1085 3281 1150 3358 plis
1173 3281 1256 3344 locis
1273 3283 1389 3359 gravia
1405 3287 1541 3362 possent
1564 3286 1737 3364 dispendia

82 3383 224 3445 tionem.
940 3378 1126 3454 provenire.
1156 3380 1236 3440 Cum
1265 3382 1365 3443 etiam
1402 3383 1524 3445 multas
1562 3384 1737 3447 violentias

129 3481 222 3542 Sicut
242 3481 277 3542 in
303 3470 446 3556 regesto'
462 3478 570 3541 ielicis
591 3479 762 3540 memoriae
784 3481 887 3540 Inno-
939 3477 1152 3539 commiserat
1174 3479 1207 3540 et
1229 3478 1376 3557 rapinas,
1400 3481 1433 3542 et
1452 3497 1573 3558 magna
1597 3482 1738 3546 subierit

83 3579 190 3642 centii
205 3593 298 3656 papae
315 3577 569 3655 praedecessoris
584 3577 691 3638 nostri
706 3577 885 3655 perspexi·
940 3575 1100 3636 hactenus
1114 3591 1216 3636 onera
1232 3577 1435 3662 debitorum,
1456 3580 1485 3639 si
1505 3579 1738 3657 prohiberetur

84 3694 162 3738 mus
177 3675 352 3748 contineri,
367 3675 446 3737 olim
466 3674 675 3736 Ebredunen.
698 3674 887 3752 archiepis-
940 3671 1047 3734 eidem
1057 3673 1314 3750 provisioterrae
1330 3691 1411 3747 snae,
1423 3675 1482 3738 vix
1496 3678 1672 3755 quisquam
1687 3679 1737 3738 in·

83 3775 259 3852 cop0,et...
270 3770 605 3850 Uticen.Apostolicae
621 3771 716 3833 Sedis
731 3771 842 3847 legato
853 3772 886 3834 et
938 3771 1120 3843 veniretur,
1138 3771 1194 3849 qui
1219 3771 1428 3835 satisfaceret
1446 3772 1487 3835 de
1509 3775 1738 3852 praeniteat

85 3876 212 3949 Regen.
229 3871 395 3949 episcopis
409 3887 471 3932 sua
497 3870 620 3948 scripta
641 3869 678 3931 in
697 3869 769 3932 haec
783 3869 884 3932 verba
939 3869 1034 3931 multi
1049 3868 1277 3946 multipliciter
1296 3886 1362 3932 non
1385 3871 1508 3949 absque
1525 3874 1621 3949 gravi
1638 3890 1738 3936 scan-

84 3971 212 4032 direxit
228 3991 236 4031 ε
938 3965 1014 4028 dato
1022 3967 1092 4028 suis
1102 3967 1243 4044 justitiis
1257 3967 1504 4031 fraudarentur.

127 4070 242 4129 «Cum
257 4066 448 4138 Roeelinus,
470 4065 527 4143 qni
554 4065 670 4128 habitu
694 4066 883 4128 monachali
979 4065 1141 4138 Quoniam
1157 4065 1259 4141 igitur
1273 4069 1487 4130 sacrosancta
1505 4071 1655 4132 Romana
1675 4073 1739 4133 lic-

84 4167 210 4244 rejecto
235 4164 418 4227 Massilien.
444 4164 588 4227 civitatis
608 4164 791 4226 dominium
820 4164 883 4226 sibi
938 4162 1040 4224 clesia
1074 4163 1158 4224 nulli
1187 4164 1358 4226 humiliter
1390 4166 1542 4229 redeunti
1574 4169 1737 4244 gremium

83 4269 211 4329 temere
223 4263 412 4341 usurparet,
428 4263 561 4341 propter
580 4262 793 4340 apostasiam,
806 4278 885 4341 per·
938 4277 1034 4322 suum
1051 4260 1185 4335 claudit,
1210 4279 1270 4324 nos
1294 4263 1387 4325 illius
1400 4265 1564 4343 exemplo,
1588 4267 1645 4344 qui
1671 4283 1738 4328 non

76 4364 220 4442 jurium,
247 4363 281 4424 et
306 4362 481 4433 incestum,
510 4377 571 4424 nec
597 4377 664 4422 non
686 4361 835 4438 rapinae,
851 4363 884 4422 et
937 4360 1008 4422 vult
1022 4363 1161 4422 mortem
1177 4363 1373 4437 peccatoris,
1397 4364 1454 4424 sed
1471 4365 1579 4441 potius
1600 4367 1637 4427 ut
1657 4381 1739 4427 con-

80 4460 234 4539 quaedam
249 4459 317 4522 alia
340 4458 462 4520 dudum
478 4475 498 4520 a
513 4457 610 4520 nobis
625 4459 660 4521 et
674 4459 882 4536 postmodum
936 4460 1087 4521 vertatur
1101 4461 1134 4522 et
1148 4460 1248 4532 vivat,
1270 4477 1371 4538 quum
1391 4465 1499 4539 majus
1514 4461 1673 4537 gaudium
1694 4464 1738 4526 sit

79 4563 158 4632 ate,
175 4559 279 4621 irater
292 4561 429 4634 Regem,
448 4558 480 4618 et
502 4556 599 4618 bonae
621 4556 790 4620 memoriae
811 4573 883 4618 ma·
937 4558 1066 4634 angelis
1082 4557 1141 4620 Dei
1168 4573 1268 4634 super
1291 4574 1357 4619 uno
1381 4561 1556 4635 peccatore
1579 4561 1740 4636 poeniten·

79 4658 187 4734 gistro
209 4657 332 4718 Milone
357 4654 488 4717 notamo
504 4657 630 4724 nostro,
646 4655 725 4716 tunc
741 4657 884 4732 Aposto-
937 4655 1017 4716 tiam
1040 4657 1170 4732 agente,
1185 4671 1284 4733 quam
1306 4671 1407 4732 supra
1421 4657 1603 4734 nonaginta
1617 4673 1737 4720 norem

79 4757 158 4816 licae
174 4755 268 4817 Sedis
284 4753 413 4830 legatis,
434 4753 741 4814 excommunicatus
755 4754 881 4816 extite-
932 4754 1052 4830 justos,
1066 4753 1167 4830 quise
1177 4753 1317 4816 eredunt
1329 4754 1524 4830 penitentia
1540 4771 1608 4817 non
1622 4771 1732 4833 egere,

79 4855 138 4925 rit,
156 4853 224 4915 tam
249 4852 385 4914 civitate
407 4850 591 4912 Massilien.
610 4867 711 4928 qnam
725 4852 882 4914 universa
937 4850 1059 4928 dejam
1081 4850 1160 4912 dicti
1181 4851 1433 4928 spondentia
1455 4853 1654 4928 exultantes
1680 4855 1737 4934 qui

79 4954 174 5014 terra
199 4951 305 5028 ipsius
329 4948 557 5011 ecclesiastico
580 4949 752 5026 supposita
773 4949 882 5011 inter·
936 4948 994 5010 diu
1025 4947 1135 5010 luerat
1162 4948 1198 5009 in
1232 4949 1437 5012 vanitatibus
1465 4952 1582 5014 saeculi
1609 4969 1736 5030 evaga-

79 5051 184 5120 dicto,
200 5065 283 5110 sano
305 5048 438 5109 tandmn
462 5046 748 5120 ductusoonsilio,
765 5051 803 5109 A.
820 5064 882 5108 no·
936 5049 1008 5119 tus,
1033 5046 1220 5108 venerabili
1248 5046 1344 5109 iratri
1370 5045 1522 5111 nostro...
1551 5050 1739 5129 archiepis-

79 5148 143 5209 bili
172 5147 311 5210 muliere
346 5145 508 5216 dimissa,
543 5147 704 5222 rejectum
732 5145 882 5207 habitum
937 5159 1020 5222 copo
1042 5145 1155 5206 Pisan.
1176 5145 1327 5207 dedimus
1349 5146 1383 5208 in
1408 5148 1585 5223 mandatis,
1612 5151 1648 5211 ut
1672 5149 1737 5226 ipsi

80 5244 340 5320 reassumpserit
354 5243 528 5304 humiliter
542 5244 575 5304 et
590 5242 717 5314 devote,
739 5258 778 5304 ac
803 5245 880 5316 ate,
933 5243 1031 5320 juxta
1046 5241 1186 5304 formam
1209 5244 1365 5306 Ecclesiae
1384 5245 1583 5308 beneficium
1602 5246 1739 5308 absolu-

82 5343 190 5406 lrater
204 5342 334 5404 Uticen.
349 5339 714 5413 excommunicationis,
729 5342 763 5402 et
777 5339 883 5403 inter·
936 5341 1039 5403 tionis
1053 5341 1223 5419 impendat
1237 5343 1271 5404 et
1284 5343 1437 5420 injungat
1452 5344 1570 5417 eidem,
1588 5346 1624 5407 nt
1638 5361 1737 5408 man-

79 5441 162 5504 dicti
178 5439 361 5501 sententias
376 5437 512 5515 petierit
526 5436 684 5510 relaxari,
695 5437 881 5502 sul'liciente
938 5439 1023 5501 datis
1052 5439 1175 5502 nostris
1199 5439 1371 5503 humiliter
1385 5443 1511 5519 pareat,
1538 5459 1611 5519 quae
1638 5461 1739 5522 super

79 5539 123 5602 ab
140 5537 535 5618 ipsocautionerecepta‚
552 5536 736 5598 incivitate
755 5537 881 5598 Massi·
937 5536 1105 5616 praedictis
1129 5539 1199 5617 ¹ipsi
1235 5539 1398 5600 duxeritis
1433 5540 1597 5602 iacienda.
1632 5543 1737 5606 Porro

80 5639 162 5700 lien.
190 5636 351 5697 relaxasti
373 5635 573 5696 sententiam
586 5633 755 5706 antedicti,
771 5635 878 5697 eidem
937 5652 1039 5714 super
1066 5637 1258 5712 patrimonii
1292 5636 1343 5698 sui
1373 5652 1469 5710 cura,
1502 5638 1550 5700 ita
1581 5638 1738 5702 duximus

81 5740 122 5800 R.
138 5734 276 5798 tirmiter
297 5732 513 5812 injungendo,
530 5733 566 5794 ut
580 5731 737 5810 seipsum
751 5733 804 5797 vel
820 5751 881 5812 per
937 5751 983 5797 en
994 5733 1199 5810 benignitate
1218 5733 1408 5812 apostolica
1430 5735 1686 5812 providendum,
1705 5740 1739 5802 ut
