3994 6326
305 283 363 344 703

763 389 779 414 δ

345 443 453 514 Quum
464 441 561 518 juxta
574 439 763 502 sanctiones
778 436 967 508 canonicas,
978 434 1102 497 aliena·

303 541 411 601 tiones
438 541 471 600 et
495 535 730 614 dispositiones
758 549 870 594 rerum
894 532 1101 594 ecclesiasti-

305 651 434 706 carum,
463 650 536 712 quae
563 634 646 694 liunt
671 631 851 710 aliquando
881 629 923 692 ab
952 628 1100 700 intrusis,

929 273 1105 336 IIONORII
1127 273 1171 334 III
1194 271 1342 332 OPERA.

1527 434 1587 521 CC

1157 584 1208 642 Ad
1217 579 1426 658 magistrum
1439 578 1472 638 ct
1480 577 1615 651 fratres
1629 577 1912 650 cneocaesarea

1336 679 1463 738 Marco
1478 675 1770 736 Tdeutontcorum.

306 733 430 794 nullius
450 731 583 810 penitus
610 731 677 793 sint
700 729 868 800 momenti,
892 728 925 790 et
942 727 1101 804 reprobus
1548 797 1553 810 Ι

305 830 538 890 walderamus
570 828 674 889 multa
712 827 753 888 de
782 826 879 888 honis
910 824 1102 887 Bremensis
1347 903 1353 914 .
1448 795 1669 912 ΜΡΝ-Ψ·

306 926 455 987 ecclesiae
471 925 636 1004 alienasse
652 925 793 995 dicatur,
810 923 1024 1001 praesentium
1043 937 1104 984 rc-
1280 895 1409 970 [sternes
1421 904 1488 954 ⁸⁰¹¹·
1499 903 1643 966 ¹¹⁰¹¹⁸²¹¹³b
1653 903 1673 962 ¹³
1687 902 1726 960 ¹²·
1738 917 1763 952 ¹¹·
1774 902 1821 964 Ἃ]

305 1020 356 1084 bis
379 1021 575 1084 auctoritate
598 1022 805 1092 mandamus,
828 1021 990 1096 quatenus
1005 1018 1103 1096 quid·
1156 1011 1308 1071 Concessio
1334 1008 1510 1068 decimarum
1536 1010 1566 1067 in
1584 1016 1657 1066 terra
1670 1011 1757 1066 Borza
1770 1008 1914 1083 abepiscopo

305 1121 382 1198 quid
401 1120 442 1181 ab
459 1120 574 1182 eodem
589 1119 801 1180 Walderamo
816 1117 1012 1180 intrusionis
1032 1133 1101 1179 suae
1316 1097 1587 1158 Tf³⁰⁵I¹V³¹¹⁰s⁸⁰¹³
1599 1097 1789 1154 ⁰0⁰filffl³²¹¹f·

305 1219 453 1295 tempore
476 1217 669 1289 alienatum,
695 1215 901 1277 infeudatum
923 1231 981 1276 scu
1004 1213 1103 1291 impi—
1197 1207 1364 1270 Honorius
1379 1206 1554 1284 episcopus
1569 1207 1914 1277 servnsserrorumltei,

306 1318 481 1391 gneratum
506 1329 580 1375 esse
606 1313 801 1385 constiterit,
828 1311 868 1374 ad
886 1313 942 1389 jus
967 1313 1000 1374 et
1024 1327 1104 1388 pro·
1157 1304 1288 1368 dilectis
1312 1304 1429 1366 tiliis...
1460 1303 1629 1380 magistris
1651 1301 1844 1364 etiratribus
1857 1303 1914 1363 hos-

306 1413 480 1489 prieiatem
499 1410 650 1472 ecclesiae
671 1411 880 1486 supradictae,
904 1409 1033 1471 sublato
1049 1425 1102 1470 cu·
1157 1403 1270 1480 pitulis
1285 1403 1415 1464 Sanctae
1430 1401 1547 1463 Mariae
1560 1401 1834 1462 'theutonicorum
1845 1402 1916 1461 lerc-

302 1493 441 1586 juslihet
477 1507 750 1570 contradictionis
795 1508 829 1568 et
869 1507 1101 1584 appellationis
1158 1500 1359 1578 solymitani,
1387 1499 1529 1562 salutem
1552 1499 1584 1560 et
1612 1497 1824 1575 apostolicam
1842 1496 1918 1558 benc

306 1605 491 1676 obstacula
523 1605 670 1680 legitime
704 1604 883 1676 revocetis,
915 1603 1103 1666 contradic-
1157 1591 1346 1660 dictionem.

304 1704 393 1764 tores
419 1718 478 1780 per
505 1717 680 1764 censuram
714 1701 976 1763 ecclesiasticam
1007 1717 1101 1761 com-

306 1799 479 1876 pescendo.
494 1799 586 1871 Quod
602 1799 630 1859 si
646 1814 713 1859 non
732 1814 848 1860 omncs
864 1799 906 1859 iis
922 1813 1104 1875 exsequen-

306 1896 355 1956 dis
370 1895 544 1974 potueritis
559 1895 734 1967 interesse,
761 1895 797 1956 tu
812 1895 915 1957 irater
936 1895 1101 1972 episcope,

307 2010 381 2053 cnm
410 2008 525 2054 eorum
558 1993 664 2054 altero
693 2007 733 2054 ea
760 1992 978 2054 nihilominus
1006 2008 1104 2054 exse·-

306 2089 431 2166 queris.

347 2187 466 2248 Datum
491 2187 660 2260 Laterani,
681 2189 712 2249 11
729 2187 804 2248 idus
824 2187 953 2264 aprilis,
970 2185 1105 2264 pontiti-

306 2285 400 2345 catus
415 2284 521 2346 nostri
535 2301 623 2346 annc
639 2284 795 2346 secunde.

606 2434 802 2522 CXCVIII

319 2571 371 2628 Ad
380 2569 609 2642 propositum
621 2569 655 2629 et
669 2571 838 2630 decertum
851 2571 1088 2630 bremensem.

594 2681 627 2738 la
642 2681 722 2753 april.
736 2682 814 2738 lilii.

388 2785 574 2850 [Lappenherg
587 2785 796 2849 llamburglsches
805 2785 1019 2842 urkundenbuch,

618 2869 638 2914 t.
655 2865 674 2924 1,
691 2880 717 2930 p.
728 2865 797 2930 eei]

306 2960 436 3031 inhibet,
457 2976 494 3019 nc
518 2959 750 3034 archlepimopus
776 2963 938 3020 bremensis
960 2962 1100 3032 decimas,

341 3051 480 3108 cometiae
503 3058 532 3108 et
560 3049 724 3108 advocatias
753 3049 789 3107 ad
804 3051 933 3123 ejusdem
950 3053 1102 3110 ecclesiam

340 3139 517 3213 pertinentes
527 3139 611 3197 alicui
622 3139 750 3212 assignet
765 3140 794 3196 in
809 3137 959 3197 lendum...

346 3247 514 3308 HonorIus
549 3246 744 3324 episcopus,
779 3264 896 3308 servus
930 3263 1103 3311 servorum

305 3345 376 3412 Dei,
393 3343 524 3404 dilectis
544 3343 622 3405 liliis
645 3345 833 3421 preposito,
854 3345 980 3406 decano
999 3349 1032 3407 et
1046 3361 1104 3406 ca-

305 3441 411 3518 pitulo
420 3440 603 3512 Bremensi,
618 3442 758 3503 salutem
769 3444 802 3503 et
813 3442 1029 3518 apostolicam
1044 3440 1103 3503 he-

305 3538 539 3600 nedictionem.

346 3634 1102 3712 Qunminmultisvestrasitcoliapsaecclesia

305 3749 365 3810 per
387 3732 564 3810 reprobum
585 3732 851 3806 waldemarum,
878 3749 938 3794 nos
962 3735 1102 3810 paterna

304 3830 453 3891 volentes
468 3831 575 3891 eidem
585 3829 809 3892 sollicitudIne
822 3830 1009 3906 providere,
1027 3846 1103 3892 auc·

242 3987 244 3992 ,
304 3927 438 3988 toritate
455 3927 668 4003 praesentium
686 3928 811 3988 vestris
826 3928 978 3989 inclinati
993 3927 1103 4004 preci-

305 4022 366 4084 bus
391 4023 590 4097 inhibemus,
618 4041 660 4084 ne
681 4021 952 4102 archiepiscopus
978 4026 1099 4097 vester,

306 4120 362 4196 qui
382 4135 442 4196 pro
467 4121 615 4197 tempore
630 4120 741 4192 luerit,
757 4121 913 4194 decimas,
930 4123 1099 4195 cometiae,

306 4220 339 4278 et
352 4217 542 4278 advocatias
553 4218 594 4278 ad
609 4217 802 4295 praedIctam
814 4219 989 4281 ecclesiam
999 4221 1103 4297 perli-

305 4315 433 4386 nentes,
450 4331 550 4392 quum
565 4331 623 4376 eas
639 4331 759 4377 vacare
773 4317 960 4392 contigerit,
972 4317 1102 4379 indam·

305 4429 384 4473 num
397 4411 502 4489 ipsius
516 4412 667 4474 ecclesiae
692 4412 795 4474 alicui
809 4414 958 4490 assignet
971 4415 1012 4475 ad
1028 4412 1103 4476 leu-

304 4507 396 4584 dum;
420 4507 513 4569 vobis
544 4508 771 4579 ¹nihilominus
805 4509 1032 4586 indulgentes,
1065 4514 1101 4572 ut

304 4605 449 4666 decimas
468 4605 508 4666 ad
529 4606 705 4668 ecclesiam
732 4609 918 4685 spectantes
939 4607 1099 4680 eamdem,

303 4703 407 4765 libere
434 4703 569 4780 possitis
584 4704 749 4766 redimere
767 4704 808 4764 de
829 4704 982 4767 manibus
1004 4705 1102 4766 laico-

303 4816 388 4861 rum.
404 4803 521 4862 Datum
534 4801 701 4873 Laterani,
716 4804 745 4862 ll
761 4802 836 4863 idus
846 4801 973 4879 aprilis,
991 4803 1102 4880 ponti-

303 4897 421 4960 ficatus
436 4899 542 4960 nostri
557 4915 644 4960 anno
660 4899 814 4961 secundo.

627 5048 779 5136 CXCIX

450 5183 503 5244 Ad
517 5183 704 5256 capitutum
713 5186 950 5246 Bremcnscm.

508 5295 585 5370 (Sino
597 5299 664 5352 cote
682 5296 900 5369 chronologico.)

287 5395 290 5402 ’
356 5399 460 5462 [Quinta
471 5401 634 5466 compilatio,
646 5399 691 5450 lib.
705 5401 724 5456 I,
739 5401 779 5450 tit.
793 5401 837 5460 IX,
848 5416 902 5466 cap.
915 5401 938 5461 l,
951 5399 1050 5452 Acabis

624 5489 774 5551 humilitas]

344 5585 441 5666 (Vide
454 5591 478 5649 t.
493 5590 518 5660 l,
535 5589 633 5668 thus
649 5589 741 5663 edit,
758 5589 822 5651 col.
842 5588 926 5668 150.)

1199 1697 1334 1766 Quuma
1347 1689 1442 1756 nobis
1454 1689 1588 1771 petitur,
1603 1691 1692 1754 etc...
1709 1707 1812 1766 usone
1822 1708 1831 1750 :
1842 1691 1918 1752 eicc-

1156 1792 1237 1853 tnm.
1261 1793 1368 1864 Quum
1382 1789 1485 1866 igitur
1499 1789 1703 1851 venerahilis
1723 1787 1821 1850 irater
1836 1791 1919 1848 noster

1158 1891 1211 1950 W.
1240 1887 1484 1950 Uitrasilvanus
1518 1886 1713 1963 episcopus,
1743 1885 1919 1947 considerans

1158 1985 1306 2064 pericula
1330 1985 1363 2046 et
1389 1983 1531 2055 labores,
1549 1999 1630 2060 quos
1645 1984 1771 2044 terram
1791 1981 1828 2042 dc
1844 1983 1919 2042 Bona

1158 2100 1297 2145 vacuam
1310 2083 1343 2144 et
1357 2081 1575 2144 inhabitatam
1590 2080 1686 2143 robis
1702 2080 1886 2142 acarissimc
1897 2079 1919 2137 in

1158 2181 1289 2242 Christo
1308 2179 1377 2242 tillo
1388 2179 1504 2240 nostro
1522 2178 1654 2240 Andrea
1670 2193 1752 2255 rege
1776 2180 1919 2252 Hungarc·

1158 2291 1232 2340 rum
1247 2273 1380 2349 illustri,
1395 2269 1437 2338 ad
1463 2278 1559 2354 cujus
1583 2275 1768 2337 dominium
1789 2275 1920 2352 pertinere

1159 2374 1375 2452 dignoscitur,
1388 2374 1481 2452 regia
1494 2372 1696 2435 liberalitate
1711 2367 1865 2442 collatam,
1877 2371 1919 2429 de-

1159 2473 1321 2534 fendendo
1338 2488 1357 2533 a
1373 2487 1579 2549 paganorum
1594 2470 1786 2532 incursibus
1805 2469 1919 2529 sustine·

1158 2567 1211 2641 tis,
1228 2563 1374 2631 decimas
1388 2566 1493 2646 ipsius
1504 2569 1602 2629 terrae
1613 2566 1656 2629 ab
1666 2570 1741 2644 eJus
1755 2565 1862 2626 incolis
1873 2567 1918 2623 tan

1159 2666 1278 2729 suturis
1319 2682 1418 2744 quam
1455 2663 1676 2743 praesentibus
1718 2661 1919 2725 exsolvendas.

1159 2779 1287 2825 necnon
1323 2764 1356 2825 et
1392 2763 1550 2824 ecclesias
1584 2759 1798 2822 aedificandas
1830 2756 1920 2819 ibidcn

1158 2861 1270 2923 domui
1283 2861 1403 2922 restrae
1416 2860 1456 2921 de
1472 2874 1637 2920 consensu
1653 2857 1792 2934 capitu-li
1808 2855 1852 2915 sni
1865 2869 1922 2914 con-

1158 2955 1308 3029 cesserit,
1319 2957 1457 3019 decimIs
1470 2953 1706 3032 ilungarornm
1718 2953 1920 3018 etSIculorun,

1159 3056 1187 3117 si
1207 3072 1263 3118 eos
1285 3055 1465 3117 addictam
1482 3057 1605 3116 terram
1627 3052 1776 3115 transire
1790 3051 1922 3124 continge

1158 3150 1268 3225 rotet
1292 3149 1549 3231 praesentatione
1567 3167 1587 3212 a
1602 3151 1699 3213 vobis
1722 3150 1763 3212 dc
1783 3147 1920 3227 presbytc-

1158 3252 1206 3310 ris
1222 3250 1436 3314 instituendis
1451 3251 1486 3312 in
1509 3250 1592 3327 ipsis
1614 3247 1770 3310 ecclesiis
1790 3242 1919 3310 iacienda,

1158 3363 1287 3408 necnon
1293 3347 1509 3425 juridlctione
1524 3362 1703 3408 causarum
1717 3343 1919 3408 criminalium.

1158 3462 1232 3523 quae
1242 3445 1283 3505 ad
1297 3444 1544 3506 destitutionem
1553 3443 1724 3521 pertinent
1736 3440 1920 3504 sacerdotum,

1158 3542 1391 3619 procuratione
1406 3557 1535 3619 quoque
1546 3543 1643 3618 juxta
1663 3541 1803 3602 sormam
1817 3533 1924 3598 canoni·

1157 3655 1229 3700 cam
1245 3639 1426 3709 moderata,
1441 3639 1471 3699 si
1485 3638 1612 3699 eumad
1628 3638 1741 3715 partes
1755 3636 1827 3698 illas
1837 3631 1923 3693 renim

1158 3737 1376 3811 contingeret,
1394 3735 1458 3796 sibi
1482 3751 1522 3797 ac
1545 3735 1616 3796 suis
1634 3727 1922 3796 'successorihusre-

1158 3829 1298 3895 servatis
1316 3854 1323 3893 :
1340 3849 1401 3894 nos
1420 3833 1541 3894 vestris
1561 3833 1663 3909 justis
1687 3830 1835 3909 precibus
1848 3823 1922 3887 incli-

1158 3929 1239 4002 nati,
1256 3929 1506 3990 concessionem
1529 3928 1646 4004 ipsam,
1663 3928 1753 3988 sicut
1766 3924 1854 4003 pieet
1865 3934 1923 3997 pro·

1156 4025 1232 4086 vide
1256 4025 1342 4087 iacta
1359 4026 1420 4098 est,
1437 4027 1470 4088 et
1493 4027 1527 4086 in
1542 4024 1648 4101 ipsius
1668 4023 1815 4100 episcopi
1832 4014 1922 4080 luteris

1158 4139 1259 4200 super
1280 4123 1343 4185 hoc
1358 4121 1455 4186 lactis
1470 4121 1601 4200 plenius
1620 4123 1817 4191 continetur,
1828 4119 1920 4178 aucto-

1157 4221 1255 4284 ritate
1269 4220 1460 4298 apostolica
1480 4220 1716 4281 confirmamus
1732 4219 1765 4280 et
1777 4209 1921 4294 prasentls

1156 4319 1273 4395 scripti
1306 4318 1491 4396 patrocinio
1516 4317 1770 4378 communimus.
1808 4317 1922 4384 Quarun

1156 4419 1306 4477 tenorem
1327 4414 1369 4476 ad
1394 4419 1554 4492 majorem
1581 4414 1772 4475 firmitatem
1791 4407 1922 4488 jussimus

1156 4514 1196 4574 de
1211 4512 1313 4575 verbo
1328 4513 1369 4574 ad
1389 4513 1527 4574 verbum
1540 4511 1762 4590 praesentibus
1781 4501 1922 4569 annotari:

1196 4611 1249 4671 W.
1275 4609 1335 4672 Dei
1359 4610 1467 4686 gratie
1496 4610 1739 4670 Transilvanus
1768 4605 1921 4684 episcopus

1156 4707 1322 4769 universis
1338 4706 1378 4768 ad
1395 4723 1477 4785 quos
1494 4706 1612 4768 litterae
1632 4705 1811 4784 praesenies
1830 4711 1922 4778 porre-

1156 4805 1278 4878 nerint,
1293 4806 1434 4866 salutem
1458 4805 1492 4866 in
1512 4821 1592 4866 vero
1612 4803 1763 4866 salutari.
1793 4795 1921 4873 Quoniam

1157 4903 1246 4964 viros
1268 4903 1443 4979 religiosos
1467 4906 1500 4964 et
1525 4903 1588 4964 soli
1611 4905 1678 4964 Deo
1712 4899 1879 4962 militantes
1897 4891 1921 4948 in

1156 5004 1312 5080 amplexu
1324 5001 1486 5073 caritatis
1501 5001 1588 5062 sicut
1597 5003 1725 5076 justum
1734 5000 1784 5060 est
1793 4998 1823 5058 et
1834 4996 1921 5054 lones·

1156 5102 1236 5173 tum,
1251 5115 1368 5176 regere
1386 5099 1539 5160 volumus
1559 5098 1593 5159 et
1606 5097 1717 5158 fovere
1735 5119 1742 5156 :
1759 5095 1829 5156 ideo
1843 5085 1918 5166 justo

1156 5196 1433 5275 postulationibus
1459 5197 1599 5257 fratrum
1623 5193 1797 5270 hospitalis
1822 5183 1921 5250 Sancta

1155 5296 1270 5357 Mariae
1283 5295 1318 5356 in
1330 5293 1562 5370 Hierosolyma
1576 5291 1724 5353 dedomo
1737 5281 1922 5350 Theutcnico

1154 5381 1228 5454 rnn'r
1250 5392 1445 5463 annuentes,
1465 5393 1500 5452 in
1521 5391 1622 5462 terra,
1639 5405 1711 5467 qnae
1734 5390 1835 5449 Borza
1853 5393 1920 5440 nuu-

1155 5491 1304 5569 cupatur,
1333 5506 1431 5568 quarn
1450 5504 1590 5550 vacuam
1604 5490 1637 5548 et
1663 5483 1869 5547 inhabitatam
1891 5485 1921 5532 ci

1155 5589 1242 5665 regis
1253 5588 1444 5660 donatione,
1460 5587 1563 5648 immo
1588 5586 1696 5663 potins
1715 5581 1843 5661 proprio
1859 5588 1920 5635 sm-
