3982 6302
129 331 187 396 357

125 492 301 577 justorum,
332 492 555 556 damnationis
581 495 615 557 et
639 493 832 570 ignominiae
860 494 929 556 ini-

128 605 278 667 quorum,
308 591 495 653 dulcedinis
517 592 563 654 et
589 592 715 654 amoris
746 593 926 669 justorum.

130 691 372 751 Remuneratur
385 693 495 752 autem
511 690 642 767 justitia
656 691 766 766 operis
783 693 816 753 et
830 691 929 767 puri·

129 787 178 847 tas
191 785 314 847 cordis.

169 883 296 945 Redeat
323 883 464 962 quisque
487 884 529 947 ad
553 884 792 947 conscientiam
817 899 923 946 suam.

130 981 201 1053 Sed,
216 995 309 1042 oros
321 983 524 1059 peccatores,
536 983 641 1044 redite
651 982 693 1044 ad
709 999 784 1058 cor3
799 983 928 1060 quaerat

130 1078 356 1155 unusquisque
372 1079 517 1141 latebras
537 1080 776 1156 cogitationum
790 1095 926 1143 suarum

130 1179 161 1237 et
171 1177 294 1238 seriam
311 1175 473 1239 factorum
490 1194 638 1252 suorum,
661 1194 728 1242 non
743 1179 822 1256 quid
839 1179 926 1240 sitsi

126 1276 194 1351 jam
204 1274 330 1352 aliquid
337 1277 398 1347 est,
411 1275 468 1337 sed
478 1277 535 1355 qui
544 1276 924 1355 fuoritutessetaliquid,

115 1355 320 1434 'etinveniet
333 1388 400 1436 non
417 1388 452 1434 se
466 1373 604 1449 dignum
617 1375 683 1436 nisi
695 1375 869 1452 supplicio.
887 1375 924 1436 Si

130 1485 206 1544 ergo
232 1469 396 1546 supplicio
417 1469 537 1547 dignus
560 1471 653 1534 fuisti
675 1472 709 1534 et
733 1473 926 1534 misericors

128 1567 213 1626 Deus
226 1582 293 1627 non
303 1565 433 1643 punivit
440 1568 623 1645 peccatum,
636 1568 694 1630 sed
704 1569 841 1631 donavit
851 1585 926 1644 gra·

128 1663 220 1736 fiam,
230 1663 338 1739 gratia
346 1663 407 1725 tibi
417 1664 493 1727 data
501 1667 562 1737 est,
574 1666 924 1728 nonmercesraddita.

129 1760 223 1821 Unde
239 1762 380 1822 vocatur
398 1762 518 1837 gratia,
532 1763 611 1840 quia
622 1763 727 1839 gratis
741 1763 828 1826 data.
850 1765 924 1826 Non

127 1856 215 1918 enim
228 1857 491 1935 praecedentibus
500 1861 628 1922 meritis
638 1861 749 1922 emisti
761 1860 849 1938 quod
862 1875 924 1923 ac-

127 1955 255 2030 cepisti,
282 1955 341 2018 sed
363 1971 423 2033 per
445 1956 625 2019 indebitam
651 1959 792 2035 gratiam
819 1958 925 2020 bonus

126 2051 214 2114 Deus
224 2052 285 2114 tibi
295 2053 432 2115 donavit
444 2054 502 2131 qui
516 2053 603 2116 dona
615 2071 675 2116 sua
688 2055 723 2116 iu
733 2056 766 2118 te
779 2071 925 2118 corona-

126 2151 184 2212 rit.
199 2151 344 2212 Coronat
358 2151 449 2212 enim
470 2153 558 2212 Deus
572 2152 607 2212 in
620 2151 716 2214 nobis
729 2153 815 2215 dona
830 2152 927 2216 mise-

127 2247 379 2321 Scordiscus,
398 2249 427 2308 si
445 2250 557 2311 tamen
571 2249 607 2310 in
625 2251 735 2325 gratia
750 2267 850 2328 quam
868 2267 927 2312 ac-

126 2345 296 2422 cepimus,
340 2349 594 2423 perseveranter
631 2346 924 2410 ambulaverimus.

127 2444 221 2505 Unde
242 2443 441 2519 Apostolus:
463 2445 587 2506 (iratis
602 2448 666 2507 Det
688 2448 725 2508 iri
740 2461 796 2508 me
813 2462 926 2508 vacua

126 2556 195 2603 uon
212 2543 281 2616 ficit
300 2539 330 2619 (Ι
353 2543 427 2604 Gor.
444 2557 499 2615 xv,
524 2539 587 2621 10).
606 2543 712 2606 Nemo
730 2545 819 2605 enim
843 2545 924 2606 mit-

126 2638 198 2699 tens
213 2653 349 2700 manum
364 2637 404 2700 ad
420 2639 567 2700 aratrum
582 2640 617 2701 θῖ
632 2640 816 2717 respiciens
835 2643 924 2703 retro

2 2759 3 2767 ¹
127 2737 223 2812 aptus
248 2737 299 2796 est
323 2751 426 2812 regno
444 2735 516 2810 Dei,
541 2721 610 2798 sed
625 2737 683 2815 qui
702 2738 923 2815 posteriorum

128 2831 250 2894 oblitus
265 2832 300 2893 in
309 2832 478 2894 anteriora
491 2849 527 2894 se
538 2834 692 2907 ostendit,
708 2837 742 2897 et
753 2836 810 2913 qui
821 2837 925 2899 multa

129 2929 205 2992 fecit
219 2930 313 2990 nulla
327 2929 447 2991 fecisse
461 2930 525 2992 sibi
540 2931 702 3004 rideatur,
719 2935 802 2995 etse
817 2934 923 2998 inuti-

127 3026 190 3088 lem
206 3043 340 3089 servum
355 3028 486 3105 reputet
498 3028 678 3090 secundum
689 3030 772 3091 illud
787 3047 794 3086 ε
810 3048 828 3090 s
843 3033 924 3092 Cum

128 3125 239 3186 omnia
271 3120 505 3187 benefeceritis
528 3125 640 3195 dicite,
667 3127 757 3190 servi
786 3127 924 3192 inutiles

129 3237 252 3295 sumus,
262 3222 350 3300 quod
360 3223 532 3286 debuimus
545 3223 655 3286 facere
670 3240 730 3286 nos
745 3223 924 3288 fecimus.»

130 3317 220 3397 (buc.
242 3335 326 3392 xvu,
355 3319 421 3401 10.)
441 3322 516 3382 Non
541 3321 630 3383 enim
655 3325 733 3384 suni
751 3323 923 3400 condignae

128 3417 300 3492 passiones
322 3417 421 3495 buJus
442 3419 602 3495 temporis
623 3418 665 3480 ad
685 3419 831 3482 futuram
851 3422 926 3497 glo-

126 3512 221 3574 riam.
242 3515 349 3576 Nemo
367 3513 470 3590 igitur
493 3516 597 3592 jactet
614 3517 732 3578 marita
761 3533 837 3594 sua;
858 3521 924 3580 non

62 3613 66 3624 “
127 3611 341 3688 supercilium
358 3627 471 3673 sumas
491 3611 532 3673 de
551 3612 754 3690 perfectione
771 3615 840 3687 tua,
855 3615 923 3676 sed

2 3739 3 3770 r
127 3709 247 3784 quanto
272 3710 391 3782 major,
417 3709 512 3782 idest,
538 3710 716 3788 perfectior
742 3729 790 3784 es,
814 3712 926 3774 bumi-

125 3803 170 3866 lia
189 3805 223 3868 te
237 3806 275 3866 in
291 3806 462 3881 omnibus3
479 3807 650 3870 humilitas
670 3809 759 3870 enim
780 3811 832 3871 est
847 3825 925 3887 per-

124 3899 280 3964 fectionis
294 3903 440 3966 alumna.

164 3999 259 4062 Unde
274 4000 316 4061 ad
330 4016 403 4062 eam
414 4017 474 4064 nos
487 4002 676 4078 specialiter
689 4003 922 4067 admonetDo·

123 4097 246 4170 minus,
258 4097 373 4160 diceus
388 4121 395 4158 :
411 4101 540 4161 Discite
550 4115 573 4162 a
584 4105 728 4174 macuta
737 4104 833 4164 mitis
845 4119 924 4166 sum

311 331 428 395 xxxi.
446 361 487 378 -
510 329 554 396 ΙΝ
578 333 707 396 FESTO
730 331 1036 398 GONFESSORUM
1059 335 1302 400 SUMMORUM
1325 335 1594 399 PONTIFICUM.

1717 341 1778 402 358

983 496 1075 556 ctiam
1093 497 1204 557 laudis
1227 497 1463 569 honorificabit
1476 511 1543 560 ma.
1569 497 1644 558 Non
1659 499 1778 575 quaerit

984 592 1142 654 Dominus
1155 593 1313 654 animalia
1328 594 1385 654 illa
1402 607 1474 670 quae
1495 594 1721 656 offerebantur
1734 597 1775 658 ad

984 704 1060 750 aras
1075 690 1264 766 aliquando.
1290 691 1345 752 Nil
1367 691 1433 752 tale
1459 691 1593 754 offeras.
1611 694 1649 754 In
1670 693 1702 754 te
1728 696 1779 755 θεῖ

983 786 1069 862 quod
1083 786 1203 848 reddas
1219 790 1253 848 et
1266 787 1398 848 offeras.
1420 791 1467 850 De
1490 789 1600 851 cordis
1621 803 1680 850 ara
1695 805 1777 867 pro-

983 883 1049 944 fers
1060 883 1169 946 laudis
1179 885 1362 946 incensum.
1372 886 1564 948 Decellario
1574 886 1779 950 bonaecons-

983 981 1113 1043 cientis
1122 981 1257 1059 profers
1280 982 1358 1045 fidei
1376 983 1587 1044 sacrificium.
1614 985 1778 1062 Quidquid

982 1078 1130 1156 profers,
1156 1081 1302 1142 accende
1330 1080 1545 1154 charitatem,
1571 1098 1646 1144 ama
1674 1085 1778 1144 Deum

981 1179 1085 1249 tuum,
1103 1193 1200 1240 nemo
1215 1177 1276 1240 tibi
1289 1177 1352 1240 boc
1367 1177 1476 1255 eripit,
1488 1179 1567 1256 quia
1581 1180 1617 1241 tu
1627 1180 1711 1242 illud
1726 1197 1773 1252 es,

982 1290 1079 1336 nemo
1092 1275 1213 1348 aufert,
1230 1276 1308 1353 quia
1322 1276 1412 1338 cordi
1427 1275 1593 1336 inclusum
1605 1278 1665 1340 θεῖ.

1020 1371 1070 1434 Ad
1082 1373 1172 1434 bunc
1193 1373 1327 1435 modum
1341 1373 1460 1449 vigilat
1474 1373 1506 1435 et
1526 1375 1668 1450 vigilare
1682 1373 1779 1438 debet

981 1467 1091 1538 bomo,¹
1121 1469 1267 1530 manime
1296 1469 1484 1532 sacerdotes
1510 1471 1544 1534 θῖ
1571 1471 1697 1542 clerici,
1722 1471 1780 1549 qui

981 1567 1066 1628 alios
1078 1565 1191 1628 subse
1208 1567 1340 1630 babent.
1356 1569 1434 1640 Quoe
1449 1568 1538 1628 enim
1552 1571 1661 1646 major
1674 1570 1779 1630 misa-

981 1663 1126 1724 ricordia
1148 1665 1206 1726 aut
1227 1664 1345 1741 pietas,
1362 1664 1606 1742 quamanimae
1626 1666 1777 1728 morien-

980 1760 1063 1821 tium
1090 1761 1297 1823 subditorum
1330 1762 1524 1832 vivificare,
1554 1763 1706 1824 errantes
1736 1763 1779 1824 ad

980 1858 1071 1918 viam
1082 1860 1220 1937 justitian
1233 1860 1403 1932 reducere,
1418 1859 1542 1923 fractos
1554 1860 1775 1944 consolidare,

981 1957 1115 2018 moestos
1131 1959 1164 2020 et
1186 1972 1351 2035 pauperes
1375 1958 1561 2020 consulerit
1587 1958 1776 2020 Sacerdotis

981 2051 1127 2114 officium
1142 2056 1194 2116 est
1208 2055 1351 2117 bostiam
1365 2055 1486 2116 offerre
1500 2057 1581 2125 Deo,
1597 2056 1779 2118 secundum

980 2147 1120 2212 verbum
1134 2152 1284 2228 Apostoli
1299 2150 1439 2214 dicentis
1457 2172 1464 2212 ε
1482 2153 1600 2214 Omnis
1616 2154 1778 2228 poutitcee

980 2261 1027 2308 aar
1039 2251 1233 2310 hominibus
1242 2250 1442 2324 assumptus
1453 2249 1677 2310 constituitur
1689 2253 1725 2310 ic
1736 2253 1779 2312 its

980 2357 1056 2418 ᾳῖιίθ
1067 2347 1150 2406 sumt
1161 2349 1205 2406 ad
1221 2349 1333 2407 Deam
1351 2347 1389 2408 ut
1408 2346 1534 2421 offerat
1552 2347 1727 2422 sacrificio
1744 2346 1780 2407 et

980 2441 1164 2504 oblationes
1179 2440 1293 2522 (Hebr.
1310 2460 1341 2516 v,
1358 2442 1401 2522 1).
1427 2443 1614 2516 Sacerdotis
1630 2443 1778 2504 officium

980 2538 1030 2598 est
1044 2539 1147 2598 Deum
1158 2538 1304 2616 quotidie
1319 2555 1379 2616 pro
1394 2539 1515 2618 populo
1525 2539 1588 2600 sibi
1599 2540 1776 2602 commisso

980 2649 1131 2707 exorare,
1149 2637 1424 2714 secundumquod
1447 2637 1593 2714 legitur:
1613 2640 1774 2700 ‹Exora-

979 2730 1258 2805 vitAltissimum,
1285 2734 1317 2795 et
1338 2733 1494 2795 inventus
1517 2735 1568 2796 θεῖ
1582 2734 1617 2794 in
1637 2750 1775 2797 numero

980 2830 1215 2890 sanctorum.»
1235 2831 1424 2894 Sacerdotis
1447 2831 1594 2894 officium
1614 2835 1665 2895 est
1678 2833 1776 2911 judi-

980 2940 1058 2988 care
1069 2927 1156 2989 inter
1170 2927 1298 3006 lepram
1313 2931 1347 2990 et
1364 2929 1502 3009 lepram,
1517 2931 1550 2992 et
1568 2930 1657 2992 inter
1677 2946 1778 2992 sanc-

980 3023 1048 3085 tum
1063 3027 1097 3086 at
1110 3026 1329 3104 prophanum.
1348 3027 1441 3088 Unde
1456 3028 1580 3089 dicium
1600 3028 1651 3090 est
1664 3028 1777 3104 lepro-

980 3122 1050 3182 sis:
1073 3125 1125 3184 lte
1145 3125 1312 3206 ostendite
1335 3140 1396 3186 cos
1420 3126 1654 3188 sacerdotibus
1680 3125 1774 3205 (Luc.

979 3234 1063 3292 xvu,
1081 3217 1145 3298 14).
1170 3221 1358 3283 Sacerdotis
1373 3221 1520 3284 officium
1534 3223 1584 3284 est
1605 3223 1776 3285 discordes

979 3316 1021 3378 ad
1037 3318 1247 3380 concordiam
1264 3319 1495 3387 reconciliare,
1511 3321 1668 3397 quoniam
1685 3321 1775 3382 dici-

978 3415 1034 3476 tur
1056 3416 1143 3493 quod
1169 3417 1204 3478 in
1226 3420 1373 3494 tempore
1388 3417 1571 3479 iracundiae
1595 3417 1702 3480 factus
1726 3420 1777 3482 ast

978 3513 1217 3585 reconciliatio,
1234 3515 1268 3576 et
1281 3514 1357 3575 ideo
1377 3514 1467 3577 dedit
1488 3515 1520 3576 ei
1538 3517 1699 3577 Dominus
1707 3517 1776 3577 bc-

979 3609 1199 3672 nedictionem
1220 3611 1367 3674 omnium
1381 3612 1529 3688 gentium
1549 3614 1583 3674 et
1599 3612 1776 3674 beatifica-

978 3707 1027 3768 vit
1044 3706 1138 3767 illum
1162 3709 1198 3768 in
1212 3708 1331 3783 gloria.
1357 3710 1432 3770 Jam
1455 3708 1658 3770 beatificavit
1681 3709 1776 3771 illum

978 3803 1014 3864 in
1029 3803 1151 3876 anima,
1168 3805 1227 3866 sed
1242 3805 1277 3866 iu
1290 3805 1402 3869 futuro
1414 3805 1619 3868 beatificabit
1632 3807 1774 3869 illumin

978 3916 1128 3980 corpore.

1019 3999 1131 4060 Sancti
1156 4013 1300 4076 namque
1325 3999 1492 4078 triplicem
1518 4000 1773 4077 glorificationis

979 4097 1097 4158 stolam
1112 4096 1290 4159 habebunt.
1304 4099 1418 4159 Prima
1432 4105 1484 4160 est
1495 4100 1706 4174 innocentiae,
1720 4117 1775 4164 se-

124 4195 159 4253 ct
175 4198 315 4256 numnis
328 4199 429 4258 corde
445 4195 575 4275 (Matth.
598 4213 645 4270 χι,
666 4197 732 4276 29).
753 4199 793 4262 Et
817 4199 921 4262 item:
978 4193 1085 4254 cunda
1095 4193 1224 4269 gratiae,
1242 4195 1341 4257 tertia
1362 4211 1442 4258 vero
1457 4196 1584 4274 gloriae.
1604 4200 1651 4259 De
1665 4199 1773 4276 prima

122 4293 371 4354 demutamini
385 4295 448 4356 suo
459 4294 593 4368 potanti
606 4310 714 4356 manu
728 4299 792 4358 Dee·
807 4295 837 4375 (1
850 4300 920 4360 Pet,
978 4291 1065 4352 dicet
1078 4291 1173 4368 pater
1189 4291 1231 4352 ad
1257 4308 1372 4354 servos
1396 4310 1474 4354 suos
1500 4315 1508 4354 ε
1525 4295 1598 4358 Cito
1614 4297 1773 4370 proferte
1802 4345 1805 4352 .

120 4401 154 4458 s,
171 4387 218 4467 6).
233 4393 329 4450 Hanc
344 4391 484 4468 requirit
498 4407 518 4452 a
532 4392 565 4454 ta
586 4395 673 4454 Deus
687 4409 763 4454 cum
783 4393 922 4457 fioribus
975 4389 1100 4452 stolam
1108 4393 1274 4463 trititiam,
1291 4391 1324 4451 θί
1339 4391 1470 4452 indutie
1492 4395 1586 4454 mum
1603 4391 1698 4474 (Lim-
1714 4409 1770 4466 xl,

120 4485 266 4546 aliarum
282 4487 452 4560 virtutum,
471 4487 560 4556 fidei,
581 4489 665 4566 spei,
686 4489 720 4552 θῖ
735 4491 919 4559 charitatis.
975 4483 1040 4564 22)·
1054 4487 1115 4558 Qui
1129 4485 1384 4561 dicitprimum,
1395 4471 1771 4564 §igniflcaitethdami

118 4583 152 4644 et
174 4583 382 4660 hujusmodi.
406 4585 449 4646 Hi
463 4588 541 4648 sunt
556 4587 656 4648 fiores
675 4588 733 4666 qui
751 4605 920 4668 apparue-
976 4598 1053 4644 nam
1081 4583 1224 4661 primum
1244 4583 1366 4646 dicitur
1384 4585 1420 4645 in
1442 4583 1596 4662 respectu
1619 4588 1768 4649 secundi.

118 4681 201 4741 runt
214 4681 248 4742 in
260 4682 353 4742 terra
367 4683 493 4755 nostra,
505 4683 602 4756 idest,
623 4685 659 4745 in
678 4688 788 4750 mente
801 4686 920 4749 humili
976 4682 1023 4741 De
1036 4680 1135 4743 tertia
1150 4697 1229 4744 vero
1245 4681 1366 4757 legitur
1382 4703 1390 4742 ε
1405 4685 1548 4744 Amavit
1561 4698 1641 4745 erim
1654 4687 1772 4746 Domi·

118 4779 151 4838 et
165 4778 300 4840 devota.
316 4780 396 4840 Haec
411 4781 487 4841 sunt
500 4779 679 4843 medullata
687 4784 865 4857 sacrificia,
880 4785 920 4846 de
975 4794 1041 4840 uiis
1059 4779 1093 4841 et
1107 4779 1246 4840 ornavit
1267 4795 1357 4851 aum,
1373 4781 1497 4842 stolum
1514 4785 1635 4858 filori&
1658 4784 1771 4844 Didicit

117 4875 241 4950 quibus
256 4875 447 4954 Propheta:
464 4894 482 4939 ‹
499 4879 679 4942 Medullata
694 4881 860 4944 sacrificia
875 4882 921 4943 of·
974 4891 1054 4937 eum
1069 4873 1184 4956 (dccli.
1201 4891 1278 4944 xuv,
1293 4874 1338 4956 9).
1352 4879 1431 4940 lianc
1444 4878 1568 4956 triplex
1583 4880 1666 4941 stola
1683 4881 1772 4942 lava·

117 4971 226 5033 feram
240 4972 302 5034 tibi
316 4973 385 5053 (Ps.
401 4974 452 5046 65,
477 4974 541 5054 15).
557 4976 637 5038 Haec
656 4978 733 5038 sunl
751 4980 918 5054 unguenta
973 4974 1028 5035 tur
1055 4974 1091 5035 in
1106 4974 1229 5051 triplici
1255 4974 1409 5048 lavacro,
1438 4977 1577 5050 scilicet,
1608 4978 1768 5054 fluminis,

117 5068 151 5130 in
178 5086 323 5148 quorum
352 5071 453 5134 odore
478 5088 600 5150 sponsa
621 5089 759 5136 currens
780 5077 920 5138 comita·
973 5070 1118 5134 flaminis
1142 5071 1175 5134 θῖ
1204 5073 1388 5149 sanguinis,
1415 5090 1474 5136 seu
1500 5076 1611 5152 potius
1635 5076 1692 5140 ille
1718 5078 1771 5140 la-

117 5167 173 5227 tur
187 5183 358 5246 sponsum.
376 5168 471 5230 Unde
481 5170 554 5248 ipsa
565 5170 602 5232 in
616 5171 781 5234 Canticis:
796 5169 919 5236 <turre-
973 5171 1070 5232 vatur
1085 5169 1141 5246 qui
1160 5169 1256 5232 stolis
1274 5171 1424 5233 induitur
1440 5173 1475 5234 in
1491 5175 1654 5251 sanguine
1668 5177 1768 5253 Agni,

115 5277 199 5326 mus
233 5268 272 5326 tn
307 5268 449 5328 odorem
484 5269 741 5346 unquentorum
773 5285 918 5333 suorum
972 5268 1051 5345 quia
1074 5268 1182 5329 omnis
1206 5268 1419 5340 innocentia,
1445 5273 1553 5334 omnis
1578 5273 1705 5350 gratia,
1736 5276 1769 5336 θῖ

117 5359 263 5438 (Cauta,
273 5360 322 5440 3).
334 5365 441 5425 Penes
456 5363 919 5444 teergohabesquodDomi-
972 5363 1079 5426 omnis
1102 5363 1211 5440 gloria
1239 5367 1290 5427 est
1318 5382 1339 5427 a
1373 5368 1528 5443 passione
1559 5369 1694 5432 Christi.
1730 5377 1769 5436 at

115 5473 181 5520 nus
197 5459 270 5521 ruit
283 5475 305 5520 a
320 5462 353 5522 te
367 5459 482 5522 offerri
498 5463 678 5526 secundum
693 5464 793 5526 illud:
804 5470 848 5528 Iu
861 5483 916 5530 mc
971 5461 1049 5524 nota
1058 5462 1145 5540 quod
1159 5460 1210 5524 θεῖ
1221 5464 1358 5540 sanguis
1371 5465 1489 5543 culpae,
1499 5467 1636 5543 sanguis
1647 5485 1765 5545 poenae,

2 5599 3 5608 ,
115 5559 213 5629 suni,
228 5561 519 5632 Dircaeumque
532 5561 916 5634 commemorationes
970 5560 1003 5621 et
1024 5561 1161 5636 sanguis
1186 5561 1304 5623 veniae.
1333 5564 1381 5624 De
1400 5565 1507 5640 primo
1535 5568 1699 5642 sanguine
1718 5568 1769 5631 lo-

2 5697 3 5764 ,
117 5655 179 5716 tibi
190 5653 263 5734 (Ps.
279 5653 408 5734 55,12.)
424 5657 463 5718 st
476 5656 557 5718 alibi
572 5658 754 5720 Dominus:
769 5662 915 5733 Sacrifi-
970 5657 1078 5732 gitur:
1093 5661 1244 5734 scaccis
1256 5665 1464 5736 scapularem
1478 5665 1591 5740 tettptt
1604 5665 1702 5744 (Osee
1717 5682 1762 5742 iv,
