<?xml version="1.0" encoding="UTF-8"?>
<!DOCTYPE html PUBLIC "-//W3C//DTD XHTML 1.0 Transitional//EN"
    "http://www.w3.org/TR/xhtml1/DTD/xhtml1-transitional.dtd">
<html xmlns="http://www.w3.org/1999/xhtml" xml:lang="en" lang="en">
 <head>
  <title>
</title>
<meta http-equiv="Content-Type" content="text/html;charset=utf-8" />
  <meta name='ocr-system' content='tesseract 3.04.00' />
  <meta name='ocr-capabilities' content='ocr_page ocr_carea ocr_par ocr_line ocrx_word'/>
</head>
<body>
  <div class='ocr_page' id='page_1' title='image "./mediiaevibiblio01unkngoog_0254.png"; bbox 0 0 3960 6304; ppageno 0'>
   <div class='ocr_carea' id='block_1_1' title="bbox 733 321 1749 400">
    <p class='ocr_par' dir='ltr' id='par_1_1' title="bbox 733 321 1749 400">
     <span class='ocr_line' id='line_1_1' title="bbox 733 321 1749 400; baseline 0.017 -18"><span class='ocrx_word' id='word_1_1' title='bbox 733 321 963 385; x_wconf 80' lang='lat' dir='ltr'>EPISTOLAE.</span> <span class='ocrx_word' id='word_1_2' title='bbox 987 325 1065 387; x_wconf 91' lang='lat' dir='ltr'><strong>LIB.</strong></span> <span class='ocrx_word' id='word_1_3' title='bbox 1090 325 1114 387; x_wconf 91' lang='lat'><em>1.</em></span> <span class='ocrx_word' id='word_1_4' title='bbox 1708 337 1749 400; x_wconf 88' lang='grc'><em>30</em></span> 
     </span>
    </p>
   </div>
   <div class='ocr_carea' id='block_1_2' title="bbox 464 487 534 575">
    <p class='ocr_par' dir='ltr' id='par_1_2' title="bbox 464 487 534 575">
     <span class='ocr_line' id='line_1_2' title="bbox 464 487 534 575; baseline 0.014 -1"><span class='ocrx_word' id='word_1_5' title='bbox 464 487 534 575; x_wconf 85' lang='lat' dir='ltr'><em>XX</em></span> 
     </span>
    </p>
   </div>
   <div class='ocr_carea' id='block_1_3' title="bbox 100 684 898 858">
    <p class='ocr_par' dir='ltr' id='par_1_3' title="bbox 100 684 898 858">
     <span class='ocr_line' id='line_1_3' title="bbox 100 684 898 760; baseline 0.011 -18"><span class='ocrx_word' id='word_1_6' title='bbox 100 685 153 742; x_wconf 74' lang='lat' dir='ltr'><em>Ari</em></span> <span class='ocrx_word' id='word_1_7' title='bbox 181 684 418 760; x_wconf 68' lang='grc'><strong>8-111111111011111</strong></span> <span class='ocrx_word' id='word_1_8' title='bbox 440 686 550 758; x_wconf 75' lang='lat' dir='ltr'><em>filiurn</em></span> <span class='ocrx_word' id='word_1_9' title='bbox 573 692 744 760; x_wconf 77' lang='lat' dir='ltr'><em>quotidailt</em></span> <span class='ocrx_word' id='word_1_10' title='bbox 764 692 898 751; x_wconf 75' lang='lat' dir='ltr'><em>Parisii</em></span> 
     </span>
     <span class='ocr_line' id='line_1_4' title="bbox 343 785 659 858; baseline 0.003 -15"><span class='ocrx_word' id='word_1_11' title='bbox 343 785 385 844; x_wconf 84' lang='lat' dir='ltr'><em>dc</em></span> <span class='ocrx_word' id='word_1_12' title='bbox 398 785 505 858; x_wconf 82' lang='lat' dir='ltr'><em>Aquis</em></span> <span class='ocrx_word' id='word_1_13' title='bbox 525 786 659 846; x_wconf 71' lang='lat' dir='ltr'><em>Putris.</em></span> 
     </span>
    </p>
   </div>
   <div class='ocr_carea' id='block_1_4' title="bbox 400 897 615 970">
    <p class='ocr_par' dir='ltr' id='par_1_4' title="bbox 400 897 615 970">
     <span class='ocr_line' id='line_1_5' title="bbox 400 897 615 970; baseline 0.005 -17"><span class='ocrx_word' id='word_1_14' title='bbox 400 897 433 954; x_wconf 88' lang='grc'><em>13</em></span> <span class='ocrx_word' id='word_1_15' title='bbox 447 905 519 970; x_wconf 88' lang='lat' dir='ltr'><em>sept.</em></span> <span class='ocrx_word' id='word_1_16' title='bbox 537 898 615 956; x_wconf 81' lang='lat' dir='ltr'><em>itio.</em></span> 
     </span>
    </p>
   </div>
   <div class='ocr_carea' id='block_1_5' title="bbox 101 1017 897 1169">
    <p class='ocr_par' dir='ltr' id='par_1_5' title="bbox 101 1017 897 1169">
     <span class='ocr_line' id='line_1_6' title="bbox 101 1017 897 1090; baseline 0.009 -22"><span class='ocrx_word' id='word_1_17' title='bbox 101 1017 247 1082; x_wconf 65' lang='lat' dir='ltr'><em>[Georgius</em></span> <span class='ocrx_word' id='word_1_18' title='bbox 273 1018 384 1070; x_wconf 79' lang='lat' dir='ltr'><em>Historia</em></span> <span class='ocrx_word' id='word_1_19' title='bbox 411 1020 576 1085; x_wconf 83' lang='lat' dir='ltr'><em>diplomatica</em></span> <span class='ocrx_word' id='word_1_20' title='bbox 602 1022 728 1074; x_wconf 84' lang='lat' dir='ltr'><em>cathedrae</em></span> <span class='ocrx_word' id='word_1_21' title='bbox 747 1023 897 1090; x_wconf 84' lang='lat' dir='ltr'><em>episcopalis</em></span> 
     </span>
     <span class='ocr_line' id='line_1_7' title="bbox 273 1099 725 1169; baseline 0.009 -20"><span class='ocrx_word' id='word_1_22' title='bbox 273 1099 386 1150; x_wconf 85' lang='lat' dir='ltr'><em>civitatis</em></span> <span class='ocrx_word' id='word_1_23' title='bbox 398 1101 471 1152; x_wconf 87' lang='lat' dir='ltr'><em>Setiae</em></span> <span class='ocrx_word' id='word_1_24' title='bbox 483 1102 509 1152; x_wconf 93' lang='lat' dir='ltr'><em>in</em></span> <span class='ocrx_word' id='word_1_25' title='bbox 522 1103 604 1162; x_wconf 85' lang='lat' dir='ltr'><em>Latio,</em></span> <span class='ocrx_word' id='word_1_26' title='bbox 619 1117 644 1168; x_wconf 92' lang='lat' dir='ltr'><em>p.</em></span> <span class='ocrx_word' id='word_1_27' title='bbox 657 1103 725 1169; x_wconf 77' lang='lat' dir='ltr'><em>23i.]</em></span> 
     </span>
    </p>
   </div>
   <div class='ocr_carea' id='block_1_6' title="bbox 100 1241 897 1406">
    <p class='ocr_par' dir='ltr' id='par_1_6' title="bbox 100 1241 897 1406">
     <span class='ocr_line' id='line_1_8' title="bbox 100 1241 897 1319; baseline 0.009 -21"><span class='ocrx_word' id='word_1_28' title='bbox 100 1243 187 1311; x_wconf 85' lang='lat' dir='ltr'><em>Eum,</em></span> <span class='ocrx_word' id='word_1_29' title='bbox 214 1241 332 1316; x_wconf 86' lang='lat' dir='ltr'><em>ejusque</em></span> <span class='ocrx_word' id='word_1_30' title='bbox 362 1243 436 1302; x_wconf 90' lang='lat' dir='ltr'><em>bona</em></span> <span class='ocrx_word' id='word_1_31' title='bbox 469 1243 522 1302; x_wconf 93' lang='lat' dir='ltr'><em>sub</em></span> <span class='ocrx_word' id='word_1_32' title='bbox 550 1245 582 1302; x_wconf 90' lang='grc' dir='ltr'><em>Β.</em></span> <span class='ocrx_word' id='word_1_33' title='bbox 614 1247 690 1303; x_wconf 88' lang='lat' dir='ltr'><em>Petri</em></span> <span class='ocrx_word' id='word_1_34' title='bbox 721 1247 897 1319; x_wconf 88' lang='lat' dir='ltr'><em>protectione</em></span> 
     </span>
     <span class='ocr_line' id='line_1_9' title="bbox 246 1331 759 1406; baseline 0.01 -18"><span class='ocrx_word' id='word_1_35' title='bbox 246 1331 374 1406; x_wconf 78' lang='lat' dir='ltr'><em>suscipit,</em></span> <span class='ocrx_word' id='word_1_36' title='bbox 389 1348 422 1390; x_wconf 91' lang='lat' dir='ltr'><em>ac</em></span> <span class='ocrx_word' id='word_1_37' title='bbox 441 1333 496 1390; x_wconf 88' lang='lat' dir='ltr'><em>alia</em></span> <span class='ocrx_word' id='word_1_38' title='bbox 510 1331 585 1391; x_wconf 89' lang='lat' dir='ltr'><em>bona</em></span> <span class='ocrx_word' id='word_1_39' title='bbox 600 1333 759 1394; x_wconf 87' lang='lat' dir='ltr'><em>confirmat.</em></span> 
     </span>
    </p>
   </div>
   <div class='ocr_carea' id='block_1_7' title="bbox 83 1465 897 3986">
    <p class='ocr_par' dir='ltr' id='par_1_7' title="bbox 83 1465 897 3986">
     <span class='ocr_line' id='line_1_10' title="bbox 140 1465 895 1546; baseline 0.011 -20"><span class='ocrx_word' id='word_1_40' title='bbox 140 1468 223 1526; x_wconf 86' lang='lat' dir='ltr'><em>Cum</em></span> <span class='ocrx_word' id='word_1_41' title='bbox 239 1465 366 1528; x_wconf 88' lang='lat' dir='ltr'><em>anobis</em></span> <span class='ocrx_word' id='word_1_42' title='bbox 376 1467 507 1545; x_wconf 90' lang='lat' dir='ltr'><em>petitur,</em></span> <span class='ocrx_word' id='word_1_43' title='bbox 525 1469 600 1542; x_wconf 83' lang='lat' dir='ltr'><em>etc,</em></span> <span class='ocrx_word' id='word_1_44' title='bbox 615 1485 790 1546; x_wconf 84' lang='lat' dir='ltr'>personam</span> <span class='ocrx_word' id='word_1_45' title='bbox 805 1472 895 1534; x_wconf 87' lang='lat' dir='ltr'><em>tuam</em></span> 
     </span>
     <span class='ocr_line' id='line_1_11' title="bbox 97 1563 895 1646; baseline 0.01 -23"><span class='ocrx_word' id='word_1_46' title='bbox 97 1579 176 1623; x_wconf 92' lang='lat' dir='ltr'><em>cum</em></span> <span class='ocrx_word' id='word_1_47' title='bbox 195 1563 345 1626; x_wconf 90' lang='lat' dir='ltr'><em>omnibus</em></span> <span class='ocrx_word' id='word_1_48' title='bbox 366 1564 472 1640; x_wconf 92' lang='lat' dir='ltr'><em>bonis,</em></span> <span class='ocrx_word' id='word_1_49' title='bbox 490 1583 562 1644; x_wconf 90' lang='lat' dir='ltr'><em>quae</em></span> <span class='ocrx_word' id='word_1_50' title='bbox 584 1567 621 1628; x_wconf 91' lang='lat' dir='ltr'><em>in</em></span> <span class='ocrx_word' id='word_1_51' title='bbox 643 1568 895 1646; x_wconf 85' lang='lat' dir='ltr'><em>praesentiarum</em></span> 
     </span>
     <span class='ocr_line' id='line_1_12' title="bbox 95 1661 897 1746; baseline 0.009 -25"><span class='ocrx_word' id='word_1_52' title='bbox 95 1661 344 1723; x_wconf 81' lang='lat' dir='ltr'><em>rationabiliter</em></span> <span class='ocrx_word' id='word_1_53' title='bbox 357 1662 516 1739; x_wconf 89' lang='lat' dir='ltr'><em>possides,</em></span> <span class='ocrx_word' id='word_1_54' title='bbox 534 1664 591 1726; x_wconf 88' lang='lat' dir='ltr'><em>aut</em></span> <span class='ocrx_word' id='word_1_55' title='bbox 605 1663 640 1726; x_wconf 93' lang='lat' dir='ltr'><em>in</em></span> <span class='ocrx_word' id='word_1_56' title='bbox 654 1665 812 1738; x_wconf 86' lang='lat' dir='ltr'><em>futurum,</em></span> <span class='ocrx_word' id='word_1_57' title='bbox 827 1670 897 1746; x_wconf 90' lang='lat' dir='ltr'><em>jus-</em></span> 
     </span>
     <span class='ocr_line' id='line_1_13' title="bbox 94 1758 894 1842; baseline 0.008 -23"><span class='ocrx_word' id='word_1_58' title='bbox 94 1759 139 1819; x_wconf 88' lang='lat' dir='ltr'><em>tis</em></span> <span class='ocrx_word' id='word_1_59' title='bbox 165 1758 285 1832; x_wconf 78' lang='lat' dir='ltr'><em>modia,</em></span> <span class='ocrx_word' id='word_1_60' title='bbox 309 1761 486 1836; x_wconf 75' lang='lat' dir='ltr'><em>praestante</em></span> <span class='ocrx_word' id='word_1_61' title='bbox 505 1763 655 1836; x_wconf 91' lang='lat' dir='ltr'><em>Domino,</em></span> <span class='ocrx_word' id='word_1_62' title='bbox 670 1764 794 1842; x_wconf 87' lang='lat' dir='ltr'><em>poteris</em></span> <span class='ocrx_word' id='word_1_63' title='bbox 817 1765 894 1826; x_wconf 90' lang='lat' dir='ltr'><em>adi-</em></span> 
     </span>
     <span class='ocr_line' id='line_1_14' title="bbox 92 1855 892 1939; baseline 0.011 -25"><span class='ocrx_word' id='word_1_64' title='bbox 92 1856 195 1932; x_wconf 82' lang='lat' dir='ltr'><em>pisci,</em></span> <span class='ocrx_word' id='word_1_65' title='bbox 222 1855 282 1918; x_wconf 92' lang='lat' dir='ltr'><em>sub</em></span> <span class='ocrx_word' id='word_1_66' title='bbox 304 1860 342 1917; x_wconf 92' lang='grc' dir='ltr'><em>Β.</em></span> <span class='ocrx_word' id='word_1_67' title='bbox 360 1856 450 1919; x_wconf 88' lang='lat' dir='ltr'><em>Petri</em></span> <span class='ocrx_word' id='word_1_68' title='bbox 474 1860 677 1936; x_wconf 90' lang='lat' dir='ltr'><em>protectione</em></span> <span class='ocrx_word' id='word_1_69' title='bbox 701 1862 892 1939; x_wconf 84' lang='lat' dir='ltr'><em>recipimus,</em></span> 
     </span>
     <span class='ocr_line' id='line_1_15' title="bbox 93 1954 893 2038; baseline 0.008 -23"><span class='ocrx_word' id='word_1_70' title='bbox 93 1955 160 2016; x_wconf 90' lang='lat' dir='ltr'><em>etc.</em></span> <span class='ocrx_word' id='word_1_71' title='bbox 190 1954 386 2031; x_wconf 86' lang='lat' dir='ltr'><em>Specialiter</em></span> <span class='ocrx_word' id='word_1_72' title='bbox 407 1957 517 2017; x_wconf 90' lang='lat' dir='ltr'><em>autem</em></span> <span class='ocrx_word' id='word_1_73' title='bbox 542 1959 779 2032; x_wconf 87' lang='lat' dir='ltr'><em>molendinum,</em></span> <span class='ocrx_word' id='word_1_74' title='bbox 807 1960 893 2038; x_wconf 91' lang='lat' dir='ltr'><em>quod</em></span> 
     </span>
     <span class='ocr_line' id='line_1_16' title="bbox 93 2052 895 2135; baseline 0.01 -23"><span class='ocrx_word' id='word_1_75' title='bbox 93 2052 223 2113; x_wconf 89' lang='lat' dir='ltr'><em>dicitur</em></span> <span class='ocrx_word' id='word_1_76' title='bbox 235 2052 275 2114; x_wconf 90' lang='lat' dir='ltr'><em>de</em></span> <span class='ocrx_word' id='word_1_77' title='bbox 289 2053 464 2127; x_wconf 90' lang='lat' dir='ltr'><em>Stromulo‚</em></span> <span class='ocrx_word' id='word_1_78' title='bbox 481 2055 579 2117; x_wconf 91' lang='lat' dir='ltr'><em>situm</em></span> <span class='ocrx_word' id='word_1_79' title='bbox 593 2057 679 2133; x_wconf 92' lang='lat' dir='ltr'><em>apud</em></span> <span class='ocrx_word' id='word_1_80' title='bbox 694 2059 805 2135; x_wconf 82' lang='lat' dir='ltr'><em>Aquas</em></span> <span class='ocrx_word' id='word_1_81' title='bbox 818 2058 895 2120; x_wconf 89' lang='lat' dir='ltr'><em>Put-</em></span> 
     </span>
     <span class='ocr_line' id='line_1_17' title="bbox 90 2149 893 2228; baseline 0.009 -19"><span class='ocrx_word' id='word_1_82' title='bbox 90 2165 163 2222; x_wconf 76' lang='lat' dir='ltr'><em>zaS,</em></span> <span class='ocrx_word' id='word_1_83' title='bbox 180 2149 214 2212; x_wconf 90' lang='lat' dir='ltr'><em>et</em></span> <span class='ocrx_word' id='word_1_84' title='bbox 228 2149 338 2211; x_wconf 88' lang='lat' dir='ltr'><em>casale</em></span> <span class='ocrx_word' id='word_1_85' title='bbox 352 2151 495 2227; x_wconf 90' lang='lat' dir='ltr'><em>positum</em></span> <span class='ocrx_word' id='word_1_86' title='bbox 512 2153 547 2214; x_wconf 92' lang='lat' dir='ltr'><em>in</em></span> <span class='ocrx_word' id='word_1_87' title='bbox 557 2152 725 2216; x_wconf 87' lang='lat' dir='ltr'><em>territorio</em></span> <span class='ocrx_word' id='word_1_88' title='bbox 739 2155 842 2228; x_wconf 76' lang='lat' dir='ltr'><em>Sitia,</em></span> <span class='ocrx_word' id='word_1_89' title='bbox 858 2155 893 2216; x_wconf 92' lang='lat' dir='ltr'><em>in</em></span> 
     </span>
     <span class='ocr_line' id='line_1_18' title="bbox 90 2245 891 2328; baseline 0.01 -22"><span class='ocrx_word' id='word_1_90' title='bbox 90 2247 170 2307; x_wconf 90' lang='lat' dir='ltr'><em>loco</em></span> <span class='ocrx_word' id='word_1_91' title='bbox 187 2246 244 2324; x_wconf 90' lang='lat' dir='ltr'><em>qui</em></span> <span class='ocrx_word' id='word_1_92' title='bbox 259 2245 379 2328; x_wconf 88' lang='lat' dir='ltr'><em>dicitur</em></span> <span class='ocrx_word' id='word_1_93' title='bbox 393 2265 540 2326; x_wconf 90' lang='lat' dir='ltr'><em>campus,</em></span> <span class='ocrx_word' id='word_1_94' title='bbox 560 2250 645 2328; x_wconf 90' lang='lat' dir='ltr'><em>quod</em></span> <span class='ocrx_word' id='word_1_95' title='bbox 660 2250 721 2313; x_wconf 92' lang='lat' dir='ltr'><em>tibi</em></span> <span class='ocrx_word' id='word_1_96' title='bbox 736 2253 777 2313; x_wconf 91' lang='lat' dir='ltr'><em>cl.</em></span> <span class='ocrx_word' id='word_1_97' title='bbox 794 2269 891 2314; x_wconf 88' lang='lat' dir='ltr'><em>mem.</em></span> 
     </span>
     <span class='ocr_line' id='line_1_19' title="bbox 94 2343 893 2426; baseline 0.009 -20"><span class='ocrx_word' id='word_1_98' title='bbox 94 2343 313 2420; x_wconf 82' lang='lat' dir='ltr'><em>Sanguineas</em></span> <span class='ocrx_word' id='word_1_99' title='bbox 337 2345 377 2406; x_wconf 91' lang='lat' dir='ltr'><em>de</em></span> <span class='ocrx_word' id='word_1_100' title='bbox 390 2347 493 2424; x_wconf 86' lang='lat' dir='ltr'><em>Aquis</em></span> <span class='ocrx_word' id='word_1_101' title='bbox 514 2349 638 2422; x_wconf 88' lang='lat' dir='ltr'><em>Putzis,</em></span> <span class='ocrx_word' id='word_1_102' title='bbox 663 2349 800 2426; x_wconf 91' lang='lat' dir='ltr'><em>patruus</em></span> <span class='ocrx_word' id='word_1_103' title='bbox 816 2351 893 2412; x_wconf 90' lang='lat' dir='ltr'><em>tuus</em></span> 
     </span>
     <span class='ocr_line' id='line_1_20' title="bbox 92 2442 893 2526; baseline 0.011 -25"><span class='ocrx_word' id='word_1_104' title='bbox 92 2442 126 2502; x_wconf 90' lang='lat' dir='ltr'><em>iu</em></span> <span class='ocrx_word' id='word_1_105' title='bbox 138 2442 261 2502; x_wconf 90' lang='lat' dir='ltr'><em>ultima</em></span> <span class='ocrx_word' id='word_1_106' title='bbox 284 2442 454 2506; x_wconf 87' lang='lat' dir='ltr'><em>voluntate</em></span> <span class='ocrx_word' id='word_1_107' title='bbox 480 2445 613 2521; x_wconf 78' lang='lat' dir='ltr'><em>legavit,</em></span> <span class='ocrx_word' id='word_1_108' title='bbox 637 2447 723 2508; x_wconf 91' lang='lat' dir='ltr'><em>sicut</em></span> <span class='ocrx_word' id='word_1_109' title='bbox 746 2463 785 2508; x_wconf 89' lang='lat' dir='ltr'><em>ea</em></span> <span class='ocrx_word' id='word_1_110' title='bbox 803 2451 893 2526; x_wconf 79' lang='lat' dir='ltr'><em>J&#39;uste</em></span> 
     </span>
     <span class='ocr_line' id='line_1_21' title="bbox 90 2539 893 2618; baseline 0.011 -18"><span class='ocrx_word' id='word_1_111' title='bbox 90 2539 262 2616; x_wconf 71' lang='lat' dir='ltr'><em>possides</em></span> <span class='ocrx_word' id='word_1_112' title='bbox 288 2542 320 2601; x_wconf 93' lang='lat' dir='ltr'><em>et</em></span> <span class='ocrx_word' id='word_1_113' title='bbox 340 2540 460 2618; x_wconf 90' lang='lat' dir='ltr'><em>quiete,</em></span> <span class='ocrx_word' id='word_1_114' title='bbox 484 2557 523 2604; x_wconf 87' lang='lat' dir='ltr'><em>ac</em></span> <span class='ocrx_word' id='word_1_115' title='bbox 547 2543 581 2604; x_wconf 93' lang='lat' dir='ltr'><em>in</em></span> <span class='ocrx_word' id='word_1_116' title='bbox 604 2544 795 2608; x_wconf 87' lang='lat' dir='ltr'><em>authentico</em></span> <span class='ocrx_word' id='word_1_117' title='bbox 816 2545 893 2609; x_wconf 91' lang='lat' dir='ltr'><em>inde</em></span> 
     </span>
     <span class='ocr_line' id='line_1_22' title="bbox 92 2637 892 2715; baseline 0.01 -17"><span class='ocrx_word' id='word_1_118' title='bbox 92 2637 249 2699; x_wconf 91' lang='lat' dir='ltr'><em>confecto</em></span> <span class='ocrx_word' id='word_1_119' title='bbox 275 2637 404 2714; x_wconf 89' lang='lat' dir='ltr'><em>plenius</em></span> <span class='ocrx_word' id='word_1_120' title='bbox 434 2640 632 2715; x_wconf 82' lang='lat' dir='ltr'><em>continetur,</em></span> <span class='ocrx_word' id='word_1_121' title='bbox 661 2642 892 2706; x_wconf 89' lang='lat' dir='ltr'><em>remissionem</em></span> 
     </span>
     <span class='ocr_line' id='line_1_23' title="bbox 92 2734 892 2820; baseline 0.011 -26"><span class='ocrx_word' id='word_1_122' title='bbox 92 2751 241 2812; x_wconf 89' lang='lat' dir='ltr'><em>quoque,</em></span> <span class='ocrx_word' id='word_1_123' title='bbox 258 2751 296 2796; x_wconf 88' lang='lat' dir='ltr'><em>ac</em></span> <span class='ocrx_word' id='word_1_124' title='bbox 311 2734 544 2799; x_wconf 81' lang='lat' dir='ltr'><em>refutationem</em></span> <span class='ocrx_word' id='word_1_125' title='bbox 568 2740 772 2816; x_wconf 70' lang='lat' dir='ltr'><em>quaestionis</em></span> <span class='ocrx_word' id='word_1_126' title='bbox 793 2757 892 2820; x_wconf 89' lang='lat' dir='ltr'><em>quam</em></span> 
     </span>
     <span class='ocr_line' id='line_1_24' title="bbox 90 2831 892 2916; baseline 0.012 -24"><span class='ocrx_word' id='word_1_127' title='bbox 90 2832 152 2893; x_wconf 91' lang='lat' dir='ltr'><em>tibi</em></span> <span class='ocrx_word' id='word_1_128' title='bbox 169 2833 213 2893; x_wconf 95' lang='lat' dir='ltr'><em>de</em></span> <span class='ocrx_word' id='word_1_129' title='bbox 226 2831 325 2893; x_wconf 88' lang='lat' dir='ltr'><em>terris</em></span> <span class='ocrx_word' id='word_1_130' title='bbox 337 2832 551 2910; x_wconf 67' lang='lat' dir='ltr'><em>palustribus</em></span> <span class='ocrx_word' id='word_1_131' title='bbox 567 2837 684 2914; x_wconf 88' lang='lat' dir='ltr'><em>positis</em></span> <span class='ocrx_word' id='word_1_132' title='bbox 692 2839 791 2916; x_wconf 87' lang='lat' dir='ltr'><em>juxta</em></span> <span class='ocrx_word' id='word_1_133' title='bbox 804 2839 892 2902; x_wconf 86' lang='lat' dir='ltr'><em>idem</em></span> 
     </span>
     <span class='ocr_line' id='line_1_25' title="bbox 90 2928 892 3006; baseline 0.015 -17"><span class='ocrx_word' id='word_1_134' title='bbox 90 2928 208 2992; x_wconf 88' lang='lat' dir='ltr'><em>casale</em></span> <span class='ocrx_word' id='word_1_135' title='bbox 224 2931 382 3006; x_wconf 80' lang='lat' dir='ltr'><em>Ugoioel,</em></span> <span class='ocrx_word' id='word_1_136' title='bbox 393 2933 425 2993; x_wconf 94' lang='lat' dir='ltr'><em>et</em></span> <span class='ocrx_word' id='word_1_137' title='bbox 438 2933 634 2995; x_wconf 83' lang='lat' dir='ltr'><em>Anniballus</em></span> <span class='ocrx_word' id='word_1_138' title='bbox 646 2936 724 2997; x_wconf 91' lang='lat' dir='ltr'><em>tunc</em></span> <span class='ocrx_word' id='word_1_139' title='bbox 739 2938 892 3001; x_wconf 88' lang='lat' dir='ltr'><em>consules</em></span> 
     </span>
     <span class='ocr_line' id='line_1_26' title="bbox 93 3027 891 3109; baseline 0.013 -21"><span class='ocrx_word' id='word_1_140' title='bbox 93 3027 196 3089; x_wconf 85' lang='lat' dir='ltr'><em>Sitini</em></span> <span class='ocrx_word' id='word_1_141' title='bbox 223 3028 356 3090; x_wconf 91' lang='lat' dir='ltr'><em>nomine</em></span> <span class='ocrx_word' id='word_1_142' title='bbox 380 3030 616 3096; x_wconf 85' lang='lat' dir='ltr'><em>Universitatis</em></span> <span class='ocrx_word' id='word_1_143' title='bbox 641 3036 824 3109; x_wconf 89' lang='lat' dir='ltr'><em>moverant,</em></span> <span class='ocrx_word' id='word_1_144' title='bbox 849 3036 891 3098; x_wconf 91' lang='lat' dir='ltr'><em>ad</em></span> 
     </span>
     <span class='ocr_line' id='line_1_27' title="bbox 88 3125 892 3206; baseline 0.014 -21"><span class='ocrx_word' id='word_1_145' title='bbox 88 3141 212 3203; x_wconf 89' lang='lat' dir='ltr'><em>preces</em></span> <span class='ocrx_word' id='word_1_146' title='bbox 228 3125 341 3188; x_wconf 90' lang='lat' dir='ltr'><em>dilecti</em></span> <span class='ocrx_word' id='word_1_147' title='bbox 356 3126 416 3188; x_wconf 87' lang='lat' dir='ltr'><em>dlii</em></span> <span class='ocrx_word' id='word_1_148' title='bbox 433 3129 584 3206; x_wconf 86' lang='lat' dir='ltr'><em>magistri</em></span> <span class='ocrx_word' id='word_1_149' title='bbox 599 3131 747 3205; x_wconf 85' lang='lat' dir='ltr'><em>Maximi,</em></span> <span class='ocrx_word' id='word_1_150' title='bbox 769 3133 892 3196; x_wconf 88' lang='lat' dir='ltr'><em>notarii</em></span> 
     </span>
     <span class='ocr_line' id='line_1_28' title="bbox 88 3223 889 3305; baseline 0.012 -22"><span class='ocrx_word' id='word_1_151' title='bbox 88 3223 215 3294; x_wconf 85' lang='lat' dir='ltr'><em>nostri,</em></span> <span class='ocrx_word' id='word_1_152' title='bbox 240 3225 389 3299; x_wconf 82' lang='lat' dir='ltr'><em>germani</em></span> <span class='ocrx_word' id='word_1_153' title='bbox 404 3225 464 3297; x_wconf 91' lang='lat' dir='ltr'><em>tui,</em></span> <span class='ocrx_word' id='word_1_154' title='bbox 485 3226 526 3287; x_wconf 87' lang='lat' dir='ltr'><em>ab</em></span> <span class='ocrx_word' id='word_1_155' title='bbox 546 3225 664 3289; x_wconf 89' lang='lat' dir='ltr'><em>iisdem</em></span> <span class='ocrx_word' id='word_1_156' title='bbox 687 3229 889 3305; x_wconf 72' lang='lat' dir='ltr'><em>consulibus</em></span> 
     </span>
     <span class='ocr_line' id='line_1_29' title="bbox 88 3321 890 3406; baseline 0.015 -26"><span class='ocrx_word' id='word_1_157' title='bbox 88 3321 241 3393; x_wconf 90' lang='lat' dir='ltr'><em>nomine,</em></span> <span class='ocrx_word' id='word_1_158' title='bbox 269 3321 302 3383; x_wconf 91' lang='lat' dir='ltr'><em>et</em></span> <span class='ocrx_word' id='word_1_159' title='bbox 323 3337 487 3384; x_wconf 90' lang='lat' dir='ltr'><em>consensu</em></span> <span class='ocrx_word' id='word_1_160' title='bbox 516 3325 760 3401; x_wconf 73' lang='lat' dir='ltr'><em>UniversitatiS,</em></span> <span class='ocrx_word' id='word_1_161' title='bbox 785 3329 890 3406; x_wconf 89' lang='lat' dir='ltr'><em>ipsius</em></span> 
     </span>
     <span class='ocr_line' id='line_1_30' title="bbox 86 3417 891 3499; baseline 0.014 -21"><span class='ocrx_word' id='word_1_162' title='bbox 86 3417 324 3480; x_wconf 89' lang='lat' dir='ltr'><em>instrumentis</em></span> <span class='ocrx_word' id='word_1_163' title='bbox 339 3418 508 3497; x_wconf 88' lang='lat' dir='ltr'><em>inspectis,</em></span> <span class='ocrx_word' id='word_1_164' title='bbox 523 3421 641 3499; x_wconf 89' lang='lat' dir='ltr'><em>quibus</em></span> <span class='ocrx_word' id='word_1_165' title='bbox 653 3423 744 3486; x_wconf 90' lang='lat' dir='ltr'><em>tuam</em></span> <span class='ocrx_word' id='word_1_166' title='bbox 758 3426 891 3489; x_wconf 87' lang='lat' dir='ltr'><em>videba-</em></span> 
     </span>
     <span class='ocr_line' id='line_1_31' title="bbox 86 3515 890 3590; baseline 0.014 -14"><span class='ocrx_word' id='word_1_167' title='bbox 86 3515 136 3576; x_wconf 86' lang='lat' dir='ltr'><em>ris</em></span> <span class='ocrx_word' id='word_1_168' title='bbox 170 3515 388 3577; x_wconf 85' lang='lat' dir='ltr'><em>intentionem</em></span> <span class='ocrx_word' id='word_1_169' title='bbox 415 3517 586 3590; x_wconf 78' lang='lat' dir='ltr'><em>fundasse,</em></span> <span class='ocrx_word' id='word_1_170' title='bbox 616 3520 799 3585; x_wconf 88' lang='lat' dir='ltr'><em>liberaliter</em></span> <span class='ocrx_word' id='word_1_171' title='bbox 829 3524 890 3587; x_wconf 89' lang='lat' dir='ltr'><em>tibi</em></span> 
     </span>
     <span class='ocr_line' id='line_1_32' title="bbox 86 3611 891 3694; baseline 0.015 -23"><span class='ocrx_word' id='word_1_172' title='bbox 86 3611 213 3684; x_wconf 90' lang='lat' dir='ltr'><em>factas,</em></span> <span class='ocrx_word' id='word_1_173' title='bbox 228 3611 313 3674; x_wconf 77' lang='lat' dir='ltr'><em>stcut</em></span> <span class='ocrx_word' id='word_1_174' title='bbox 325 3613 544 3678; x_wconf 90' lang='lat' dir='ltr'><em>instrumento</em></span> <span class='ocrx_word' id='word_1_175' title='bbox 557 3617 689 3694; x_wconf 90' lang='lat' dir='ltr'><em>publico</em></span> <span class='ocrx_word' id='word_1_176' title='bbox 703 3621 891 3686; x_wconf 90' lang='lat' dir='ltr'><em>continetur</em></span> 
     </span>
     <span class='ocr_line' id='line_1_33' title="bbox 85 3709 887 3796; baseline 0.016 -26"><span class='ocrx_word' id='word_1_177' title='bbox 85 3709 294 3774; x_wconf 87' lang='lat' dir='ltr'><em>auctoritate</em></span> <span class='ocrx_word' id='word_1_178' title='bbox 327 3710 388 3773; x_wconf 88' lang='lat' dir='ltr'><em>tibi</em></span> <span class='ocrx_word' id='word_1_179' title='bbox 419 3714 609 3792; x_wconf 79' lang='lat' dir='ltr'><em>Apostolica</em></span> <span class='ocrx_word' id='word_1_180' title='bbox 643 3717 887 3796; x_wconf 84' lang='lat' dir='ltr'><em>confirmamus,</em></span> 
     </span>
     <span class='ocr_line' id='line_1_34' title="bbox 84 3801 887 3894; baseline 0.017 -28"><span class='ocrx_word' id='word_1_181' title='bbox 84 3808 154 3868; x_wconf 88' lang='lat' dir='ltr'><em>etc.</em></span> <span class='ocrx_word' id='word_1_182' title='bbox 186 3807 306 3868; x_wconf 90' lang='lat' dir='ltr'><em>Datum</em></span> <span class='ocrx_word' id='word_1_183' title='bbox 339 3809 511 3882; x_wconf 89' lang='lat' dir='ltr'><em>Laterani,</em></span> <span class='ocrx_word' id='word_1_184' title='bbox 531 3811 642 3873; x_wconf 87' lang='lat' dir='ltr'><em>idibus</em></span> <span class='ocrx_word' id='word_1_185' title='bbox 680 3801 887 3894; x_wconf 72' lang='lat' dir='ltr'><em>septembris,</em></span> 
     </span>
     <span class='ocr_line' id='line_1_35' title="bbox 83 3903 661 3986; baseline 0.016 -22"><span class='ocrx_word' id='word_1_186' title='bbox 83 3903 305 3981; x_wconf 88' lang='lat' dir='ltr'><em>pontificatus</em></span> <span class='ocrx_word' id='word_1_187' title='bbox 318 3905 424 3969; x_wconf 91' lang='lat' dir='ltr'><em>nostri</em></span> <span class='ocrx_word' id='word_1_188' title='bbox 439 3923 528 3971; x_wconf 88' lang='lat' dir='ltr'><em>anno</em></span> <span class='ocrx_word' id='word_1_189' title='bbox 543 3909 661 3986; x_wconf 90' lang='lat' dir='ltr'><em>primo.</em></span> 
     </span>
    </p>
   </div>
   <div class='ocr_carea' id='block_1_8' title="bbox 444 4103 535 4190">
    <p class='ocr_par' dir='ltr' id='par_1_8' title="bbox 444 4103 535 4190">
     <span class='ocr_line' id='line_1_36' title="bbox 444 4103 535 4190; baseline 0 0"><span class='ocrx_word' id='word_1_190' title='bbox 444 4103 535 4190; x_wconf 88' lang='lat' dir='ltr'><em>XXI</em></span> 
     </span>
    </p>
   </div>
   <div class='ocr_carea' id='block_1_9' title="bbox 40 4279 887 4454">
    <p class='ocr_par' dir='ltr' id='par_1_9' title="bbox 40 4279 887 4454">
     <span class='ocr_line' id='line_1_37' title="bbox 40 4279 887 4358; baseline 0.019 -22"><span class='ocrx_word' id='word_1_191' title='bbox 40 4283 50 4298; x_wconf 87' lang='lat'>·</span> <span class='ocrx_word' id='word_1_192' title='bbox 85 4279 139 4338; x_wconf 78' lang='lat' dir='ltr'><em>Ad</em></span> <span class='ocrx_word' id='word_1_193' title='bbox 155 4279 353 4338; x_wconf 48' lang='lat' dir='ltr'><em>„liberiorem</em></span> <span class='ocrx_word' id='word_1_194' title='bbox 373 4284 666 4358; x_wconf 72' lang='lat' dir='ltr'><em>archiepiscopum</em></span> <span class='ocrx_word' id='word_1_195' title='bbox 685 4287 887 4351; x_wconf 71' lang='lat' dir='ltr'><em>nemorosam</em></span> 
     </span>
     <span class='ocr_line' id='line_1_38' title="bbox 294 4375 686 4454; baseline 0.018 -20"><span class='ocrx_word' id='word_1_196' title='bbox 294 4375 328 4436; x_wconf 87' lang='grc'><em>01</em></span> <span class='ocrx_word' id='word_1_197' title='bbox 343 4377 585 4454; x_wconf 83' lang='lat' dir='ltr'><em>snffrcpcncos</em></span> <span class='ocrx_word' id='word_1_198' title='bbox 599 4385 686 4454; x_wconf 81' lang='lat' dir='ltr'><em>ejus.</em></span> 
     </span>
    </p>
   </div>
   <div class='ocr_carea' id='block_1_10' title="bbox 380 4489 596 4564">
    <p class='ocr_par' dir='ltr' id='par_1_10' title="bbox 380 4489 596 4564">
     <span class='ocr_line' id='line_1_39' title="bbox 380 4489 596 4564; baseline 0.023 -18"><span class='ocrx_word' id='word_1_199' title='bbox 380 4489 414 4547; x_wconf 78' lang='grc'><em>111</em></span> <span class='ocrx_word' id='word_1_200' title='bbox 427 4498 500 4564; x_wconf 86' lang='lat' dir='ltr'><em>sept.</em></span> <span class='ocrx_word' id='word_1_201' title='bbox 519 4493 596 4551; x_wconf 78' lang='grc'><strong>1116.</strong></span> 
     </span>
    </p>
   </div>
   <div class='ocr_carea' id='block_1_11' title="bbox 86 4611 887 4762">
    <p class='ocr_par' dir='ltr' id='par_1_11' title="bbox 86 4611 887 4762">
     <span class='ocr_line' id='line_1_40' title="bbox 86 4611 887 4684; baseline 0.019 -25"><span class='ocrx_word' id='word_1_202' title='bbox 86 4611 265 4670; x_wconf 82' lang='lat' dir='ltr'><em>[bionumcnts</em></span> <span class='ocrx_word' id='word_1_203' title='bbox 283 4625 348 4675; x_wconf 88' lang='lat' dir='ltr'><em>pour</em></span> <span class='ocrx_word' id='word_1_204' title='bbox 369 4613 449 4663; x_wconf 84' lang='lat' dir='ltr'><em>servir</em></span> <span class='ocrx_word' id='word_1_205' title='bbox 467 4615 482 4664; x_wconf 75' lang='lat' dir='ltr'><em>a</em></span> <span class='ocrx_word' id='word_1_206' title='bbox 498 4615 620 4667; x_wconf 87' lang='lat' dir='ltr'><em>l&#39;bistoire</em></span> <span class='ocrx_word' id='word_1_207' title='bbox 639 4617 682 4668; x_wconf 87' lang='lat' dir='ltr'><em>des</em></span> <span class='ocrx_word' id='word_1_208' title='bbox 706 4619 839 4684; x_wconf 88' lang='lat' dir='ltr'><em>provinces</em></span> <span class='ocrx_word' id='word_1_209' title='bbox 856 4624 887 4674; x_wconf 89' lang='lat' dir='ltr'><em>de</em></span> 
     </span>
     <span class='ocr_line' id='line_1_41' title="bbox 277 4693 698 4762; baseline 0.014 -20"><span class='ocrx_word' id='word_1_210' title='bbox 277 4693 383 4752; x_wconf 79' lang='lat' dir='ltr'><em>Nemus,</em></span> <span class='ocrx_word' id='word_1_211' title='bbox 403 4699 423 4743; x_wconf 92' lang='lat' dir='ltr'><em>t.</em></span> <span class='ocrx_word' id='word_1_212' title='bbox 436 4693 498 4756; x_wconf 89' lang='grc'><strong>11,1,</strong></span> <span class='ocrx_word' id='word_1_213' title='bbox 516 4710 541 4760; x_wconf 92' lang='lat' dir='ltr'><em>p.</em></span> <span class='ocrx_word' id='word_1_214' title='bbox 557 4695 596 4756; x_wconf 76' lang='lat' dir='ltr'><em>tl,</em></span> <span class='ocrx_word' id='word_1_215' title='bbox 609 4698 698 4762; x_wconf 83' lang='grc'><strong>1.13].</strong></span> 
     </span>
    </p>
   </div>
   <div class='ocr_carea' id='block_1_12' title="bbox 83 4832 886 4982">
    <p class='ocr_par' dir='ltr' id='par_1_12' title="bbox 83 4832 886 4982">
     <span class='ocr_line' id='line_1_42' title="bbox 83 4832 886 4909; baseline 0.019 -21"><span class='ocrx_word' id='word_1_216' title='bbox 83 4832 275 4906; x_wconf 80' lang='lat' dir='ltr'><em>Prtvtlegium</em></span> <span class='ocrx_word' id='word_1_217' title='bbox 295 4834 413 4892; x_wconf 90' lang='grc'><strong>11010111</strong></span> <span class='ocrx_word' id='word_1_218' title='bbox 434 4835 469 4892; x_wconf 90' lang='lat' dir='ltr'><em>de</em></span> <span class='ocrx_word' id='word_1_219' title='bbox 484 4838 635 4909; x_wconf 88' lang='lat' dir='ltr'><em>puniendis</em></span> <span class='ocrx_word' id='word_1_220' title='bbox 657 4839 886 4904; x_wconf 81' lang='lat' dir='ltr'><em>malefactoribus</em></span> 
     </span>
     <span class='ocr_line' id='line_1_43' title="bbox 431 4925 546 4982; baseline 0.017 -2"><span class='ocrx_word' id='word_1_221' title='bbox 431 4925 546 4982; x_wconf 86' lang='lat' dir='ltr'><em>uostris.</em></span> 
     </span>
    </p>
   </div>
   <div class='ocr_carea' id='block_1_13' title="bbox 80 5056 884 5527">
    <p class='ocr_par' dir='ltr' id='par_1_13' title="bbox 80 5056 884 5527">
     <span class='ocr_line' id='line_1_44' title="bbox 124 5056 882 5142; baseline 0.02 -28"><span class='ocrx_word' id='word_1_222' title='bbox 124 5056 297 5116; x_wconf 88' lang='lat' dir='ltr'><em>Honorius</em></span> <span class='ocrx_word' id='word_1_223' title='bbox 308 5057 492 5136; x_wconf 90' lang='lat' dir='ltr'><em>episcopus,</em></span> <span class='ocrx_word' id='word_1_224' title='bbox 506 5076 622 5123; x_wconf 92' lang='lat' dir='ltr'><em>servus</em></span> <span class='ocrx_word' id='word_1_225' title='bbox 633 5079 804 5127; x_wconf 90' lang='lat' dir='ltr'><em>servorum</em></span> <span class='ocrx_word' id='word_1_226' title='bbox 813 5069 882 5142; x_wconf 87' lang='lat' dir='ltr'><em>Dei,</em></span> 
     </span>
     <span class='ocr_line' id='line_1_45' title="bbox 82 5153 884 5240; baseline 0.02 -28"><span class='ocrx_word' id='word_1_227' title='bbox 82 5153 337 5214; x_wconf 82' lang='lat' dir='ltr'><em>venerabilibus</em></span> <span class='ocrx_word' id='word_1_228' title='bbox 363 5154 519 5218; x_wconf 89' lang='lat' dir='ltr'><em>fratribus</em></span> <span class='ocrx_word' id='word_1_229' title='bbox 544 5159 795 5240; x_wconf 89' lang='lat' dir='ltr'><em>archiepiscopo</em></span> <span class='ocrx_word' id='word_1_230' title='bbox 816 5167 884 5228; x_wconf 89' lang='lat' dir='ltr'><em>Re-</em></span> 
     </span>
     <span class='ocr_line' id='line_1_46' title="bbox 82 5250 884 5333; baseline 0.02 -24"><span class='ocrx_word' id='word_1_231' title='bbox 82 5250 197 5310; x_wconf 90' lang='lat' dir='ltr'><em>mensi</em></span> <span class='ocrx_word' id='word_1_232' title='bbox 210 5250 242 5312; x_wconf 92' lang='lat' dir='ltr'><em>et</em></span> <span class='ocrx_word' id='word_1_233' title='bbox 258 5251 480 5329; x_wconf 82' lang='lat' dir='ltr'><em>suffraganeis</em></span> <span class='ocrx_word' id='word_1_234' title='bbox 500 5259 582 5333; x_wconf 88' lang='lat' dir='ltr'><em>ejus,</em></span> <span class='ocrx_word' id='word_1_235' title='bbox 609 5258 641 5319; x_wconf 97' lang='lat' dir='ltr'><em>et</em></span> <span class='ocrx_word' id='word_1_236' title='bbox 660 5259 790 5324; x_wconf 89' lang='lat' dir='ltr'><em>dilectis</em></span> <span class='ocrx_word' id='word_1_237' title='bbox 805 5262 884 5325; x_wconf 88' lang='lat' dir='ltr'><em>filiis</em></span> 
     </span>
     <span class='ocr_line' id='line_1_47' title="bbox 81 5347 884 5430; baseline 0.017 -21"><span class='ocrx_word' id='word_1_238' title='bbox 81 5347 275 5421; x_wconf 90' lang='lat' dir='ltr'><em>abbatibus,</em></span> <span class='ocrx_word' id='word_1_239' title='bbox 291 5350 733 5430; x_wconf 69' lang='lat' dir='ltr'><em>prioribusarchidiacouis,</em></span> <span class='ocrx_word' id='word_1_240' title='bbox 748 5359 884 5424; x_wconf 91' lang='lat' dir='ltr'><em>decanis</em></span> 
     </span>
     <span class='ocr_line' id='line_1_48' title="bbox 80 5444 884 5527; baseline 0.019 -21"><span class='ocrx_word' id='word_1_241' title='bbox 80 5447 116 5506; x_wconf 90' lang='lat' dir='ltr'><em>et</em></span> <span class='ocrx_word' id='word_1_242' title='bbox 147 5444 225 5508; x_wconf 89' lang='lat' dir='ltr'><em>aliis</em></span> <span class='ocrx_word' id='word_1_243' title='bbox 246 5446 464 5510; x_wconf 89' lang='lat' dir='ltr'><em>ecclesiarum</em></span> <span class='ocrx_word' id='word_1_244' title='bbox 490 5452 638 5527; x_wconf 89' lang='lat' dir='ltr'><em>praelatis</em></span> <span class='ocrx_word' id='word_1_245' title='bbox 669 5455 704 5515; x_wconf 93' lang='lat' dir='ltr'><em>iu</em></span> <span class='ocrx_word' id='word_1_246' title='bbox 728 5459 884 5521; x_wconf 88' lang='lat' dir='ltr'><em>Remensi</em></span> 
     </span>
    </p>
   </div>
   <div class='ocr_carea' id='block_1_14' title="bbox 952 485 1747 670">
    <p class='ocr_par' dir='ltr' id='par_1_14' title="bbox 952 485 1747 670">
     <span class='ocr_line' id='line_1_49' title="bbox 992 485 1747 572; baseline 0.019 -26"><span class='ocrx_word' id='word_1_247' title='bbox 992 485 1068 546; x_wconf 90' lang='lat' dir='ltr'><em>Non</em></span> <span class='ocrx_word' id='word_1_248' title='bbox 1096 485 1220 565; x_wconf 87' lang='lat' dir='ltr'><em>absque</em></span> <span class='ocrx_word' id='word_1_249' title='bbox 1257 487 1371 554; x_wconf 91' lang='lat' dir='ltr'><em>dolore</em></span> <span class='ocrx_word' id='word_1_250' title='bbox 1404 491 1514 554; x_wconf 87' lang='lat' dir='ltr'><em>cordis</em></span> <span class='ocrx_word' id='word_1_251' title='bbox 1539 495 1572 556; x_wconf 91' lang='lat' dir='ltr'><em>et</em></span> <span class='ocrx_word' id='word_1_252' title='bbox 1604 493 1747 572; x_wconf 87' lang='lat' dir='ltr'><em>plurime</em></span> 
     </span>
     <span class='ocr_line' id='line_1_50' title="bbox 952 582 1747 670; baseline 0.016 -28"><span class='ocrx_word' id='word_1_253' title='bbox 952 582 1140 646; x_wconf 89' lang='lat' dir='ltr'><em>turbatione</em></span> <span class='ocrx_word' id='word_1_254' title='bbox 1168 585 1355 661; x_wconf 72' lang='lat' dir='ltr'><em>didicimus</em></span> <span class='ocrx_word' id='word_1_255' title='bbox 1381 589 1468 667; x_wconf 87' lang='lat' dir='ltr'><em>quod</em></span> <span class='ocrx_word' id='word_1_256' title='bbox 1492 590 1539 652; x_wconf 88' lang='lat' dir='ltr'><em>ita</em></span> <span class='ocrx_word' id='word_1_257' title='bbox 1560 591 1596 653; x_wconf 92' lang='lat' dir='ltr'><em>in</em></span> <span class='ocrx_word' id='word_1_258' title='bbox 1622 593 1747 670; x_wconf 90' lang='lat' dir='ltr'><em>pleris-</em></span> 
     </span>
    </p>
   </div>
   <div class='ocr_carea' id='block_1_15' title="bbox 938 681 1783 5544">
    <p class='ocr_par' dir='ltr' id='par_1_15' title="bbox 950 681 1776 1634">
     <span class='ocr_line' id='line_1_51' title="bbox 952 681 1748 758; baseline 0.016 -19"><span class='ocrx_word' id='word_1_259' title='bbox 952 695 1015 756; x_wconf 90' lang='lat' dir='ltr'><em>que</em></span> <span class='ocrx_word' id='word_1_260' title='bbox 1037 681 1185 758; x_wconf 88' lang='lat' dir='ltr'><em>partibus</em></span> <span class='ocrx_word' id='word_1_261' title='bbox 1209 685 1436 748; x_wconf 89' lang='lat' dir='ltr'><em>ecclesiastica</em></span> <span class='ocrx_word' id='word_1_262' title='bbox 1458 703 1600 750; x_wconf 90' lang='lat' dir='ltr'><em>censura</em></span> <span class='ocrx_word' id='word_1_263' title='bbox 1627 690 1748 751; x_wconf 90' lang='lat' dir='ltr'><em>dissol-</em></span> 
     </span>
     <span class='ocr_line' id='line_1_52' title="bbox 951 776 1748 849; baseline 0.015 -12"><span class='ocrx_word' id='word_1_264' title='bbox 951 776 1041 838; x_wconf 89' lang='lat' dir='ltr'><em>vitur</em></span> <span class='ocrx_word' id='word_1_265' title='bbox 1052 779 1085 841; x_wconf 94' lang='lat' dir='ltr'><em>et</em></span> <span class='ocrx_word' id='word_1_266' title='bbox 1099 782 1268 843; x_wconf 80' lang='lat' dir='ltr'><em>canonicae</em></span> <span class='ocrx_word' id='word_1_267' title='bbox 1285 783 1456 846; x_wconf 85' lang='lat' dir='ltr'><em>sententiae</em></span> <span class='ocrx_word' id='word_1_268' title='bbox 1471 787 1632 847; x_wconf 90' lang='lat' dir='ltr'><em>severitas</em></span> <span class='ocrx_word' id='word_1_269' title='bbox 1648 803 1748 849; x_wconf 90' lang='lat' dir='ltr'><em>ener-</em></span> 
     </span>
     <span class='ocr_line' id='line_1_53' title="bbox 951 875 1743 962; baseline 0.011 -26"><span class='ocrx_word' id='word_1_270' title='bbox 951 875 1059 950; x_wconf 88' lang='lat' dir='ltr'><em>vatur,</em></span> <span class='ocrx_word' id='word_1_271' title='bbox 1086 878 1122 939; x_wconf 89' lang='lat' dir='ltr'><em>ut</em></span> <span class='ocrx_word' id='word_1_272' title='bbox 1139 878 1204 940; x_wconf 90' lang='lat' dir='ltr'><em>viri</em></span> <span class='ocrx_word' id='word_1_273' title='bbox 1227 879 1377 956; x_wconf 80' lang='lat' dir='ltr'><em>religiosi</em></span> <span class='ocrx_word' id='word_1_274' title='bbox 1399 884 1433 943; x_wconf 92' lang='lat' dir='ltr'><em>et</em></span> <span class='ocrx_word' id='word_1_275' title='bbox 1455 883 1490 943; x_wconf 93' lang='lat' dir='ltr'><em>bi</em></span> <span class='ocrx_word' id='word_1_276' title='bbox 1509 884 1665 956; x_wconf 82' lang='lat' dir='ltr'><em>maxime,</em></span> <span class='ocrx_word' id='word_1_277' title='bbox 1687 885 1743 962; x_wconf 91' lang='lat' dir='ltr'><em>qui</em></span> 
     </span>
     <span class='ocr_line' id='line_1_54' title="bbox 951 973 1746 1058; baseline 0.014 -26"><span class='ocrx_word' id='word_1_278' title='bbox 951 988 1010 1048; x_wconf 93' lang='lat' dir='ltr'><em>per</em></span> <span class='ocrx_word' id='word_1_279' title='bbox 1030 973 1123 1035; x_wconf 88' lang='lat' dir='ltr'><em>Sedis</em></span> <span class='ocrx_word' id='word_1_280' title='bbox 1140 977 1338 1052; x_wconf 87' lang='lat' dir='ltr'><em>Apostolicae</em></span> <span class='ocrx_word' id='word_1_281' title='bbox 1357 979 1533 1056; x_wconf 81' lang='lat' dir='ltr'><em>privilegia</em></span> <span class='ocrx_word' id='word_1_282' title='bbox 1550 982 1669 1058; x_wconf 88' lang='lat' dir='ltr'><em>majori</em></span> <span class='ocrx_word' id='word_1_283' title='bbox 1683 982 1746 1043; x_wconf 92' lang='lat' dir='ltr'><em>do·</em></span> 
     </span>
     <span class='ocr_line' id='line_1_55' title="bbox 950 1070 1745 1153; baseline 0.015 -24"><span class='ocrx_word' id='word_1_284' title='bbox 950 1070 1021 1131; x_wconf 90' lang='lat' dir='ltr'><em>nati</em></span> <span class='ocrx_word' id='word_1_285' title='bbox 1047 1073 1123 1134; x_wconf 90' lang='lat' dir='ltr'><em>sunt</em></span> <span class='ocrx_word' id='word_1_286' title='bbox 1142 1073 1306 1148; x_wconf 89' lang='lat' dir='ltr'><em>libertate,</em></span> <span class='ocrx_word' id='word_1_287' title='bbox 1331 1078 1454 1153; x_wconf 89' lang='lat' dir='ltr'><em>passim</em></span> <span class='ocrx_word' id='word_1_288' title='bbox 1477 1093 1496 1138; x_wconf 89' lang='lat' dir='ltr'><em>a</em></span> <span class='ocrx_word' id='word_1_289' title='bbox 1518 1077 1745 1141; x_wconf 90' lang='lat' dir='ltr'><em>malefactori-</em></span> 
     </span>
     <span class='ocr_line' id='line_1_56' title="bbox 950 1166 1776 1254; baseline 0.013 -27"><span class='ocrx_word' id='word_1_290' title='bbox 950 1166 1012 1228; x_wconf 90' lang='lat' dir='ltr'><em>bus</em></span> <span class='ocrx_word' id='word_1_291' title='bbox 1039 1169 1108 1230; x_wconf 92' lang='lat' dir='ltr'><em>suis</em></span> <span class='ocrx_word' id='word_1_292' title='bbox 1138 1169 1280 1248; x_wconf 91' lang='lat' dir='ltr'><em>injurias</em></span> <span class='ocrx_word' id='word_1_293' title='bbox 1308 1174 1495 1236; x_wconf 89' lang='lat' dir='ltr'><em>sustineant</em></span> <span class='ocrx_word' id='word_1_294' title='bbox 1525 1177 1557 1238; x_wconf 88' lang='lat' dir='ltr'><em>et</em></span> <span class='ocrx_word' id='word_1_295' title='bbox 1590 1177 1743 1254; x_wconf 89' lang='lat' dir='ltr'><em>rapinas,</em></span> <span class='ocrx_word' id='word_1_296' title='bbox 1774 1191 1776 1198; x_wconf 75' lang='grc'>’</span> 
     </span>
     <span class='ocr_line' id='line_1_57' title="bbox 951 1265 1745 1351; baseline 0.014 -26"><span class='ocrx_word' id='word_1_297' title='bbox 951 1265 1029 1326; x_wconf 92' lang='lat' dir='ltr'><em>dum</em></span> <span class='ocrx_word' id='word_1_298' title='bbox 1049 1268 1108 1328; x_wconf 89' lang='lat' dir='ltr'><em>vix</em></span> <span class='ocrx_word' id='word_1_299' title='bbox 1130 1267 1299 1331; x_wconf 89' lang='lat' dir='ltr'><em>invenitur</em></span> <span class='ocrx_word' id='word_1_300' title='bbox 1322 1271 1378 1349; x_wconf 92' lang='lat' dir='ltr'><em>qui</em></span> <span class='ocrx_word' id='word_1_301' title='bbox 1401 1288 1549 1350; x_wconf 84' lang='lat' dir='ltr'><em>congrua</em></span> <span class='ocrx_word' id='word_1_302' title='bbox 1571 1273 1640 1334; x_wconf 91' lang='lat' dir='ltr'><em>illis</em></span> <span class='ocrx_word' id='word_1_303' title='bbox 1663 1291 1745 1351; x_wconf 91' lang='lat' dir='ltr'><em>pro-</em></span> 
     </span>
     <span class='ocr_line' id='line_1_58' title="bbox 950 1363 1748 1448; baseline 0.011 -25"><span class='ocrx_word' id='word_1_304' title='bbox 950 1363 1093 1426; x_wconf 88' lang='lat' dir='ltr'><em>tectione</em></span> <span class='ocrx_word' id='word_1_305' title='bbox 1116 1366 1302 1438; x_wconf 86' lang='lat' dir='ltr'><em>subveniat,</em></span> <span class='ocrx_word' id='word_1_306' title='bbox 1323 1371 1357 1431; x_wconf 93' lang='lat' dir='ltr'><em>et</em></span> <span class='ocrx_word' id='word_1_307' title='bbox 1373 1385 1435 1446; x_wconf 92' lang='lat' dir='ltr'><em>pro</em></span> <span class='ocrx_word' id='word_1_308' title='bbox 1454 1369 1595 1432; x_wconf 91' lang='lat' dir='ltr'><em>fovenda</em></span> <span class='ocrx_word' id='word_1_309' title='bbox 1621 1387 1748 1448; x_wconf 90' lang='lat' dir='ltr'><em>paupe·</em></span> 
     </span>
     <span class='ocr_line' id='line_1_59' title="bbox 950 1462 1748 1547; baseline 0.014 -27"><span class='ocrx_word' id='word_1_310' title='bbox 950 1476 1024 1521; x_wconf 92' lang='lat' dir='ltr'><em>rum</em></span> <span class='ocrx_word' id='word_1_311' title='bbox 1046 1462 1235 1526; x_wconf 88' lang='lat' dir='ltr'><em>innocentia</em></span> <span class='ocrx_word' id='word_1_312' title='bbox 1256 1481 1291 1528; x_wconf 90' lang='lat' dir='ltr'><em>sa</em></span> <span class='ocrx_word' id='word_1_313' title='bbox 1311 1483 1441 1529; x_wconf 90' lang='lat' dir='ltr'><em>murum</em></span> <span class='ocrx_word' id='word_1_314' title='bbox 1461 1467 1664 1530; x_wconf 89' lang='lat' dir='ltr'><em>defensionis</em></span> <span class='ocrx_word' id='word_1_315' title='bbox 1687 1485 1748 1547; x_wconf 90' lang='lat' dir='ltr'><em>op·</em></span> 
     </span>
     <span class='ocr_line' id='line_1_60' title="bbox 950 1559 1061 1634; baseline 0.018 -16"><span class='ocrx_word' id='word_1_316' title='bbox 950 1559 1061 1634; x_wconf 89' lang='lat' dir='ltr'><em>ponat.</em></span> 
     </span>
    </p>

    <p class='ocr_par' dir='ltr' id='par_1_16' title="bbox 938 1657 1783 5544">
     <span class='ocr_line' id='line_1_61' title="bbox 991 1657 1746 1736; baseline 0.012 -20"><span class='ocrx_word' id='word_1_317' title='bbox 991 1657 1188 1733; x_wconf 84' lang='lat' dir='ltr'><em>Specialiter</em></span> <span class='ocrx_word' id='word_1_318' title='bbox 1215 1659 1325 1723; x_wconf 88' lang='lat' dir='ltr'><em>autem</em></span> <span class='ocrx_word' id='word_1_319' title='bbox 1351 1661 1463 1724; x_wconf 90' lang='lat' dir='ltr'><em>dilecti</em></span> <span class='ocrx_word' id='word_1_320' title='bbox 1489 1662 1562 1736; x_wconf 86' lang='lat' dir='ltr'><em>fllii,</em></span> <span class='ocrx_word' id='word_1_321' title='bbox 1583 1662 1685 1724; x_wconf 90' lang='lat' dir='ltr'><em>abbas</em></span> <span class='ocrx_word' id='word_1_322' title='bbox 1713 1663 1746 1725; x_wconf 91' lang='lat' dir='ltr'><em>et</em></span> 
     </span>
     <span class='ocr_line' id='line_1_62' title="bbox 950 1753 1744 1832; baseline 0.009 -18"><span class='ocrx_word' id='word_1_323' title='bbox 950 1753 1132 1817; x_wconf 87' lang='lat' dir='ltr'><em>conventus</em></span> <span class='ocrx_word' id='word_1_324' title='bbox 1147 1755 1187 1818; x_wconf 93' lang='lat' dir='ltr'><em>de</em></span> <span class='ocrx_word' id='word_1_325' title='bbox 1203 1758 1416 1832; x_wconf 85' lang='lat' dir='ltr'><em>camberone‚</em></span> <span class='ocrx_word' id='word_1_326' title='bbox 1439 1761 1669 1822; x_wconf 86' lang='lat' dir='ltr'><em>Cisterciensis</em></span> <span class='ocrx_word' id='word_1_327' title='bbox 1684 1778 1744 1823; x_wconf 92' lang='lat' dir='ltr'><em>or-</em></span> 
     </span>
     <span class='ocr_line' id='line_1_63' title="bbox 950 1851 1745 1935; baseline 0.01 -24"><span class='ocrx_word' id='word_1_328' title='bbox 950 1851 1048 1924; x_wconf 92' lang='lat' dir='ltr'><em>dinis,</em></span> <span class='ocrx_word' id='word_1_329' title='bbox 1064 1852 1132 1914; x_wconf 87' lang='lat' dir='ltr'><em>tam</em></span> <span class='ocrx_word' id='word_1_330' title='bbox 1148 1852 1187 1915; x_wconf 95' lang='lat' dir='ltr'><em>de</em></span> <span class='ocrx_word' id='word_1_331' title='bbox 1202 1855 1428 1933; x_wconf 89' lang='lat' dir='ltr'><em>frequentibus</em></span> <span class='ocrx_word' id='word_1_332' title='bbox 1444 1858 1578 1935; x_wconf 89' lang='lat' dir='ltr'><em>injuriis</em></span> <span class='ocrx_word' id='word_1_333' title='bbox 1591 1875 1689 1935; x_wconf 88' lang='lat' dir='ltr'><em>quam</em></span> <span class='ocrx_word' id='word_1_334' title='bbox 1704 1858 1745 1920; x_wconf 90' lang='lat' dir='ltr'><em>de</em></span> 
     </span>
     <span class='ocr_line' id='line_1_64' title="bbox 949 1946 1747 2034; baseline 0.01 -25"><span class='ocrx_word' id='word_1_335' title='bbox 949 1946 1021 2026; x_wconf 90' lang='lat' dir='ltr'><em>ipso</em></span> <span class='ocrx_word' id='word_1_336' title='bbox 1055 1951 1247 2027; x_wconf 90' lang='lat' dir='ltr'><em>quotidiano</em></span> <span class='ocrx_word' id='word_1_337' title='bbox 1276 1954 1406 2016; x_wconf 92' lang='lat' dir='ltr'><em>defectu</em></span> <span class='ocrx_word' id='word_1_338' title='bbox 1432 1955 1571 2034; x_wconf 87' lang='lat' dir='ltr'><em>justitiae</em></span> <span class='ocrx_word' id='word_1_339' title='bbox 1600 1955 1747 2033; x_wconf 91' lang='lat' dir='ltr'><em>conque-</em></span> 
     </span>
     <span class='ocr_line' id='line_1_65' title="bbox 948 2047 1744 2131; baseline 0.01 -24"><span class='ocrx_word' id='word_1_340' title='bbox 948 2047 1070 2120; x_wconf 90' lang='lat' dir='ltr'><em>rentes,</em></span> <span class='ocrx_word' id='word_1_341' title='bbox 1096 2050 1347 2114; x_wconf 89' lang='lat' dir='ltr'><em>universitatem</em></span> <span class='ocrx_word' id='word_1_342' title='bbox 1368 2055 1516 2130; x_wconf 85' lang='lat' dir='ltr'><em>vestram</em></span> <span class='ocrx_word' id='word_1_343' title='bbox 1541 2054 1661 2115; x_wconf 89' lang='lat' dir='ltr'><em>litteris</em></span> <span class='ocrx_word' id='word_1_344' title='bbox 1680 2071 1744 2131; x_wconf 89' lang='lat' dir='ltr'><em>pe-</em></span> 
     </span>
     <span class='ocr_line' id='line_1_66' title="bbox 947 2143 1745 2224; baseline 0.014 -20"><span class='ocrx_word' id='word_1_345' title='bbox 947 2143 1072 2208; x_wconf 91' lang='lat' dir='ltr'><em>tierunt</em></span> <span class='ocrx_word' id='word_1_346' title='bbox 1085 2149 1283 2224; x_wconf 88' lang='lat' dir='ltr'><em>Apostolicis</em></span> <span class='ocrx_word' id='word_1_347' title='bbox 1303 2151 1453 2224; x_wconf 83' lang='lat' dir='ltr'><em>excitari,</em></span> <span class='ocrx_word' id='word_1_348' title='bbox 1492 2152 1567 2214; x_wconf 89' lang='lat' dir='ltr'><em>tita</em></span> <span class='ocrx_word' id='word_1_349' title='bbox 1588 2151 1745 2215; x_wconf 81' lang='lat' dir='ltr'><em>uidelicet</em></span> 
     </span>
     <span class='ocr_line' id='line_1_67' title="bbox 948 2242 1744 2312; baseline 0.011 -10"><span class='ocrx_word' id='word_1_350' title='bbox 948 2242 1049 2304; x_wconf 91' lang='lat' dir='ltr'><em>eisin</em></span> <span class='ocrx_word' id='word_1_351' title='bbox 1067 2245 1339 2309; x_wconf 90' lang='lat' dir='ltr'><em>tribulationibus</em></span> <span class='ocrx_word' id='word_1_352' title='bbox 1363 2249 1432 2310; x_wconf 89' lang='lat' dir='ltr'><em>suis</em></span> <span class='ocrx_word' id='word_1_353' title='bbox 1452 2251 1567 2312; x_wconf 91' lang='lat' dir='ltr'><em>contra</em></span> <span class='ocrx_word' id='word_1_354' title='bbox 1582 2249 1744 2311; x_wconf 88' lang='lat' dir='ltr'><em>malefac-</em></span> 
     </span>
     <span class='ocr_line' id='line_1_68' title="bbox 947 2339 1744 2422; baseline 0.005 -20"><span class='ocrx_word' id='word_1_355' title='bbox 947 2339 1036 2402; x_wconf 87' lang='lat' dir='ltr'><em>tores</em></span> <span class='ocrx_word' id='word_1_356' title='bbox 1051 2357 1165 2404; x_wconf 91' lang='lat' dir='ltr'><em>eorum</em></span> <span class='ocrx_word' id='word_1_357' title='bbox 1179 2345 1331 2422; x_wconf 88' lang='lat' dir='ltr'><em>prompta</em></span> <span class='ocrx_word' id='word_1_358' title='bbox 1356 2345 1505 2407; x_wconf 85' lang='lat' dir='ltr'><em>debeatis</em></span> <span class='ocrx_word' id='word_1_359' title='bbox 1521 2347 1744 2422; x_wconf 85' lang='lat' dir='ltr'><em>magnanimi-</em></span> 
     </span>
     <span class='ocr_line' id='line_1_69' title="bbox 947 2439 1744 2521; baseline 0.006 -22"><span class='ocrx_word' id='word_1_360' title='bbox 947 2439 1014 2500; x_wconf 89' lang='lat' dir='ltr'><em>tate</em></span> <span class='ocrx_word' id='word_1_361' title='bbox 1038 2456 1250 2518; x_wconf 87' lang='lat' dir='ltr'><em>consurgere,</em></span> <span class='ocrx_word' id='word_1_362' title='bbox 1279 2442 1364 2520; x_wconf 93' lang='lat' dir='ltr'><em>quod</em></span> <span class='ocrx_word' id='word_1_363' title='bbox 1390 2442 1431 2504; x_wconf 89' lang='lat' dir='ltr'><em>ab</em></span> <span class='ocrx_word' id='word_1_364' title='bbox 1457 2443 1633 2520; x_wconf 82' lang='lat' dir='ltr'><em>angustiis,</em></span> <span class='ocrx_word' id='word_1_365' title='bbox 1661 2459 1744 2521; x_wconf 89' lang='lat' dir='ltr'><em>quas</em></span> 
     </span>
     <span class='ocr_line' id='line_1_70' title="bbox 948 2537 1743 2618; baseline 0.009 -22"><span class='ocrx_word' id='word_1_366' title='bbox 948 2537 1123 2611; x_wconf 90' lang='lat' dir='ltr'><em>sustinent,</em></span> <span class='ocrx_word' id='word_1_367' title='bbox 1151 2541 1184 2601; x_wconf 93' lang='lat' dir='ltr'><em>et</em></span> <span class='ocrx_word' id='word_1_368' title='bbox 1197 2541 1362 2616; x_wconf 90' lang='lat' dir='ltr'><em>pressuris</em></span> <span class='ocrx_word' id='word_1_369' title='bbox 1383 2541 1494 2602; x_wconf 90' lang='lat' dir='ltr'><em>vestro</em></span> <span class='ocrx_word' id='word_1_370' title='bbox 1514 2541 1641 2618; x_wconf 90' lang='lat' dir='ltr'><em>possint</em></span> <span class='ocrx_word' id='word_1_371' title='bbox 1653 2557 1743 2618; x_wconf 83' lang='lat' dir='ltr'><em>prae-</em></span> 
     </span>
     <span class='ocr_line' id='line_1_71' title="bbox 948 2633 1741 2713; baseline 0.006 -19"><span class='ocrx_word' id='word_1_372' title='bbox 948 2633 1032 2696; x_wconf 90' lang='lat' dir='ltr'><em>sidio</em></span> <span class='ocrx_word' id='word_1_373' title='bbox 1057 2637 1235 2713; x_wconf 90' lang='lat' dir='ltr'><em>respirare.</em></span> <span class='ocrx_word' id='word_1_374' title='bbox 1253 2639 1413 2710; x_wconf 89' lang='lat' dir='ltr'><em>Quocirca</em></span> <span class='ocrx_word' id='word_1_375' title='bbox 1436 2639 1648 2701; x_wconf 84' lang='lat' dir='ltr'><em>universitati</em></span> <span class='ocrx_word' id='word_1_376' title='bbox 1662 2654 1741 2700; x_wconf 89' lang='lat' dir='ltr'><em>ves-</em></span> 
     </span>
     <span class='ocr_line' id='line_1_72' title="bbox 946 2730 1743 2814; baseline 0.008 -23"><span class='ocrx_word' id='word_1_377' title='bbox 946 2730 1007 2793; x_wconf 89' lang='lat' dir='ltr'><em>trae</em></span> <span class='ocrx_word' id='word_1_378' title='bbox 1020 2749 1080 2810; x_wconf 88' lang='lat' dir='ltr'><em>per</em></span> <span class='ocrx_word' id='word_1_379' title='bbox 1093 2735 1282 2811; x_wconf 78' lang='lat' dir='ltr'><em>apostolica</em></span> <span class='ocrx_word' id='word_1_380' title='bbox 1297 2736 1421 2814; x_wconf 88' lang='lat' dir='ltr'><em>scripta</em></span> <span class='ocrx_word' id='word_1_381' title='bbox 1434 2737 1629 2797; x_wconf 89' lang='lat' dir='ltr'><em>mandamus</em></span> <span class='ocrx_word' id='word_1_382' title='bbox 1644 2735 1743 2814; x_wconf 90' lang='lat' dir='ltr'><em>atque</em></span> 
     </span>
     <span class='ocr_line' id='line_1_73' title="bbox 947 2830 1743 2911; baseline 0.005 -21"><span class='ocrx_word' id='word_1_383' title='bbox 947 2830 1170 2908; x_wconf 86' lang='lat' dir='ltr'><em>praecipimus,</em></span> <span class='ocrx_word' id='word_1_384' title='bbox 1210 2832 1372 2910; x_wconf 88' lang='lat' dir='ltr'><em>quatenus</em></span> <span class='ocrx_word' id='word_1_385' title='bbox 1406 2833 1482 2895; x_wconf 91' lang='lat' dir='ltr'><em>illos</em></span> <span class='ocrx_word' id='word_1_386' title='bbox 1517 2834 1574 2911; x_wconf 91' lang='lat' dir='ltr'><em>qui</em></span> <span class='ocrx_word' id='word_1_387' title='bbox 1608 2849 1743 2911; x_wconf 90' lang='lat' dir='ltr'><em>posses-</em></span> 
     </span>
     <span class='ocr_line' id='line_1_74' title="bbox 948 2927 1744 3008; baseline 0.005 -20"><span class='ocrx_word' id='word_1_388' title='bbox 948 2927 1059 2989; x_wconf 89' lang='lat' dir='ltr'><em>siones</em></span> <span class='ocrx_word' id='word_1_389' title='bbox 1074 2930 1195 2992; x_wconf 82' lang='grc'><strong>161160</strong></span> <span class='ocrx_word' id='word_1_390' title='bbox 1214 2946 1274 2992; x_wconf 90' lang='lat' dir='ltr'><em>seu</em></span> <span class='ocrx_word' id='word_1_391' title='bbox 1295 2930 1409 2992; x_wconf 91' lang='lat' dir='ltr'><em>domos</em></span> <span class='ocrx_word' id='word_1_392' title='bbox 1425 2931 1658 3008; x_wconf 85' lang='lat' dir='ltr'><em>praedictorum</em></span> <span class='ocrx_word' id='word_1_393' title='bbox 1673 2931 1744 2992; x_wconf 90' lang='lat' dir='ltr'><em>fra-</em></span> 
     </span>
     <span class='ocr_line' id='line_1_75' title="bbox 946 3025 1743 3090; baseline 0.005 -4"><span class='ocrx_word' id='word_1_394' title='bbox 946 3025 1034 3086; x_wconf 93' lang='lat' dir='ltr'><em>trum</em></span> <span class='ocrx_word' id='word_1_395' title='bbox 1060 3025 1114 3088; x_wconf 89' lang='lat' dir='ltr'><em>vel</em></span> <span class='ocrx_word' id='word_1_396' title='bbox 1147 3027 1319 3089; x_wconf 91' lang='lat' dir='ltr'><em>hominum</em></span> <span class='ocrx_word' id='word_1_397' title='bbox 1349 3043 1485 3090; x_wconf 90' lang='lat' dir='ltr'><em>suorum</em></span> <span class='ocrx_word' id='word_1_398' title='bbox 1518 3027 1743 3090; x_wconf 86' lang='lat' dir='ltr'><em>irreverenter</em></span> 
     </span>
     <span class='ocr_line' id='line_1_76' title="bbox 946 3121 1741 3204; baseline 0.008 -22"><span class='ocrx_word' id='word_1_399' title='bbox 946 3121 1140 3197; x_wconf 90' lang='lat' dir='ltr'><em>invaserint,</em></span> <span class='ocrx_word' id='word_1_400' title='bbox 1158 3125 1216 3187; x_wconf 88' lang='lat' dir='ltr'><em>aut</em></span> <span class='ocrx_word' id='word_1_401' title='bbox 1235 3142 1273 3187; x_wconf 90' lang='lat' dir='ltr'><em>aa</em></span> <span class='ocrx_word' id='word_1_402' title='bbox 1296 3127 1419 3204; x_wconf 90' lang='lat' dir='ltr'><em>injuste</em></span> <span class='ocrx_word' id='word_1_403' title='bbox 1433 3126 1645 3198; x_wconf 87' lang='lat' dir='ltr'><em>detinuerint,</em></span> <span class='ocrx_word' id='word_1_404' title='bbox 1667 3141 1741 3203; x_wconf 77' lang='lat' dir='ltr'><em>qarae</em></span> 
     </span>
     <span class='ocr_line' id='line_1_77' title="bbox 944 3220 1742 3298; baseline 0.004 -17"><span class='ocrx_word' id='word_1_405' title='bbox 944 3220 1112 3298; x_wconf 76' lang='lat' dir='ltr'><em>praedictis</em></span> <span class='ocrx_word' id='word_1_406' title='bbox 1131 3221 1290 3284; x_wconf 87' lang='lat' dir='ltr'><em>iratribus</em></span> <span class='ocrx_word' id='word_1_407' title='bbox 1308 3240 1350 3286; x_wconf 90' lang='lat' dir='ltr'><em>ex</em></span> <span class='ocrx_word' id='word_1_408' title='bbox 1368 3224 1563 3286; x_wconf 88' lang='lat' dir='ltr'><em>testamento</em></span> <span class='ocrx_word' id='word_1_409' title='bbox 1584 3223 1742 3284; x_wconf 89' lang='lat' dir='ltr'><em>deceden-</em></span> 
     </span>
     <span class='ocr_line' id='line_1_78' title="bbox 943 3317 1740 3406; baseline 0.005 -28"><span class='ocrx_word' id='word_1_410' title='bbox 943 3317 1027 3379; x_wconf 92' lang='lat' dir='ltr'><em>tium</em></span> <span class='ocrx_word' id='word_1_411' title='bbox 1039 3319 1260 3406; x_wconf 80' lang='lat' dir='ltr'><em>reliquuntur,</em></span> <span class='ocrx_word' id='word_1_412' title='bbox 1274 3337 1333 3382; x_wconf 90' lang='lat' dir='ltr'><em>seu</em></span> <span class='ocrx_word' id='word_1_413' title='bbox 1344 3321 1377 3382; x_wconf 93' lang='lat' dir='ltr'><em>in</em></span> <span class='ocrx_word' id='word_1_414' title='bbox 1390 3321 1480 3399; x_wconf 89' lang='lat' dir='ltr'><em>ipsos</em></span> <span class='ocrx_word' id='word_1_415' title='bbox 1491 3321 1610 3384; x_wconf 89' lang='lat' dir='ltr'><em>fratres</em></span> <span class='ocrx_word' id='word_1_416' title='bbox 1624 3321 1740 3382; x_wconf 88' lang='lat' dir='ltr'><em>contra</em></span> 
     </span>
     <span class='ocr_line' id='line_1_79' title="bbox 944 3415 1741 3490; baseline 0.005 -16"><span class='ocrx_word' id='word_1_417' title='bbox 944 3415 1141 3490; x_wconf 84' lang='lat' dir='ltr'><em>Apostolicae</em></span> <span class='ocrx_word' id='word_1_418' title='bbox 1156 3417 1251 3478; x_wconf 87' lang='lat' dir='ltr'><em>Sedis</em></span> <span class='ocrx_word' id='word_1_419' title='bbox 1262 3417 1390 3479; x_wconf 89' lang='lat' dir='ltr'><em>indulta</em></span> <span class='ocrx_word' id='word_1_420' title='bbox 1402 3417 1599 3480; x_wconf 89' lang='lat' dir='ltr'><em>sententiam</em></span> <span class='ocrx_word' id='word_1_421' title='bbox 1611 3432 1741 3478; x_wconf 90' lang='lat' dir='ltr'><em>excom·</em></span> 
     </span>
     <span class='ocr_line' id='line_1_80' title="bbox 944 3513 1739 3594; baseline 0.005 -23"><span class='ocrx_word' id='word_1_422' title='bbox 944 3513 1180 3576; x_wconf 90' lang='lat' dir='ltr'><em>municationis</em></span> <span class='ocrx_word' id='word_1_423' title='bbox 1200 3517 1257 3577; x_wconf 91' lang='lat' dir='ltr'><em>aut</em></span> <span class='ocrx_word' id='word_1_424' title='bbox 1277 3515 1444 3577; x_wconf 88' lang='lat' dir='ltr'><em>interdicti</em></span> <span class='ocrx_word' id='word_1_425' title='bbox 1466 3515 1739 3594; x_wconf 69' lang='lat' dir='ltr'><em>presumpserint</em></span> 
     </span>
     <span class='ocr_line' id='line_1_81' title="bbox 944 3612 1735 3690; baseline 0.004 -20"><span class='ocrx_word' id='word_1_426' title='bbox 944 3612 1166 3689; x_wconf 80' lang='lat' dir='ltr'><em>promulgare,</em></span> <span class='ocrx_word' id='word_1_427' title='bbox 1182 3613 1235 3674; x_wconf 91' lang='lat' dir='ltr'><em>vel</em></span> <span class='ocrx_word' id='word_1_428' title='bbox 1261 3613 1406 3674; x_wconf 85' lang='lat' dir='ltr'><em>decimas</em></span> <span class='ocrx_word' id='word_1_429' title='bbox 1420 3612 1571 3675; x_wconf 87' lang='lat' dir='ltr'><em>laborum</em></span> <span class='ocrx_word' id='word_1_430' title='bbox 1592 3612 1633 3673; x_wconf 94' lang='lat' dir='ltr'><em>de</em></span> <span class='ocrx_word' id='word_1_431' title='bbox 1654 3629 1735 3690; x_wconf 88' lang='lat' dir='ltr'><em>pos-</em></span> 
     </span>
     <span class='ocr_line' id='line_1_82' title="bbox 945 3709 1739 3786; baseline 0.003 -18"><span class='ocrx_word' id='word_1_432' title='bbox 945 3709 1149 3770; x_wconf 90' lang='lat' dir='ltr'><em>sessionibus</em></span> <span class='ocrx_word' id='word_1_433' title='bbox 1162 3709 1284 3771; x_wconf 89' lang='lat' dir='ltr'><em>habitis</em></span> <span class='ocrx_word' id='word_1_434' title='bbox 1300 3713 1377 3772; x_wconf 89' lang='lat' dir='ltr'><em>ante</em></span> <span class='ocrx_word' id='word_1_435' title='bbox 1387 3709 1570 3772; x_wconf 85' lang='lat' dir='ltr'><em>Concilium</em></span> <span class='ocrx_word' id='word_1_436' title='bbox 1582 3709 1739 3786; x_wconf 82' lang='lat' dir='ltr'><em>generale</em></span> 
     </span>
     <span class='ocr_line' id='line_1_83' title="bbox 944 3805 1739 3884; baseline 0.004 -18"><span class='ocrx_word' id='word_1_437' title='bbox 944 3821 1004 3866; x_wconf 90' lang='lat' dir='ltr'><em>seu</em></span> <span class='ocrx_word' id='word_1_438' title='bbox 1025 3805 1237 3869; x_wconf 88' lang='lat' dir='ltr'><em>nutrimentis</em></span> <span class='ocrx_word' id='word_1_439' title='bbox 1266 3807 1426 3884; x_wconf 88' lang='lat' dir='ltr'><em>ipsorum,</em></span> <span class='ocrx_word' id='word_1_440' title='bbox 1452 3807 1572 3884; x_wconf 91' lang='lat' dir='ltr'><em>spretis</em></span> <span class='ocrx_word' id='word_1_441' title='bbox 1593 3807 1739 3884; x_wconf 79' lang='lat' dir='ltr'><em>Aposto-</em></span> 
     </span>
     <span class='ocr_line' id='line_1_84' title="bbox 943 3901 1739 3981; baseline 0.004 -19"><span class='ocrx_word' id='word_1_442' title='bbox 943 3901 1017 3966; x_wconf 90' lang='lat' dir='ltr'><em>licae</em></span> <span class='ocrx_word' id='word_1_443' title='bbox 1047 3903 1142 3964; x_wconf 87' lang='lat' dir='ltr'><em>Sedis</em></span> <span class='ocrx_word' id='word_1_444' title='bbox 1167 3903 1364 3981; x_wconf 76' lang='lat' dir='ltr'><em>privilegiis,</em></span> <span class='ocrx_word' id='word_1_445' title='bbox 1395 3904 1604 3981; x_wconf 88' lang='lat' dir='ltr'><em>extorquere,</em></span> <span class='ocrx_word' id='word_1_446' title='bbox 1627 3905 1739 3966; x_wconf 91' lang='lat' dir='ltr'><em>moui-</em></span> 
     </span>
     <span class='ocr_line' id='line_1_85' title="bbox 943 3999 1740 4079; baseline 0 -17"><span class='ocrx_word' id='word_1_447' title='bbox 943 3999 1033 4062; x_wconf 91' lang='lat' dir='ltr'><em>tione</em></span> <span class='ocrx_word' id='word_1_448' title='bbox 1041 4001 1224 4079; x_wconf 89' lang='lat' dir='ltr'><em>praemissa,</em></span> <span class='ocrx_word' id='word_1_449' title='bbox 1235 4001 1264 4064; x_wconf 90' lang='lat' dir='ltr'><em>si</em></span> <span class='ocrx_word' id='word_1_450' title='bbox 1277 4001 1355 4063; x_wconf 91' lang='lat' dir='ltr'><em>laici</em></span> <span class='ocrx_word' id='word_1_451' title='bbox 1368 4001 1504 4074; x_wconf 91' lang='lat' dir='ltr'><em>fuerint,</em></span> <span class='ocrx_word' id='word_1_452' title='bbox 1521 4000 1652 4078; x_wconf 90' lang='lat' dir='ltr'><em>publice</em></span> <span class='ocrx_word' id='word_1_453' title='bbox 1664 4016 1740 4062; x_wconf 90' lang='lat' dir='ltr'><em>can·</em></span> 
     </span>
     <span class='ocr_line' id='line_1_86' title="bbox 943 4097 1739 4162; baseline 0.004 -4"><span class='ocrx_word' id='word_1_454' title='bbox 943 4097 1027 4160; x_wconf 91' lang='lat' dir='ltr'><em>delis</em></span> <span class='ocrx_word' id='word_1_455' title='bbox 1039 4099 1189 4161; x_wconf 90' lang='lat' dir='ltr'><em>accensis</em></span> <span class='ocrx_word' id='word_1_456' title='bbox 1204 4099 1556 4162; x_wconf 82' lang='lat' dir='ltr'><em>excommunicationis</em></span> <span class='ocrx_word' id='word_1_457' title='bbox 1574 4098 1739 4161; x_wconf 86' lang='lat' dir='ltr'><em>sententia</em></span> 
     </span>
     <span class='ocr_line' id='line_1_87' title="bbox 942 4195 1740 4273; baseline 0 -16"><span class='ocrx_word' id='word_1_458' title='bbox 942 4197 1142 4273; x_wconf 90' lang='lat' dir='ltr'><em>percellatis,</em></span> <span class='ocrx_word' id='word_1_459' title='bbox 1156 4195 1274 4260; x_wconf 89' lang='lat' dir='ltr'><em>sivero</em></span> <span class='ocrx_word' id='word_1_460' title='bbox 1288 4197 1403 4258; x_wconf 90' lang='lat' dir='ltr'><em>clerici</em></span> <span class='ocrx_word' id='word_1_461' title='bbox 1414 4197 1467 4258; x_wconf 90' lang='lat' dir='ltr'><em>val</em></span> <span class='ocrx_word' id='word_1_462' title='bbox 1478 4195 1630 4259; x_wconf 90' lang='lat' dir='ltr'><em>canonici</em></span> <span class='ocrx_word' id='word_1_463' title='bbox 1645 4211 1740 4272; x_wconf 80' lang='lat' dir='ltr'><em>regu·</em></span> 
     </span>
     <span class='ocr_line' id='line_1_88' title="bbox 942 4293 1738 4372; baseline 0.001 -19"><span class='ocrx_word' id='word_1_464' title='bbox 942 4293 1030 4355; x_wconf 89' lang='lat' dir='ltr'><em>lares</em></span> <span class='ocrx_word' id='word_1_465' title='bbox 1044 4311 1102 4355; x_wconf 91' lang='lat' dir='ltr'><em>seu</em></span> <span class='ocrx_word' id='word_1_466' title='bbox 1118 4295 1276 4356; x_wconf 87' lang='lat' dir='ltr'><em>monachi</em></span> <span class='ocrx_word' id='word_1_467' title='bbox 1293 4294 1427 4369; x_wconf 90' lang='lat' dir='ltr'><em>fuerint,</em></span> <span class='ocrx_word' id='word_1_468' title='bbox 1444 4311 1501 4356; x_wconf 88' lang='lat' dir='ltr'><em>eos</em></span> <span class='ocrx_word' id='word_1_469' title='bbox 1516 4294 1738 4372; x_wconf 88' lang='lat' dir='ltr'><em>appellatione</em></span> 
     </span>
     <span class='ocr_line' id='line_1_89' title="bbox 942 4390 1735 4468; baseline 0 -17"><span class='ocrx_word' id='word_1_470' title='bbox 942 4391 1068 4452; x_wconf 90' lang='lat' dir='ltr'><em>remota</em></span> <span class='ocrx_word' id='word_1_471' title='bbox 1089 4390 1130 4452; x_wconf 90' lang='lat' dir='ltr'><em>ab</em></span> <span class='ocrx_word' id='word_1_472' title='bbox 1146 4391 1255 4454; x_wconf 85' lang='lat' dir='ltr'><em>officio</em></span> <span class='ocrx_word' id='word_1_473' title='bbox 1280 4393 1312 4454; x_wconf 89' lang='lat' dir='ltr'><em>et</em></span> <span class='ocrx_word' id='word_1_474' title='bbox 1335 4391 1496 4454; x_wconf 91' lang='lat' dir='ltr'><em>beneflcio</em></span> <span class='ocrx_word' id='word_1_475' title='bbox 1515 4391 1735 4468; x_wconf 82' lang='lat' dir='ltr'><em>suspendatis,</em></span> 
     </span>
     <span class='ocr_line' id='line_1_90' title="bbox 942 4488 1735 4564; baseline 0.003 -16"><span class='ocrx_word' id='word_1_476' title='bbox 942 4488 1093 4550; x_wconf 91' lang='lat' dir='ltr'><em>neutram</em></span> <span class='ocrx_word' id='word_1_477' title='bbox 1107 4489 1292 4550; x_wconf 86' lang='lat' dir='ltr'><em>relaxaturi</em></span> <span class='ocrx_word' id='word_1_478' title='bbox 1307 4489 1504 4551; x_wconf 88' lang='lat' dir='ltr'><em>sententiam</em></span> <span class='ocrx_word' id='word_1_479' title='bbox 1528 4488 1631 4549; x_wconf 92' lang='lat' dir='ltr'><em>donec</em></span> <span class='ocrx_word' id='word_1_480' title='bbox 1646 4505 1735 4564; x_wconf 90' lang='lat' dir='ltr'><em>prae·</em></span> 
     </span>
     <span class='ocr_line' id='line_1_91' title="bbox 941 4585 1734 4664; baseline 0.001 -19"><span class='ocrx_word' id='word_1_481' title='bbox 941 4585 1038 4648; x_wconf 90' lang='lat' dir='ltr'><em>dictis</em></span> <span class='ocrx_word' id='word_1_482' title='bbox 1053 4585 1210 4648; x_wconf 87' lang='lat' dir='ltr'><em>fratribus</em></span> <span class='ocrx_word' id='word_1_483' title='bbox 1224 4587 1376 4664; x_wconf 91' lang='lat' dir='ltr'><em>plenarie</em></span> <span class='ocrx_word' id='word_1_484' title='bbox 1388 4585 1605 4657; x_wconf 88' lang='lat' dir='ltr'><em>satisfaciant,</em></span> <span class='ocrx_word' id='word_1_485' title='bbox 1622 4587 1654 4646; x_wconf 93' lang='lat' dir='ltr'><em>et</em></span> <span class='ocrx_word' id='word_1_486' title='bbox 1666 4588 1734 4647; x_wconf 90' lang='lat' dir='ltr'><em>tam</em></span> 
     </span>
     <span class='ocr_line' id='line_1_92' title="bbox 941 4682 1737 4761; baseline 0 -18"><span class='ocrx_word' id='word_1_487' title='bbox 941 4682 1019 4744; x_wconf 88' lang='lat' dir='ltr'><em>laici</em></span> <span class='ocrx_word' id='word_1_488' title='bbox 1041 4699 1139 4761; x_wconf 90' lang='lat' dir='ltr'><em>quam</em></span> <span class='ocrx_word' id='word_1_489' title='bbox 1159 4684 1272 4745; x_wconf 90' lang='lat' dir='ltr'><em>clerici</em></span> <span class='ocrx_word' id='word_1_490' title='bbox 1294 4684 1473 4754; x_wconf 90' lang='lat' dir='ltr'><em>seculares,</em></span> <span class='ocrx_word' id='word_1_491' title='bbox 1501 4683 1558 4759; x_wconf 88' lang='lat' dir='ltr'><em>qui</em></span> <span class='ocrx_word' id='word_1_492' title='bbox 1579 4697 1638 4758; x_wconf 90' lang='lat' dir='ltr'><em>pro</em></span> <span class='ocrx_word' id='word_1_493' title='bbox 1661 4683 1737 4743; x_wconf 87' lang='lat' dir='ltr'><em>vio-</em></span> 
     </span>
     <span class='ocr_line' id='line_1_93' title="bbox 941 4778 1735 4859; baseline -0.001 -17"><span class='ocrx_word' id='word_1_494' title='bbox 941 4781 1030 4842; x_wconf 88' lang='lat' dir='ltr'><em>lenta</em></span> <span class='ocrx_word' id='word_1_495' title='bbox 1045 4797 1203 4842; x_wconf 91' lang='lat' dir='ltr'><em>manuum</em></span> <span class='ocrx_word' id='word_1_496' title='bbox 1222 4781 1403 4859; x_wconf 86' lang='lat' dir='ltr'><em>injectione</em></span> <span class='ocrx_word' id='word_1_497' title='bbox 1417 4778 1639 4842; x_wconf 89' lang='lat' dir='ltr'><em>anathematis</em></span> <span class='ocrx_word' id='word_1_498' title='bbox 1655 4780 1735 4841; x_wconf 89' lang='lat' dir='ltr'><em>vin-</em></span> 
     </span>
     <span class='ocr_line' id='line_1_94' title="bbox 940 4876 1736 4955; baseline -0.003 -15"><span class='ocrx_word' id='word_1_499' title='bbox 940 4879 1016 4940; x_wconf 91' lang='lat' dir='ltr'><em>culo</em></span> <span class='ocrx_word' id='word_1_500' title='bbox 1034 4877 1157 4940; x_wconf 88' lang='lat' dir='ltr'><em>fuerint</em></span> <span class='ocrx_word' id='word_1_501' title='bbox 1175 4877 1337 4950; x_wconf 89' lang='lat' dir='ltr'><em>innodati,</em></span> <span class='ocrx_word' id='word_1_502' title='bbox 1360 4892 1434 4940; x_wconf 93' lang='lat' dir='ltr'><em>cum</em></span> <span class='ocrx_word' id='word_1_503' title='bbox 1453 4876 1623 4939; x_wconf 89' lang='lat' dir='ltr'><em>diocesani</em></span> <span class='ocrx_word' id='word_1_504' title='bbox 1644 4877 1736 4955; x_wconf 91' lang='lat' dir='ltr'><em>epis·</em></span> 
     </span>
     <span class='ocr_line' id='line_1_95' title="bbox 940 4973 1783 5055; baseline 0.001 -18"><span class='ocrx_word' id='word_1_505' title='bbox 940 4976 1014 5055; x_wconf 92' lang='lat' dir='ltr'><em>copi</em></span> <span class='ocrx_word' id='word_1_506' title='bbox 1025 4975 1144 5040; x_wconf 89' lang='lat' dir='ltr'><em>litteris</em></span> <span class='ocrx_word' id='word_1_507' title='bbox 1155 4976 1195 5037; x_wconf 91' lang='lat' dir='ltr'><em>ad</em></span> <span class='ocrx_word' id='word_1_508' title='bbox 1206 4976 1322 5037; x_wconf 85' lang='lat' dir='ltr'><em>sedem</em></span> <span class='ocrx_word' id='word_1_509' title='bbox 1333 4974 1556 5052; x_wconf 71' lang='lat' dir='ltr'><em>apostolicam</em></span> <span class='ocrx_word' id='word_1_510' title='bbox 1564 4973 1735 5038; x_wconf 90' lang='lat' dir='ltr'><em>venientes</em></span> <span class='ocrx_word' id='word_1_511' title='bbox 1778 5025 1783 5038; x_wconf 93' lang='lat'><em>.</em></span> 
     </span>
     <span class='ocr_line' id='line_1_96' title="bbox 940 5072 1735 5136; baseline -0.003 0"><span class='ocrx_word' id='word_1_512' title='bbox 940 5073 981 5136; x_wconf 92' lang='lat' dir='ltr'><em>ab</em></span> <span class='ocrx_word' id='word_1_513' title='bbox 995 5073 1110 5136; x_wconf 91' lang='lat' dir='ltr'><em>eodem</em></span> <span class='ocrx_word' id='word_1_514' title='bbox 1123 5072 1257 5136; x_wconf 88' lang='lat' dir='ltr'><em>vinculo</em></span> <span class='ocrx_word' id='word_1_515' title='bbox 1272 5073 1462 5136; x_wconf 89' lang='lat' dir='ltr'><em>mereantur</em></span> <span class='ocrx_word' id='word_1_516' title='bbox 1473 5073 1611 5135; x_wconf 87' lang='lat' dir='ltr'><em>absolvi.</em></span> <span class='ocrx_word' id='word_1_517' title='bbox 1628 5074 1735 5134; x_wconf 83' lang='lat' dir='ltr'><em>villas</em></span> 
     </span>
     <span class='ocr_line' id='line_1_97' title="bbox 940 5169 1734 5252; baseline 0 -19"><span class='ocrx_word' id='word_1_518' title='bbox 940 5173 1050 5234; x_wconf 87' lang='lat' dir='ltr'><em>autem</em></span> <span class='ocrx_word' id='word_1_519' title='bbox 1064 5171 1100 5235; x_wconf 92' lang='lat' dir='ltr'><em>in</em></span> <span class='ocrx_word' id='word_1_520' title='bbox 1114 5171 1231 5252; x_wconf 89' lang='lat' dir='ltr'><em>quibus</em></span> <span class='ocrx_word' id='word_1_521' title='bbox 1244 5171 1330 5234; x_wconf 89' lang='lat' dir='ltr'><em>bona</em></span> <span class='ocrx_word' id='word_1_522' title='bbox 1347 5171 1579 5250; x_wconf 91' lang='lat' dir='ltr'><em>praedictorum</em></span> <span class='ocrx_word' id='word_1_523' title='bbox 1594 5169 1734 5233; x_wconf 84' lang='lat' dir='ltr'><em>fratrum</em></span> 
     </span>
     <span class='ocr_line' id='line_1_98' title="bbox 938 5268 1736 5347; baseline -0.004 -17"><span class='ocrx_word' id='word_1_524' title='bbox 938 5270 992 5330; x_wconf 90' lang='lat' dir='ltr'><em>vel</em></span> <span class='ocrx_word' id='word_1_525' title='bbox 1013 5271 1184 5332; x_wconf 90' lang='lat' dir='ltr'><em>bominum</em></span> <span class='ocrx_word' id='word_1_526' title='bbox 1208 5286 1344 5332; x_wconf 87' lang='lat' dir='ltr'><em>suorum</em></span> <span class='ocrx_word' id='word_1_527' title='bbox 1368 5285 1428 5347; x_wconf 90' lang='lat' dir='ltr'><em>per</em></span> <span class='ocrx_word' id='word_1_528' title='bbox 1452 5268 1647 5331; x_wconf 87' lang='lat' dir='ltr'><em>violentiam</em></span> <span class='ocrx_word' id='word_1_529' title='bbox 1675 5269 1736 5328; x_wconf 92' lang='lat' dir='ltr'><em>de-</em></span> 
     </span>
     <span class='ocr_line' id='line_1_99' title="bbox 938 5365 1734 5447; baseline -0.004 -18"><span class='ocrx_word' id='word_1_530' title='bbox 938 5368 1029 5429; x_wconf 88' lang='lat' dir='ltr'><em>tenta</em></span> <span class='ocrx_word' id='word_1_531' title='bbox 1052 5368 1186 5443; x_wconf 89' lang='lat' dir='ltr'><em>fuerint,</em></span> <span class='ocrx_word' id='word_1_532' title='bbox 1206 5369 1362 5447; x_wconf 89' lang='lat' dir='ltr'><em>quamdiu</em></span> <span class='ocrx_word' id='word_1_533' title='bbox 1389 5367 1435 5429; x_wconf 86' lang='lat' dir='ltr'><em>ibi</em></span> <span class='ocrx_word' id='word_1_534' title='bbox 1461 5367 1538 5428; x_wconf 89' lang='lat' dir='ltr'><em>sunt</em></span> <span class='ocrx_word' id='word_1_535' title='bbox 1564 5365 1734 5427; x_wconf 88' lang='lat' dir='ltr'><em>interdicti</em></span> 
     </span>
     <span class='ocr_line' id='line_1_100' title="bbox 940 5463 1731 5544; baseline -0.004 -18"><span class='ocrx_word' id='word_1_536' title='bbox 940 5466 1112 5528; x_wconf 88' lang='lat' dir='ltr'><em>sententiae</em></span> <span class='ocrx_word' id='word_1_537' title='bbox 1157 5467 1362 5544; x_wconf 76' lang='lat' dir='ltr'><em>supponatis</em></span> <span class='ocrx_word' id='word_1_538' title='bbox 1403 5466 1521 5526; x_wconf 77' lang='lat' dir='ltr'><em>ilatum</em></span> <span class='ocrx_word' id='word_1_539' title='bbox 1565 5463 1731 5534; x_wconf 86' lang='lat' dir='ltr'><em>Laterani,</em></span> 
     </span>
    </p>
   </div>
   <div class='ocr_carea' id='block_1_16' title="bbox 81 5542 1733 5639">
    <p class='ocr_par' dir='ltr' id='par_1_17' title="bbox 81 5542 1733 5639">
     <span class='ocr_line' id='line_1_101' title="bbox 81 5542 1733 5639; baseline 0.012 -38"><span class='ocrx_word' id='word_1_540' title='bbox 81 5542 260 5619; x_wconf 88' lang='lat' dir='ltr'><em>provincia</em></span> <span class='ocrx_word' id='word_1_541' title='bbox 292 5544 489 5620; x_wconf 84' lang='lat' dir='ltr'><em>constitutis,</em></span> <span class='ocrx_word' id='word_1_542' title='bbox 523 5549 661 5614; x_wconf 89' lang='lat' dir='ltr'><em>salutem</em></span> <span class='ocrx_word' id='word_1_543' title='bbox 690 5554 722 5616; x_wconf 91' lang='lat' dir='ltr'><em>et</em></span> <span class='ocrx_word' id='word_1_544' title='bbox 750 5557 885 5633; x_wconf 90' lang='lat' dir='ltr'><em>aposto-</em></span> <span class='ocrx_word' id='word_1_545' title='bbox 938 5565 1029 5626; x_wconf 82' lang='lat' dir='ltr'><em>xvll</em></span> <span class='ocrx_word' id='word_1_546' title='bbox 1043 5563 1204 5626; x_wconf 82' lang='lat' dir='ltr'><em>kalendas</em></span> <span class='ocrx_word' id='word_1_547' title='bbox 1224 5564 1379 5636; x_wconf 87' lang='lat' dir='ltr'><em>octobris,</em></span> <span class='ocrx_word' id='word_1_548' title='bbox 1403 5561 1613 5639; x_wconf 81' lang='lat' dir='ltr'><em>pontificatus</em></span> <span class='ocrx_word' id='word_1_549' title='bbox 1629 5560 1733 5622; x_wconf 89' lang='lat' dir='ltr'><em>nostri</em></span> 
     </span>
    </p>
   </div>
   <div class='ocr_carea' id='block_1_17' title="bbox 82 5639 475 5706">
    <p class='ocr_par' dir='ltr' id='par_1_18' title="bbox 82 5639 475 5706">
     <span class='ocr_line' id='line_1_102' title="bbox 82 5639 475 5706; baseline 0.018 -9"><span class='ocrx_word' id='word_1_550' title='bbox 82 5639 186 5700; x_wconf 90' lang='lat' dir='ltr'><em>licam</em></span> <span class='ocrx_word' id='word_1_551' title='bbox 200 5639 475 5706; x_wconf 90' lang='lat' dir='ltr'><em>benedictionem.</em></span> 
     </span>
    </p>
   </div>
   <div class='ocr_carea' id='block_1_18' title="bbox 939 5661 1165 5738">
    <p class='ocr_par' dir='ltr' id='par_1_19' title="bbox 939 5661 1165 5738">
     <span class='ocr_line' id='line_1_103' title="bbox 939 5661 1165 5738; baseline 0 -16"><span class='ocrx_word' id='word_1_552' title='bbox 939 5677 1026 5722; x_wconf 91' lang='lat' dir='ltr'><em>anno</em></span> <span class='ocrx_word' id='word_1_553' title='bbox 1048 5661 1165 5738; x_wconf 92' lang='lat' dir='ltr'><em>primo.</em></span> 
     </span>
    </p>
   </div>
   <div class='ocr_carea' id='block_1_19' title="bbox 0 0 1984 6304">
    <p class='ocr_par' dir='ltr' id='par_1_20' title="bbox 0 0 1984 6304">
     <span class='ocr_line' id='line_1_104' title="bbox 0 0 1984 6304; baseline 0 7"><span class='ocrx_word' id='word_1_554' title='bbox 0 0 1984 6304; x_wconf 95' lang='lat' dir='ltr'><em> </em></span> 
     </span>
    </p>
   </div>
  </div>
 </body>
</html>
