3960 6304
74 381 106 438 at
700 377 930 439 EPISTOLAE.
955 379 1033 438 LIB.
1058 379 1081 437 Ι.
1673 387 1712 446 58

77 554 150 616 pars
165 537 305 598 adversa
318 537 494 613 postulatis
510 551 529 596 a
547 535 640 598 vobis
655 535 791 597 indutiis
807 535 865 598 de-

75 636 283 707 liberatoriis,
299 639 331 696 et
344 633 497 707 obtentis,
515 635 712 711 rescriptum
731 636 865 712 aposto-

74 736 169 796 licum
185 749 245 810 pro
258 749 298 795 eo
311 733 395 810 quod
411 734 446 793 in
461 733 523 794 hac
537 733 719 795 directione
735 733 863 810 spolia-

74 832 146 893 runt
157 831 343 906 haecngura
351 847 391 906 sp
402 831 525 904 deerat,
540 832 683 893 asseruit
696 832 862 892 vitiosum.

75 933 264 1006 Proponens
295 929 521 1001 nihilominus,
555 930 640 1006 quod
673 929 863 990 mandatum

73 1027 260 1104 hujusmodi
279 1028 491 1104 expiraverat
513 1029 642 1089 mortuo
658 1027 861 1098 mandatore,

73 1125 146 1186 licet
157 1129 228 1203 jam
241 1141 261 1186 a
273 1125 366 1186 vobis
383 1127 448 1187 tres
459 1125 644 1198 citationes,
659 1125 711 1186 vel
723 1127 864 1203 quatuor

74 1223 293 1296 emanassent,
308 1239 367 1285 vos
381 1224 492 1285 tamen
507 1223 662 1285 admissis
675 1223 864 1301 bujnsmodi

72 1321 320 1399 exceptionibus
342 1321 481 1394 irivolis,
497 1322 531 1382 in
551 1322 623 1399 ipso
638 1323 770 1398 negotio
786 1337 865 1399 pro-

72 1421 188 1480 cedere
208 1419 393 1481 distulistis.
420 1421 489 1480 Nos
510 1435 589 1496 ergo
605 1417 645 1480 do
664 1419 864 1482 discretione

71 1521 182 1580 vestra
198 1533 264 1578 non
290 1515 455 1578 modicum
474 1517 688 1591 admirantes,
709 1534 783 1579 cum
805 1533 865 1596 per

71 1615 291 1692 praecedentia
306 1616 339 1677 et
360 1615 531 1692 sequentia
547 1616 623 1677 licet
638 1616 863 1693 exscriptoris

70 1713 150 1775 vitio
166 1713 219 1774 vel
245 1713 471 1790 occupatione,
493 1714 687 1792 praedictum
708 1730 749 1790 sp
764 1713 864 1776 luerit

68 1812 239 1883 omissum,
257 1811 337 1874 satis
352 1811 445 1872 vobis
469 1812 613 1889 potuerit
627 1811 667 1873 de
689 1812 864 1874 mandato-

67 1911 111 1970 ris
126 1910 314 1971 intentione
327 1910 490 1983 constare,
505 1927 565 1972 neo
577 1913 650 1988 ejus
672 1910 863 1972 mandatum

66 2008 98 2066 in
112 2006 222 2084 ipsius
234 2006 325 2068 obitu
340 2007 505 2084 expiravit
520 2025 558 2070 eo
570 2008 655 2086 quod
666 2023 720 2069 res
734 2008 863 2085 integra

64 2108 132 2180 jam
159 2121 226 2166 non
250 2106 332 2177 erat,
355 2122 394 2166 ac
409 2105 569 2180 volentes,
597 2107 631 2168 ut
652 2105 728 2167 linis
749 2106 863 2169 litibus

67 2203 269 2279 imponatur,
292 2203 484 2265 discretioni
501 2205 620 2266 vestrae
642 2220 702 2282 per
722 2205 865 2283 Aposto-

67 2301 130 2361 lica
154 2300 277 2378 scripta
302 2301 525 2378 praecipiendo
547 2302 754 2375 mandamus,
781 2319 864 2381 qua-

66 2401 165 2460 tenus
178 2398 428 2476 exceptionibus
446 2399 635 2477 hujusmodi
648 2417 713 2461 non
727 2400 865 2463 obstan-

67 2497 167 2570 tibus,
193 2497 230 2557 in
260 2497 393 2572 negotio
406 2498 479 2574 ipso
496 2499 595 2575 Juxta
616 2499 764 2576 priorum
784 2515 865 2560 con-

66 2595 242 2657 tinentiam
281 2595 479 2668 litterarum,
518 2595 646 2658 sublato
687 2597 866 2675 cujuslibet

69 2691 342 2755 contradictionis
364 2709 403 2756 ac
429 2693 661 2774 appellationis
681 2694 862 2770 obstaculo

67 2792 200 2852 ratione
215 2791 338 2868 praevia
354 2792 549 2868 procedatis.
567 2793 758 2854 Mandatum
772 2809 865 2870 apos-

68 2890 207 2950 tolicum
219 2887 333 2950 taliter
346 2889 525 2966 impleturi,
541 2891 626 2967 quod
642 2891 729 2952 dicta
749 2892 864 2968 regina

68 2987 206 3064 propter
217 2987 380 3048 delectum
390 2987 536 3049 vestrum
551 3003 617 3050 non
628 2989 766 3066 cogatur
780 2989 866 3051 ulte-

68 3085 138 3145 rius
154 3083 319 3146 laborare.
336 3085 454 3146 Datum
461 3085 627 3158 Laterani,
643 3089 702 3149 XV
717 3085 784 3147 kal.
799 3103 864 3147 no-

68 3182 227 3251 vembris,
243 3183 453 3259 pontificatus
468 3183 573 3245 nostri
586 3199 673 3245 anno
686 3185 804 3262 primo.

390 3351 550 3440 XXXIX

67 3506 121 3563 Ad
151 3503 291 3564 abbates
317 3506 352 3564 S.
382 3507 548 3566 lobannis
569 3508 806 3583 Angliocensis
833 3508 867 3568 ct

330 3602 453 3664 Fontis
480 3605 607 3666 Dulcis.

373 3724 408 3782 20
425 3731 481 3782 ool.
504 3725 581 3783 lili.

93 3849 231 3912 'megeslq
241 3845 314 3908 libi,
327 3847 401 3911 episi.
411 3845 451 3897 ll.
462 3849 520 3898 llas.
533 3849 570 3899 La
585 3849 660 3899 Porta
673 3849 707 3899 da
725 3849 820 3912 Thell]

69 3962 230 4021 abbatibus
250 3963 278 4020 S.
294 3962 432 4021 iohannis
451 3964 660 4036 angliacensis,
684 3963 782 4021 Fontis
800 3964 867 4021 Dul-

106 4053 149 4110 cis
163 4059 194 4109 et
208 4052 245 4110 de
258 4052 374 4110 Baliaeo
388 4053 567 4110 Xantonens.
584 4052 668 4110 dioec.
693 4051 819 4123 mandat,
838 4060 869 4110 ut

80 4157 83 4162 ·
106 4141 257 4199 observari
270 4137 376 4198 iaciant
392 4143 563 4199 sententiam
587 4155 602 4200 a
625 4143 712 4199 Lucio
732 4145 785 4200 l’P.
803 4141 868 4217 (111)

106 4231 198 4288 latam
230 4231 260 4287 in
290 4231 483 4288 controversia
516 4231 590 4288 inter
622 4231 869 4305 archiepiscopum

107 4317 353 4390 burdegalensem
366 4325 393 4375 et
408 4321 559 4376 eeclesiam
581 4321 609 4376 S.
636 4321 763 4378 Severini
785 4335 870 4392 super

107 4407 289 4464 instimtione
303 4408 505 4464 canonicorum
523 4408 709 4481 regularium.

113 4551 294 4623 Honorius,
311 4552 385 4623 ete,
400 4550 529 4614 dilectis
544 4552 621 4613 liliis
643 4553 755 4615 Sancti
768 4555 787 4615 J
790 4569 872 4614 oan-

70 4648 129 4708 nis
152 4649 344 4725 Angliacen.
375 4650 488 4712 Sontis
514 4649 637 4723 Dulcis,
663 4649 871 4730 de,Baciaco

71 4745 252 4808 abbatibus
266 4747 429 4809 xancton.
448 4747 612 4808 dioecesis.

117 4845 155 4904 In
190 4844 320 4920 regesto
357 4844 465 4906 felicis
501 4845 742 4908 recordationis
778 4845 872 4908 Lucii

72 4957 174 5017 papae
208 4941 462 5019 praedecessoris
503 4943 607 5005 nostri
642 4945 872 5022 perspeximus

70 5039 252 5112 contineri,
268 5041 353 5117 quod
366 5056 440 5100 cum
453 5041 691 5114 controversia,
706 5058 778 5119 quae
794 5042 872 5103 olim

71 5137 169 5196 inter
182 5141 351 5215 majorem,
367 5139 400 5200 ot
417 5139 529 5200 Sancti
551 5140 701 5200 Severini
714 5141 872 5201 ecclesias

69 5233 298 5312 Burdegalen.
327 5249 426 5313 super
455 5235 663 5298 institutione
690 5238 872 5306 canonico-

71 5349 157 5393 rum
169 5333 370 5409 regularium
384 5333 584 5406 vertebatur,
602 5334 644 5395 ad
666 5334 770 5412 ipsius
786 5352 874 5412 prae-

71 5431 264 5492 decessoris
288 5431 393 5493 nostri
423 5431 626 5492 audientiam
654 5433 871 5509 pervenisset,

73 5529 169 5590 idern
183 5545 254 5590 eam
277 5529 372 5590 bonae
393 5529 561 5590 memoriae
576 5532 629 5591 W.
654 5531 872 5608 Burdegalen.

73 5625 343 5705 archiepiscope,
360 5629 393 5691 et
411 5628 565 5707 episcopo
583 5627 790 5690 Lemovicen.
813 5645 875 5690 au-

74 5723 234 5786 diendam
249 5727 427 5800 commisit,
444 5728 476 5789 et
491 5726 555 5788 llne
568 5715 677 5789 debito
690 5728 875 5789 terminun-

918 538 1003 598 darn.
1020 540 1100 599 Cum
1115 539 1224 600 autem
1244 539 1304 601 sub
1324 541 1471 618 ipsorum
1487 543 1640 606 examine
1653 559 1713 606 ra-

918 636 1063 698 tionibus
1077 636 1248 715 utriusque
1266 640 1370 715 partis
1386 639 1590 703 sufficienter
1602 659 1710 720 expo-

919 733 990 794 sitis
1006 733 1089 794 nihil
1103 733 1193 796 aliud
1209 739 1396 814 superesset
1411 735 1475 798 nisi
1488 737 1524 800 ut
1547 741 1711 803 sententia

919 831 1145 908 proterretur3
1174 832 1297 910 placuit
1323 836 1471 911 partibus
1499 837 1534 897 in
1567 838 1711 900 arbitros

918 931 1194 1006 compromittere,
1216 933 1248 993 et
1269 934 1596 1010 compromissionem
1616 953 1711 999 suam

918 1027 1063 1103 praestita
1079 1029 1156 1088 hinc
1172 1029 1248 1090 inde
1263 1029 1327 1090 tide
1337 1030 1479 1092 firmare.
1494 1032 1618 1094 Arbitri
1631 1050 1711 1096 vero

918 1141 991 1185 cunr
1007 1127 1117 1188 essent
1130 1127 1281 1203 quatuor,
1288 1130 1406 1189 tresex
1422 1129 1481 1201 eis,
1497 1133 1614 1206 quarto
1636 1132 1710 1194 dis-

918 1223 1134 1295 sentientem
1151 1241 1250 1286 unam
1266 1226 1462 1287 sententiam
1474 1231 1709 1303 convenerunt,

918 1321 1108 1383 etarbitrati
1121 1321 1240 1383 suntin
1251 1325 1428 1400 praesentia
1437 1325 1528 1386 illius
1538 1328 1649 1403 quarti
1662 1344 1713 1389 re-

918 1418 1074 1494 ligionem
1088 1421 1324 1481 canonicorum
1345 1421 1550 1497 regularium
1570 1423 1605 1483 in
1624 1439 1713 1500 prae-

917 1517 1004 1578 dicta
1026 1533 1099 1578 esse
1124 1519 1235 1579 Sancti
1266 1520 1417 1580 Severini
1445 1521 1586 1582 ecclesia
1605 1521 1713 1583 reior-

918 1615 1082 1688 mandam,
1124 1617 1226 1677 salvis
1259 1617 1441 1678 honoribus
1472 1619 1504 1680 et
1540 1618 1712 1681 beneficiis

918 1713 1118 1774 secularium
1138 1714 1347 1786 clericorum,
1374 1717 1429 1793 qui
1452 1716 1530 1778 tunc
1552 1717 1711 1794 temporis

918 1811 951 1870 in
973 1811 1088 1872 eadem
1108 1812 1249 1873 ecclesia
1273 1812 1521 1888 ministrabant;
1549 1815 1595 1877 ita
1624 1816 1711 1892 quod

916 1908 985 1970 illis
998 1907 1240 1982 decedentibus
1259 1911 1370 1971 nullus
1382 1910 1430 1972 ibi
1446 1911 1486 1972 de
1501 1913 1622 1982 cetero,
1646 1913 1711 1974 nisi

917 2007 1081 2082 regularis
1097 2007 1276 2068 canonicus
1289 2009 1478 2085 poneretur.
1503 2010 1654 2071 Ceterum
1669 2011 1711 2072 ab

917 2105 979 2166 boc
998 2104 1137 2166 arbitrio
1161 2105 1305 2166 decanus
1333 2106 1446 2168 Sancti
1470 2107 1621 2169 Severini
1636 2125 1711 2170 curn

917 2202 1074 2265 iratribus
1089 2204 1159 2264 suis
1172 2203 1213 2264 ad
1228 2205 1344 2266 Sedem
1359 2205 1582 2281 apostolicam
1596 2207 1713 2284 appel-

917 2302 1009 2374 lavit,
1038 2317 1103 2362 non
1132 2301 1324 2373 attendens,
1353 2302 1474 2379 quoda
1495 2304 1713 2379 compromis-

918 2401 1011 2460 sione
1027 2399 1061 2460 in
1083 2399 1226 2461 arbitros
1254 2398 1352 2472 facta,
1378 2399 1411 2461 et
1432 2399 1508 2460 fidei
1532 2401 1714 2477 interposi-

918 2497 1006 2558 tione
1022 2497 1153 2558 lirmata
1164 2513 1230 2558 non
1240 2497 1458 2559 esseteisdem
1468 2497 1575 2558 tutum
1586 2497 1712 2560 temere

917 2595 1059 2656 resilire.
1090 2597 1170 2656 cum
1200 2611 1279 2670 ergo
1306 2595 1533 2656 controversia
1557 2595 1628 2657 baec
1654 2595 1712 2656 diu

918 2692 1035 2754 luisset
1053 2693 1087 2753 in
1109 2692 1188 2754 dicti
1209 2692 1465 2770 praedecessoris
1489 2693 1594 2754 nostri
1615 2693 1713 2754 audi-

918 2790 1003 2852 torio
1024 2789 1194 2863 ventilata,
1223 2790 1312 2851 idern
1342 2791 1382 2851 de
1408 2791 1552 2867 partium
1578 2790 1712 2852 tandem

919 2888 1126 2950 consessione
1141 2889 1305 2965 cognovit,
1327 2889 1414 2966 quod
1439 2887 1583 2949 decanus
1600 2887 1712 2950 Sancti

920 2987 1070 3048 Severini
1081 2987 1137 3064 qui
1150 3002 1224 3047 cum
1235 2986 1401 3063 aliquibus
1412 2986 1712 3047 concanonicorum

919 3100 1054 3145 suorum
1071 3083 1219 3145 habiturn
1243 3085 1434 3162 susceperat
1454 3084 1658 3160 regularem,
1677 3084 1713 3146 in

920 3182 1034 3243 eodem
1062 3181 1178 3244 habitu
1197 3181 1283 3242 diem
1310 3181 1431 3243 clausit
1455 3182 1651 3254 extremum,
1679 3180 1713 3244 et

920 3281 1005 3340 alius
1027 3279 1059 3340 ei
1072 3279 1215 3340 decanus
1231 3279 1266 3339 in
1281 3278 1396 3340 babitu
1411 3279 1572 3340 successit
1584 3279 1711 3352 eodem,

920 3377 1096 3455 nullusque
1122 3377 1168 3438 ibi
1190 3377 1335 3438 decanus
1365 3377 1439 3453 post
1468 3377 1712 3438 institutionem

919 3475 1123 3552 regularium
1148 3475 1180 3535 in
1197 3474 1339 3536 seculari
1355 3474 1405 3536 est
1423 3474 1539 3536 babitu
1554 3474 1715 3536 substitu-

920 3575 974 3636 tus
989 3574 1109 3651 praeter
1120 3575 1159 3635 R.
1183 3573 1240 3650 qui
1255 3588 1367 3634 coram
1388 3573 1569 3634 memorato
1583 3572 1714 3650 praede-

921 3688 1054 3733 cessore
1073 3671 1186 3732 nostro
1209 3671 1245 3731 in
1269 3670 1427 3731 suscitata
1443 3670 1563 3730 exinde
1578 3668 1714 3730 contro-

921 3769 1031 3830 versia
1044 3766 1303 3844 litigabatUnde
1313 3766 1538 3844 praedecessor
1551 3765 1650 3834 idem,
1662 3765 1715 3825 his

922 3866 1045 3928 auditis
1064 3866 1097 3928 et
1119 3865 1271 3942 cognitis
1298 3864 1507 3926 considerata
1522 3863 1623 3924 ettam
1645 3863 1716 3924 dis-

923 3965 1068 4027 cretione
1083 3965 1117 4026 et
1137 3962 1312 4040 prudentia
1333 3963 1397 4041 piae
1417 3960 1658 4024 recordationis
1676 3963 1713 4022 G.

923 4062 1087 4140 quondam
1114 4060 1333 4137 Burdegalen.
1367 4059 1626 4136 archiepiscopi,
1657 4058 1714 4135 qui

923 4161 977 4238 pio
990 4160 1023 4221 et
1036 4159 1196 4222 imitando
1211 4158 1379 4236 proposito
1400 4157 1435 4218 in
1454 4156 1593 4234 praeiata
1607 4156 1718 4218 eccle-

924 4259 974 4318 sia
997 4257 1109 4319 Sancti
1132 4256 1283 4318 Severini
1304 4256 1500 4333 religionem
1515 4255 1606 4316 illius
1622 4253 1716 4315 ordi-

924 4357 975 4417 nis
997 4355 1196 4428 instituerat,
1220 4354 1393 4416 attendens
1409 4355 1508 4415 etiam
1534 4343 1716 4414 conflrma-

923 4453 1030 4516 tiones
1051 4453 1333 4530 praedecessorum
1347 4451 1454 4512 felicis
1468 4451 1635 4512 memoriae
1651 4451 1720 4510 Eu-

924 4551 1013 4628 genii
1042 4553 1075 4612 et
1100 4550 1252 4622 Adriani,
1267 4551 1491 4611 Romanorum
1506 4547 1715 4618 Pontiilcum,

925 4651 980 4727 qui
1024 4648 1195 4727 praefatam
1237 4647 1482 4708 institutionem
1522 4645 1718 4706 auctoritate

925 4748 1114 4826 Apostolica
1141 4745 1355 4820 roboraruut;
1381 4743 1598 4804 nihilominus
1623 4743 1720 4802 insu-

926 4861 985 4922 per
1012 4860 1114 4920 grave
1140 4844 1173 4905 et
1195 4843 1350 4904 illicitum
1383 4839 1542 4918 reputans
1571 4838 1722 4917 praebere

926 4943 1171 5005 conniventiam
1186 4940 1237 5002 vel
1254 4939 1412 5018 praestare
1436 4939 1595 5011 favorem,
1610 4939 1646 5000 ut
1663 4939 1718 5000 te-

926 5059 1016 5104 mere
1039 5040 1251 5103 recederetur
1275 5055 1294 5101 a
1321 5039 1484 5101 sententia
1498 5037 1720 5114 compromis-

927 5140 1031 5202 sionis
1053 5139 1131 5200 tidei
1149 5137 1313 5215 religione
1331 5137 1482 5206 firmatae,
1499 5135 1539 5197 de
1554 5135 1721 5198 communi

927 5239 1065 5301 consilio
1088 5237 1227 5298 fratrum
1243 5253 1378 5298 suorum
1398 5235 1530 5311 cognita
1545 5249 1647 5296 causa
1662 5231 1723 5292 de-

927 5338 974 5398 dit
1000 5335 1209 5408 sententiam,
1233 5337 1268 5396 ut
1290 5333 1470 5394 secundum
1495 5332 1580 5410 quod
1602 5329 1721 5392 arbitri

927 5433 1233 5513 pronuntiaverant,
1262 5432 1341 5494 ordo
1366 5431 1602 5492 canonicorum
1621 5445 1724 5504 regu-

927 5533 1047 5594 larium
1069 5531 1103 5592 in
1116 5529 1254 5608 praelata
1275 5529 1512 5591 reformaretur
1528 5527 1639 5588 Sancti
1656 5528 1723 5586 Se-

927 5631 1033 5692 verini
1060 5629 1199 5690 ecclesia
1218 5627 1384 5706 perpetuis
1410 5625 1531 5688 ibidem
1557 5623 1721 5701 tempori-

928 5730 988 5790 bus
1032 5727 1294 5800 conservandum
1333 5725 1377 5785 ita
1416 5724 1451 5784 ul
1493 5719 1722 5783 deficientibus
