4142 6312
840 455 843 460 Ι
934 367 1110 428 nondun
1134 368 1178 428 111
1200 367 1348 432 33331.

624 550 807 640 CCLXXI

318 690 370 750 Ad
382 687 518 749 abbates
533 689 573 748 de
587 687 750 757 Andreio,
767 686 800 747 et
810 687 851 748 de
868 689 1003 762 Vaaaoa
1022 687 1056 750 et
1069 691 1114 749 ad

387 786 667 847 archidiaconum
694 784 1021 846 Wrattstaciensem.

605 897 819 956 mmmm.

408 1003 540 1068 [11331333
555 1005 721 1054 1133333313
729 1003 882 1062 boloniani,
892 1002 916 1063 1,
931 1018 957 1054 3.
972 1003 1024 1071 la]

318 1101 465 1162 iudicibus
487 1102 639 1160 mandatur
658 1111 689 1160 31
712 1102 778 1160 1331
800 1103 909 1162 silesia
931 1109 1057 1162 3331333
1079 1101 1115 1160 13

496 1191 591 1251 Chalia
608 1191 936 1250 333111333133333331.

359 1297 528 1358 Honorius
538 1297 724 1374 episcopus,
735 1313 852 1358 servus
860 1311 1031 1359 33333333
1043 1296 1113 1370 Dei,

321 1393 797 1456 1113311311113...131313313
817 1398 886 1458 31...
909 1395 949 1456 13
968 1396 1115 1471 Wangoz

322 1491 495 1553 abbatibus
515 1493 745 1554 cracoviensis
765 1493 929 1564 diaecesis,
951 1495 983 1554 et
1004 1492 1118 1554 archi·

325 1589 464 1652 diacono
480 1589 760 1664 wratislaviensi,
777 1590 918 1654 salutem
933 1590 966 1653 et
980 1592 1076 1668 apost
1098 1621 1116 1637 ·

322 1687 421 1748 licam
433 1687 709 1750 benedictionem.

362 1785 508 1847 Dilectus
528 1785 617 1846 tilius
637 1785 758 1847 nobilis
772 1785 825 1847 313
839 1783 1033 1866 Η(3331333)
1050 1785 1118 1846 dux

324 1882 463 1956 silesiae,
479 1883 676 1944 transmissa
696 1882 792 1943 nobis
819 1884 978 1960 petitione
1004 1899 1113 1944 mons·

322 1980 434 2052 travit,
451 1980 536 2057 3331
561 1996 635 2041 333
655 1978 799 2040 3311133
825 1980 934 2042 31333
955 1979 1119 2059 W(ladiz-

322 2075 428 2154 laum)
457 2077 570 2138 natum
595 2077 761 2154 3333133
785 2075 932 2138 0113313
965 2076 1118 2140 dioecesis

324 2174 536 2246 Gneznensis,
557 2173 718 2235 bellorum
744 2175 838 2236 clade
864 2177 1056 2252 quassatum
1082 2175 1118 2237 in

322 2273 413 2332 tarra
428 2287 488 2331 333
499 2272 568 2336 133
579 2272 722 2349 pietatis,
734 2273 803 2334 tum
818 2274 1117 2350 consanguinitatis

323 2369 455 2431 intentu
479 2369 679 2446 recepisset,
709 2371 920 2448 castrumque
945 2387 1043 2432 suum
1077 2371 1118 2432 de

324 2467 435 2528 Chelis
460 2466 524 2528 sibi
547 2484 607 2544 pro
626 2468 704 2530 31133
727 2467 876 2529 subsidio
902 2469 1070 2545 assignass
1091 2469 1115 2540 t,

324 2564 472 2626 exhibito
492 2564 533 2626 ab
548 2565 620 2642 ipso
642 2565 794 2642 primitus
813 2567 1014 2642 juramento,
1032 2567 1116 2644 3331

324 2663 399 2738 3331
421 2662 705 2740 recuperationem
721 2668 819 2726 terrae
843 2679 912 2724 333
934 2664 997 2724 sibi
1018 2665 1119 2726 resti-

324 2760 434 2821 tueret
458 2761 619 2832 3331333,
647 2759 804 2837 praetatus
833 2762 886 2820 W.
914 2761 956 2821 31
977 2761 1117 2823 3331113-

322 2855 447 2918 tionem
469 2857 571 2918 oastri
585 2856 736 2933 praedicti
756 2859 791 2918 13
814 2873 943 2919 33333
965 2860 1117 2921 3333133

323 2953 445 3018 asserit
458 2969 524 3014 non
538 2954 646 3016 teneri
659 2955 692 3016 et
706 2955 792 3032 3331
805 2971 905 3034 33333
914 2955 977 3017 hoc
990 2956 1117 3018 nullum

323 3050 462 3114 subierit
471 3053 710 3129 juramentum.
726 3053 821 3118 Unde
836 3057 908 3131 jam
926 3055 1034 3117 dictus
1051 3054 1118 3116 dux

324 3148 452 3212 Silesiae
463 3165 483 3210 3
496 3149 591 3215 nobis
602 3150 797 3227 suppliciter
806 3151 952 3228 postulat
966 3153 1002 3216 ut
1011 3152 1117 3214 eidem

324 3262 427 3323 super
445 3247 508 3308 hoc
532 3248 706 3326 providere
733 3250 871 3325 paterna
895 3249 1118 3312 sollicitudine

325 3341 549 3418 dignaremur,
571 3359 613 3406 ne
639 3359 797 3426 processu
820 3345 978 3422 temporis
996 3345 1141 3422 proba-x

323 3440 424 3503 tionis
435 3439 465 3500 31
481 3439 576 3518 33313
589 3440 734 3502 fortuitis
749 3441 880 3502 casibus
891 3442 1115 3505 subtrahatur.

298 3569 300 3574 ·
322 3535 464 3615 1133333
480 3537 693 3615 praesentium
714 3538 808 3601 vobis
822 3541 1019 3602 auctoritate
1035 3542 1118 3603 3131-

322 3650 427 3714 usque
442 3635 546 3712 partis
563 3637 815 3712 procuratorum
830 3652 970 3700 assensu
985 3639 1119 3701 manda·

322 3749 407 3805 mus,
422 3735 586 3812 quatenus
608 3737 824 3796 memoratum
839 3737 893 3798 W.
909 3753 1006 3798 suum
1021 3752 1118 3798 reco-

321 3847 481 3906 gnoscere
498 3835 726 3910 J'uramentum
746 3835 908 3896 moneatis
924 3835 1061 3908 attente,
1078 3851 1118 3898 33

321 3927 502 3992 3113331133
522 3930 697 3994 inducatis.
713 3931 804 4003 Quod
820 3931 849 3992 si
864 3932 905 3993 ad
926 3933 989 3994 hoo
1004 3932 1118 3994 induci

321 4025 796 4104 iortenonpoterit,neveritas
808 4027 960 4090 33313333
972 4045 1118 4090 succum·

320 4122 504 4195 bratteatas
520 4125 576 4201 331
598 4139 698 4202 33333
712 4125 775 4186 hoc
792 4125 953 4188 nominati
969 4124 1114 4198 1333331,

321 4220 348 4278 31
372 4234 408 4278 33
430 4219 550 4295 gratia,
574 4221 650 4281 3113
669 4221 721 4282 331
737 4221 855 4286 113333
878 4223 1115 4297 subtraxerint,

321 4317 447 4393 cogatis
464 4317 661 4380 auctoritate
682 4319 796 4383 nostra
815 4319 948 4382 33311311
962 4321 1116 4383 1331133-

321 4415 413 4478 3133
438 4414 624 4493 perhibere,
650 4414 881 4482 denunciando
901 4418 1009 4494 33133
1025 4435 1115 4496 prae-

320 4514 387 4576 1313
407 4515 460 4574 W.
482 4513 517 4574 31
532 4513 609 4576 huic
623 4513 807 4592 receptioni
819 4513 965 4587 testium,
981 4515 1115 4590 3133111,

320 4610 462 4682 13133311,
493 4610 527 4673 31
554 4627 654 4690 33333
681 4610 932 4676 denuntiatione
957 4612 1117 4676 31313313

321 4707 438 4769 confici
475 4707 604 4770 iacietis
640 4707 808 4786 publicum
847 4709 1116 4773 instrumentum.

320 4807 401 4866 Cum
426 4808 615 4884 33133333
644 4807 782 4884 praelato
807 4809 891 4870 duce
916 4809 1044 4871 silesiae
1060 4826 1118 4887 per

320 4903 527 4980 impetrantis
537 4920 683 4966 errorem
696 4921 795 4982 33333
808 4902 962 4968 iacienda
974 4907 1036 4970 sibi
1052 4924 1119 4970 333-

320 5001 473 5063 111311333
493 5003 594 5064 333131
618 5004 769 5080 praedicti
792 5005 884 5069 ad...
907 5005 1118 5068 scolasticum

321 5099 642 5167 wratislaviensem,
669 5102 702 5162 et
725 5101 900 5164 Zlavosum
920 5103 1120 5166 (133333133-

323 5214 391 5260 sem
407 5197 615 5268 canonicum,
632 5197 717 5272 3113,
734 5197 782 5259 iili
794 5199 1042 5274 archidiacone,
1052 5201 1120 5262 133·

323 5299 367 5358 rit
388 5297 615 5376 apostolicum
641 5297 830 5359 mandatum
854 5298 1035 5372 obtentum,
1060 5315 1119 5376 per

323 5395 407 5472 3331
423 5397 458 5456 13
474 5395 507 5458 31
519 5394 597 5457 dicti
611 5393 804 5471 conjudices
817 5396 865 5456 tui
875 5395 915 5457 31
927 5397 1118 5459 citationem

322 5491 549 5554 tantummodo
563 5491 793 5568 processistis:
811 5492 962 5554 volumus
977 5494 1119 5571 313311-

322 5590 445 5650 113333
461 5589 591 5667 33331311
603 5591 696 5652 13313
714 5591 841 5652 81133133
857 5592 1048 5656 33313133
1063 5592 1118 5670 13-

360 5719 566 5794 (lihlbericus.

1920 367 1971 426 780

1170 524 1702 600 3331333133311133,31333133
1720 524 1973 603 333333331333

1170 622 1312 685 obstare.
1343 622 1434 694 Quod
1468 623 1497 684 si
1529 639 1596 685 non
1629 638 1775 694 omnes,
1814 621 1974 682 133333-

1170 722 1257 782 1333
1285 721 1348 782 313.
1365 721 1483 782 113133
1502 723 1616 784 Romae
1632 721 1725 798 apud
1738 721 1973 781 SanctumPe·

1169 765 1329 880 truatur
1343 817 1505 882 kalendas
1515 820 1616 896 iunii,
1633 817 1865 896 pontificatus
1880 818 1975 876 nostri
2039 863 2040 890 ,

1171 931 1259 976 3333
1274 916 1432 978 3333313.

1468 1067 1673 1156 adnixu

1230 1203 1282 1264 Ad
1296 1203 1458 1263 11113333
1472 1204 1615 1264 nactam
1628 1207 1927 1265 Bedovaceasem
2039 1173 2040 1182 ἦ

1466 1303 1672 1376 3313333333.

1466 1421 1501 1479 17
1513 1421 1582 1479 maii
1593 1423 1673 1481 1118.

1172 1525 1310 1592 [bouquet.
1322 1525 1585 1586 113333113313131.,1.
1597 1528 1697 1594 111113.
1707 1527 1773 1588 aaa
1784 1528 1888 1592 Regest.
1901 1525 1935 1577 lib
1952 1526 1977 1586 ll,

1483 1608 1557 1673 33131.
1576 1608 1661 1672 illan

1173 1705 1281 1773 1111331,
1292 1705 1512 1778 3313333333
1524 1707 1778 1775 alutinensem
1790 1703 1977 1779 3331333333

1208 1793 1645 1854 1333111113313333833313
1664 1803 1805 1865 3333331,
1830 1795 1892 1851 3311
1914 1793 1976 1850 diia-

1206 1884 1315 1942 tionem
1340 1883 1470 1957 indulget
1493 1898 1530 1941 33
1564 1884 1717 1944 33313133
1754 1899 1848 1942 suam
1888 1889 1979 1940 oneret
2039 1941 2040 1960 ,

1208 1973 1377 2045 sumptibus,
1395 1973 1690 2046 31313331133133331
1705 1974 1873 2032 Remensis
1885 1985 1978 2044 gerere

1206 2062 1286 2148 Ι31333
1301 2062 1400 2135 333311.

1212 2173 1379 2234 Honorius
1403 2171 1727 2249 331333333,1113313
1753 2172 1833 2234 tillo
1863 2170 1975 2232 Belua-

1173 2269 1264 2332 33331
1274 2269 1390 2342 313313,
1407 2269 1559 2342 3313133,
1572 2272 1635 2332 313.
2039 2315 2040 2346 ,

1212 2369 1287 2430 Non
1300 2366 1437 2444 derogat
1448 2369 1535 2440 3313,
1546 2383 1607 2430 333
1622 2385 1691 2430 333
1707 2368 1817 2430 331311
1827 2365 1973 2442 abrogat,
2039 2383 2040 2400 ¹

1172 2465 1240 2542 331,
1258 2464 1438 2526 33333133
1457 2465 1551 2528 Sedis
1570 2466 1772 2544 apostolicae
1797 2463 1974 2544 33331133-
2039 2455 2040 2524 ἐ

1172 2561 1352 2634 tiam,illnd
1364 2563 1518 2640 prosequi
1526 2565 1683 2640 prorogat
1692 2562 1919 2626 utetficacius
1928 2575 1976 2620 ex·
2039 2549 2040 2570 ¹

1173 2659 1346 2736 sequatur3
1362 2658 1450 2736 3313,
1465 2659 1527 2720 3131
1542 2658 1682 2720 affectus
1694 2660 1835 2736 placeat
1847 2673 1974 2736 33333-

1172 2754 1288 2828 titudo,
1301 2754 1437 2818 effectus
1449 2757 1559 2818 13333
1574 2756 1736 2820 exhibitio
1751 2773 1796 2820 eo
1809 2754 1974 2832 acceptior
2039 2771 2040 2816 1

1173 2853 1303 2930 331333
1318 2854 1441 2915 3331133
1468 2855 1651 2931 333313133.
1670 2857 1720 2919 Ex
1747 2857 1851 2932 33313
1876 2851 1973 2928 siqui·

1173 2951 1315 3012 133133
1330 2950 1610 3028 13113333331133
1625 2968 1736 3013 coram
1747 2952 1864 3024 331313,
1882 2947 1972 3027 quod,
2039 2943 2040 2972 ³

1173 3049 1339 3110 3333113
1355 3048 1389 3108 13
1397 3049 1518 3110 313331
1526 3047 1636 3110 otiicio
1645 3050 1863 3121 constitutus,
1876 3046 1970 3108 affixo
2039 3049 2040 3056 ’

1172 3147 1238 3208 1313
1253 3146 1401 3212 humeris
1416 3147 1512 3222 siguo
1523 3147 1642 3220 crucis,
1659 3148 1795 3209 voveris
1812 3148 1849 3208 in
1866 3148 1970 3206 Terrae
2039 3159 2040 3172 ¹

1174 3246 1304 3306 Sanctae
1313 3243 1498 3306 subsidium
1511 3243 1689 3322 proticisci,
1706 3242 1968 3324 postmodumte

1172 3341 1288 3402 333313
1311 3342 1352 3401 31
1374 3342 1522 3418 regimen
1541 3342 1693 3404 ecclesiae
1711 3339 1968 3407 Bellovacensis,
2039 3399 2040 3412 ,

1173 3438 1376 3500 venerabilis
1391 3436 1495 3504 irater
1518 3441 1631 3502 333133
1647 3443 1826 3504 Remensis
1844 3437 1969 3501 archie-

1172 3535 1328 3615 piscopus
1355 3535 1414 3615 (i),
1442 3536 1704 3614 crucesignatus,
1734 3539 1770 3600 13
1799 3535 1969 3618 333313313

1173 3634 1451 3711 peregrinationis
1466 3635 1604 3711 3331133,
1619 3637 1736 3698 331333
1752 3638 1886 3700 utiliter
1894 3646 1966 3694 con·
2039 3697 2040 3702 1

1173 3733 1283 3794 331333
1299 3734 1396 3793 terrae
1423 3747 1503 3810 3333,
1520 3749 1594 3814 quae
1612 3749 1631 3794 a
1646 3733 1767 3797 3131313
1781 3729 1967 3811 potentibus
2039 3793 2040 3810 χ

1172 3831 1283 3892 333133
1309 3830 1393 3892 33131
1420 3829 1563 3908 injurias
1589 3831 1717 3908 perpeti
1737 3833 1770 3894 31
1784 3841 1963 3908 pressuras,
2039 3831 2040 3902 i

1172 3943 1256 3999 333,
1267 3943 1341 3988 333
1352 3925 1474 3988 nobilis
1490 3923 1965 4004 31331331333,133333313113
2039 3973 2040 4002 ,

1173 4025 1425 4096 commendavit,
1453 4025 1543 4086 vices
1570 4028 1741 4088 3333133
1768 4028 1804 4088 in
1833 4018 1962 4088 11333331
2039 4015 2040 4092 l

1173 4122 1320 4198 333313
1336 4121 1509 4198 333313313
1535 4123 1691 4186 11333331
1710 4123 1862 4200 31333313
1882 4133 1966 4182 333·
2039 4187 2040 4214 ¹

1172 4219 1342 4280 31113313.
1369 4223 1478 4292 Quare
1493 4221 1609 4282 videns
1623 4221 1708 4302 quod
1722 4238 1812 4282 3333
1833 4221 1962 4284 31333·

1173 4315 1338 4378 33113333
1355 4318 1622 4380 3311331331133
1634 4319 1695 4380 tibi
1710 4334 1777 4380 333
1795 4311 1965 4397 suppetant
2011 4371 2014 4377 ,

1173 4413 1358 4486 facultates
1373 4431 1447 4476 333
1467 4431 1532 4476 333
1548 4415 1740 4478 sufficerent
1752 4416 1804 4478 illi
1820 4413 1961 4491 sumptus
2039 4409 2040 4414 ’

1173 4511 1230 4590 331
1256 4511 1317 4574 tibi
1345 4514 1425 4575 tunc
1447 4512 1637 4576 3311333331
1663 4513 1698 4576 13
1725 4514 1847 4580 313331
1862 4508 1962 4576 cilicio

1174 4609 1362 4682 3333111313,
1385 4613 1419 4673 31
1455 4611 1630 4673 11333333
1654 4627 1741 4674 3333
1765 4627 1887 4690 333333
1912 4611 1961 4669 133
2039 4605 2040 4610 ’

1172 4704 1962 4788 Β31133333331333313313313333311333333313

1175 4806 1237 4867 hac
1251 4805 1409 4879 novitate,
1424 4822 1561 4882 gravem
1584 4808 1772 4873 incurreret
1789 4809 1958 4870 laesionem,

1173 4903 1317 4970 maxime
1339 4918 1413 4964 333
1429 4905 1595 4980 cogereris
1618 4906 1766 4972 eamdem
1787 4906 1959 4968 debitorum
2039 4973 2040 4976 Ἴ

1173 5001 1319 5079 3331333
1328 5016 1480 5076 3333333,
1489 5002 1712 5080 reputansque
1725 5003 1902 5065 absurdum
1910 5011 1959 5058 ne-

1173 5099 1299 5176 gligere
1312 5100 1494 5162 custodiam
1508 5101 1681 5164 Remensis
1702 5101 1882 5178 provincia
1903 5105 1958 5158 tua
2039 5155 2040 5188 ,

1174 5196 1332 5260 custodiae
1353 5198 1533 5271 derelictae,
1552 5197 1662 5260 1331311
1682 5199 1778 5260 nobis
1802 5197 1957 5260 humiliter
2039 5191 2040 5266 l

1173 5295 1356 5372 supplicari
1385 5297 1421 5358 ut
1443 5297 1509 5358 133
1540 5312 1641 5374 33333
1669 5297 1732 5360 hoc
1759 5293 1957 5360 conscientia
2039 5335 2040 5378 ,

1174 5393 1347 5455 consulere
1362 5393 1587 5470 dignaremur,
1607 5411 1682 5456 333
1698 5397 1832 5470 3333133
1846 5397 1891 5456 313
1904 5389 1956 5450 dis·
2039 5447 2040 5458 ,

1173 5491 1329 5571 positioni
1341 5494 1463 5555 nostrae
1479 5493 1584 5555 modis
1599 5493 1752 5557 omnibus
1761 5493 1905 5556 obedire.
2039 5567 2040 5570 Ἴ

1212 5593 1281 5652 Nos
1297 5589 1408 5665 igitur,
1421 5591 1855 5670 13313333333113333313
1868 5589 1955 5654 ecclc·
