3994 6326
132 320 195 381 653
762 319 990 384 EPISTOLAE.
1015 321 1092 380 [ΑΒ.
1117 323 1156 380 ΙΙ.
1718 319 1779 381 ott

123 483 206 542 et...
219 478 366 556 ejusdem
385 477 450 539 loci
461 479 530 540 et...
547 477 587 539 de
599 477 748 540 Exidollo
761 476 927 556 prioribus
961 485 962 490 ’
983 478 1126 540 ramenti
1135 479 1402 555 transgressione
1416 479 1575 540 canonice
1592 479 1779 556 punientes.

133 577 343 638 Lemovicen.
359 576 523 638 dioecesis.
984 577 1163 654 Postquam
1178 577 1288 638 autem
1299 575 1407 654 ipsum
1419 575 1616 653 receperint,
1633 575 1780 653 eligendi

177 679 283 748 Quum
307 674 402 736 bonae
428 671 596 735 memoriae
612 673 824 735 Innocentius
843 689 928 750 papa
984 671 1197 751 praepositum
1208 675 1306 752 juxta
1321 673 1471 736 ecclesiae
1482 691 1551 735 suae
1567 673 1783 735 consuetudi-

133 771 568 850 praedecessornosterolim
577 769 800 832 suisdedisset
811 770 929 833 litteris
985 787 1071 838 nem,
1093 771 1223 834 sublato
1250 771 1427 850 cujuslibet
1447 769 1729 844 contradictionis,
1750 771 1784 834 et

134 871 171 931 in
185 868 350 931 mandatis
360 869 504 946 capitulo
515 867 773 930 Sanctiluniani
784 867 931 929 Lemoni·
985 868 1217 947 appellationis
1239 867 1421 942 obstaculo,
1448 869 1638 931 concedatis
1658 868 1783 930 eisdem

134 984 209 1029 cen.
236 966 388 1030 dioecesis
423 966 459 1028 ut
484 967 639 1028 dilectum
665 966 770 1026 tilium
797 967 930 1027 Petrum
985 965 1124 1028 liberam
1147 966 1347 1039 facultatem,
1371 968 1526 1029 revocato
1549 966 1583 1028 in
1600 967 1732 1029 irritum
1754 967 1783 1028 si

132 1065 242 1126 Barbe
251 1063 654 1126 clericnmincanonlcum
661 1064 848 1141 reciperent
857 1062 931 1122 etin
986 1062 1074 1140 quid,
1088 1064 1260 1142 postquam
1275 1063 1411 1125 buatius
1427 1065 1491 1125 iter
1504 1063 1646 1141 arripuit
1663 1065 1704 1124 ad
1721 1065 1782 1124 Se-

133 1161 284 1233 iratrem,
302 1160 500 1223 dilectoillio
516 1163 552 1222 L.
568 1159 803 1222 archidiacono
819 1161 932 1220 Lemo·
986 1161 1059 1222 dem
1071 1161 1295 1239 apostolicam
1310 1161 1479 1234 veniendi,
1500 1178 1600 1239 super
1616 1161 1780 1239 praeposi-

133 1259 244 1320 vicen.
261 1260 377 1335 eteJus
395 1257 531 1334 collegis
547 1256 653 1319 eidem
666 1256 787 1318 clerico
803 1272 929 1317 execu-
985 1259 1060 1321 turo
1079 1259 1114 1320 in
1136 1274 1252 1321 eorum
1267 1259 1498 1336 praejudicium
1515 1257 1710 1320 inveneritis
1731 1258 1783 1320 at-

135 1354 264 1418 toribus
275 1354 450 1431 deputatis
466 1355 566 1416 iidem
576 1354 815 1416 executoresin
826 1353 931 1430 ipsius
985 1355 1158 1418 tentatum.
1183 1359 1269 1417 Sane
1285 1372 1326 1418 ne
1346 1355 1420 1434 quis
1443 1354 1528 1418 forte
1550 1357 1706 1418 causetur
1724 1371 1782 1416 eos

134 1453 203 1515 loci
218 1449 395 1514 canonicos
413 1451 536 1513 dictum
551 1453 707 1513 clericum
719 1449 816 1529 juxta
835 1466 932 1510 man·
981 1456 1039 1531 jus
1061 1453 1206 1529 eligendi
1231 1470 1290 1531 per
1318 1453 1486 1516 diversum
1512 1453 1670 1529 temporis
1697 1453 1784 1512 ami-

135 1551 249 1612 datum
259 1550 484 1627 apostolicum
495 1549 644 1627 recipere
654 1549 847 1610 recusantes
859 1548 932 1623 post
987 1551 1082 1623 sisse,
1109 1551 1262 1612 nolumus
1291 1551 1377 1628 qnod
1396 1553 1525 1628 tempus
1551 1551 1679 1628 lapsum
1706 1552 1783 1610 ante

134 1647 393 1724 appellationem
408 1646 448 1708 ad
463 1663 523 1708 nos
538 1645 579 1707 ab
594 1647 643 1708 eis
655 1645 812 1722 legitime,
828 1646 863 1706 ut
875 1643 931 1705 di·
987 1663 1178 1710 concessam
1195 1645 1259 1709 sibi
1280 1647 1423 1724 eligendi
1442 1649 1611 1710 licentiam
1631 1647 1680 1709 eis
1706 1664 1784 1708 cur-

134 1746 234 1819 citur,
250 1745 458 1822 interjectam
474 1743 838 1814 excommunicationis,
855 1744 888 1804 et
898 1741 931 1803 in
986 1747 1049 1816 rat,
1067 1762 1141 1808 cum
1157 1745 1356 1819 constitutis,
1370 1763 1442 1826 quae
1453 1746 1493 1806 de
1509 1745 1699 1824 hujusmodi
1711 1745 1786 1822 lap-

133 1857 250 1904 eorum
265 1842 440 1904 ecclesiam
463 1839 631 1903 interdicti
651 1839 833 1902 sententias
854 1853 932 1915 pro·
987 1860 1027 1904 su
1055 1844 1212 1921 temporis
1241 1843 1403 1921 loquitur,
1434 1845 1550 1904 contra
1573 1842 1784 1919 negligentiae

135 1939 293 2002 tulerunt.
317 1942 422 2002 Porro
443 1938 549 2017 ipsius
573 1938 638 2000 loci
663 1935 851 2015 praeposite,
875 1936 931 2014 qui
987 1940 1104 2002 vitium
1116 1939 1216 2001 inerit
1229 1939 1447 2018 promulgata,
1459 1941 1493 2002 et
1504 1939 1528 2000 ii
1540 1939 1603 2002 dici
1620 1940 1786 2016 nequeant

134 2054 203 2098 una
220 2053 294 2098 cum
311 2053 425 2097 eorum
454 2037 570 2098 nuntio
583 2034 840 2114 appellationem
865 2033 931 2094 bu·
987 2038 1204 2115 negligentes
1220 2055 1319 2115 quum
1331 2054 1398 2100 non
1412 2039 1546 2115 possent
1561 2037 1684 2113 eligere
1697 2052 1785 2114 prae-

130 2133 279 2212 jusmodi
305 2133 441 2206 iecerat,
467 2133 503 2196 ut
525 2133 698 2206 asseritur,
724 2133 929 2210 prosecutus,
988 2137 1103 2197 sertim
1119 2153 1218 2214 quum
1243 2152 1286 2197 ex
1314 2135 1394 2197 dicti
1420 2135 1601 2196 cardinalis
1630 2133 1785 2194 mandato

135 2231 306 2293 subtracto
321 2230 454 2292 interim
470 2227 511 2292 ab
523 2231 587 2292 bac
597 2230 682 2300 luce,
695 2244 797 2306 super
810 2227 933 2290 condr-
989 2233 1148 2304 nostram,
1163 2232 1216 2296 vel
1234 2235 1305 2310 ejus
1314 2232 1509 2295 tenerentur
1523 2231 1692 2294 licentiam
1703 2247 1784 2307 pos-

137 2329 283 2390 matione
301 2327 532 2406 praedictarum
552 2325 793 2389 sententiarum
813 2323 932 2386 litteris
988 2331 1108 2393 tulare.
1130 2330 1220 2402 Quod
1237 2331 1266 2391 si
1281 2346 1347 2392 non
1370 2345 1495 2397 omnes,
1518 2331 1593 2401 eto,
1615 2328 1680 2389 duo
1702 2343 1783 2388 ves-

131 2429 204 2504 jam
221 2442 240 2487 a
255 2425 350 2487 nobis
365 2423 507 2487 obtentis
523 2439 582 2501 per
595 2423 753 2485 clericum
768 2437 934 2485 memora·
987 2429 1087 2501 trum,
1116 2429 1179 2490 etc.
1205 2429 1324 2490 Datum
1353 2426 1509 2489 Laterani
1533 2425 1650 2505 quarto
1679 2441 1785 2487 nonas

136 2523 219 2596 tum,
232 2523 371 2585 dilectus
380 2523 468 2583 illins
480 2522 635 2583 nosterB.
645 2520 733 2583 tituli
743 2520 932 2581 sanctorum
988 2525 1101 2587 martii
1116 2539 1204 2586 anno
1218 2525 1374 2587 secundo.

136 2621 302 2684 lobannis
338 2621 372 2682 et
403 2619 499 2680 Pauli
531 2616 705 2696 presbyter
740 2615 932 2685 cardinalis,

138 2717 337 2795 apostolicae
352 2717 595 2793 Sedislegatus,
606 2715 639 2776 et
652 2714 811 2789 magister
820 2716 857 2777 L.
870 2716 935 2774 Le-
1099 2715 1101 2720 '
1330 2693 1447 2780 CLIV

137 2814 627 2886 movlcenarcbidiaconnsex
635 2813 727 2890 parte
735 2812 837 2889 legati
849 2813 935 2890 ejus·
1031 2841 1084 2898 Ad
1097 2837 1331 2914 ,proeposgtum
1345 2837 1379 2898 ει
1393 2839 1431 2898 θ,
1451 2836 1484 2898 35
1501 2837 1541 2897 R·
1560 2837 1741 2897 cauom-003

137 2914 225 2987 dem,
245 2929 306 2991 per
319 2912 447 2975 litteras
462 2927 540 2972 suas
555 2910 770 2972 inhibuerunt
789 2909 934 2988 capitulo
1289 2937 1485 2996 Romam

135 3012 219 3074 dicti
234 3011 353 3072 locine
370 3007 494 3086 absque
508 3009 621 3070 nostro
636 3007 689 3070 vel
706 3009 778 3085 ejus
795 3022 935 3068 assensu
1281 3056 1384 3114 mm
1412 3054 1481 3114 mg

137 3109 355 3186 procederent
366 3108 408 3168 ad
418 3107 613 3168 electionem
625 3103 792 3183 praepositi
808 3103 936 3164 iacien—
1165 3173 1170 3185 ¹
1293 3172 1299 3183 ‚
1387 3098 1394 3113 ⁸
1484 3096 1491 3110 '
1719 3169 1724 3178 ,

135 3207 225 3268 dam.
243 3207 350 3278 Quare
362 3205 449 3265 idem
462 3202 642 3282 capitulum
658 3205 695 3264 P.
712 3202 751 3263 de
764 3201 936 3262 Montecu-
1022 3174 1141 3238 [³⁰⁸⁰⁵‘·’
1153 3172 1199 3223 hb·
1215 3173 1246 3230 ¹¹'
1260 3175 1332 3237 ΨΜ·
1345 3171 1400 3220 ⁹²⁰·
1413 3172 1514 3221 ”W
1525 3170 1600 3220 ΜΘ
1615 3167 1648 3219 ‘¹¹¹
1664 3168 1757 3230 Μ’]

136 3302 206 3366 culi
215 3303 514 3365 canonicumsuum
525 3299 566 3362 ad
573 3301 719 3362 nostram
727 3297 936 3376 praesentiam
991 3287 1140 3347 constituit
1158 3285 1268 3359 J'udices
1284 3299 1334 3357 lf⁰
1357 3285 1405 3341 lite
1424 3283 1484 3356 lim
1504 3289 1673 3351 ⁰⁰ss²e³¹³¹b
1689 3282 1718 3337 ¹¹¹
1734 3296 1789 3353 (lud

135 3399 315 3462 destinavit
334 3414 394 3477 pro
409 3397 628 3470 amomum,
650 3412 689 3458 30
709 3411 851 3457 assensu
873 3395 937 3456 θη,
1024 3375 1111 3476 iudex
1137 3389 1211 3432 unus
1232 3380 1360 3430 mortuus
1375 3380 1403 3429 et
1425 3372 1498 3428 elius
1511 3369 1715 3444 impedimento
1736 3367 1787 3426 de-

137 3498 239 3575 gendi
257 3497 470 3576 praepositum
487 3494 703 3574 postulandis,
717 3509 877 3556 concessa
891 3493 934 3565 ei,
1026 3470 1141 3522 metus·
1711 3489 1715 3497 '

139 3597 229 3658 sicut
252 3611 311 3672 per
335 3605 449 3656 eorum
473 3592 654 3670 apparebat
675 3591 814 3663 litteras,
829 3590 935 3651 libera
1032 3579 1200 3642 Honorius
1216 3579 1346 3640 dilectis
1362 3577 1451 3649 tiliis,
1464 3579 1540 3647 θῑθι,
1560 3575 1737 3652 praePOSiiO
1756 3575 1790 3636 θῑ

139 3693 315 3771 potestate,
333 3695 496 3754 uteorum
510 3690 583 3751 vice
598 3689 804 3765 singulorum
818 3690 851 3750 et
865 3703 937 3748 om·
992 3678 1151 3755 magistro
1174 3679 1210 3737 G·
1232 3679 1331 3737 G01'11·
1345 3675 1379 3736 θῑ
1393 3676 1432 3735 R·
1449 3673 1490 3733 de
1506 3672 1666 3733 Laudun0
1684 3687 1787 3733 cano-

139 3791 233 3852 nium
244 3791 278 3851 in
289 3789 467 3868 praesentia
479 3791 591 3850 nostra
601 3786 765 3863 reciperet
779 3784 936 3846 clericum
992 3777 1077 3838 nicis
1095 3778 1231 3836 Reman.

137 3886 465 3964 antedictum‚q110d‚
481 3885 559 3948 licet
573 3899 684 3948 coram
700 3883 847 3961 praefatis
862 3897 938 3943 exe.
1032 3867 1448 3934 presentatanobisoom.
1459 3867 1671 3929 suessionen.
1681 3865 1789 3928 archi-

138 3986 322 4057 cutoribus‚
347 3983 469 4045 suerint
483 3983 664 4059 adimplere
679 3981 800 4059 parati,
814 3979 936 4056 nequi·
992 3969 1123 4032 diaconi
1137 3967 1250 4046 petitio
1266 3964 1465 4038 continebat,
1485 3965 1571 4043 quod
1587 3981 1688 4042 quum
1703 3963 1791 4024 inter

138 4085 382 4144 verumtamen
395 4079 495 4142 abeis
507 4079 725 4142 absolutionis
739 4074 937 4139 beneficium
993 4067 1157 4146 quondam
1171 4069 1210 4127 R.
1227 4063 1503 4143 praedecessorem
1527 4078 1623 4123 suum
1639 4064 1790 4139 exparte

140 4178 301 4240 obtinere.
319 4179 442 4237 Verum
462 4175 599 4252 praefate
619 4177 657 4234 Ρ.
678 4173 817 4236 lecimus
836 4170 939 4233 bene-
993 4181 1059 4228 mna
1074 4166 1107 4226 et
1126 4162 1308 4242 capitulum
1331 4161 1444 4222 Sancti
1466 4159 1557 4222 Petri
1576 4159 1789 4221 suessionen.

139 4276 252 4338 ilcium
281 4273 499 4336 absolutionis
524 4271 682 4348 impendi,
709 4271 742 4333 et
764 4267 938 4348 praefatum
993 4261 1168 4330 exaltera,
1197 4274 1297 4335 super
1317 4257 1551 4337 jurisdictione
1577 4273 1687 4334 quam,
1705 4257 1792 4317 idem

140 4373 300 4436 clericum
313 4371 416 4448 recipi
431 4369 472 4431 ab
490 4369 616 4430 eodem.
635 4369 704 4429 Nos
718 4367 820 4444 igitur
839 4367 937 4427 tinem
993 4359 1249 4423 archidiaconus
1278 4372 1313 4417 se
1334 4356 1369 4416 in
1385 4357 1473 4416 dicta
1498 4355 1641 4416 ecclesia
1663 4354 1792 4415 ratione

140 4465 746 4548 praedictlclericilaboribusvolentes
755 4465 935 4542 imponere,
993 4455 1294 4526 archidiaconatus,
1309 4450 1661 4530 proponebatbabere,
1682 4467 1792 4526 (111aess-

140 4586 181 4630 ac
193 4567 401 4629 indemnitati
413 4562 562 4626 ecclesiae
574 4578 675 4640 super
685 4562 847 4624 electione
857 4577 940 4638 prae·
992 4556 1039 4618 tio
1054 4554 1250 4620 verteretur,
1263 4550 1397 4613 tandem
1413 4549 1453 4608 de
1467 4546 1628 4609 bonorum
1644 4548 1791 4607 virorum

143 4666 244 4744 positi
276 4677 483 4742 praecavere,
513 4659 706 4722 discretioni
734 4660 852 4720 vestrae
879 4672 938 4736 per
994 4652 1144 4723 consilio,
1162 4643 1790 4718 BernardumcancellariumParisien.

141 4762 332 4841 apostolica
358 4759 482 4836 scripta
507 4757 702 4819 mandamus
731 4757 894 4834 quatenus
918 4771 938 4814 a
993 4754 1026 4813 et
1061 4748 1237 4824 magistros
1265 4742 1407 4807 Radull:
1432 4745 1567 4804 Romen.
1599 4743 1631 4804 et
1659 4742 1792 4802 Petrum

141 4861 283 4938 singulis
303 4858 343 4919 de
364 4855 510 4934 capitulo
531 4856 603 4933 ipso
623 4853 734 4916 standi
754 4869 853 4930 super
876 4852 940 4913 boc
993 4848 1119 4910 Briton.
1136 4843 1277 4906 clericos
1292 4856 1393 4918 super
1418 4839 1481 4902 boc
1508 4837 1652 4900 arbitros
1676 4838 1791 4916 elege-

141 4957 298 5021 mandato
313 4954 426 5017 nostro
441 4953 574 5030 recepta
587 4951 754 5029 juratoria
770 4949 936 5022 cautione,
994 4947 1082 5017 runt,
1104 4943 1276 5020 quiquam
1301 4938 1453 5016 suscepto
1482 4935 1620 5000 arbitrio
1647 4937 1729 4999 adeo
1758 4937 1792 4997 in

141 5054 310 5119 interdicti
328 5053 527 5114 sententiam
537 5049 740 5121 relaxantes,
751 5047 835 5125 ipsis
846 5047 940 5108 abso·
994 5041 1152 5121 praedicto
1173 5037 1305 5114 negotio
1330 5035 1578 5114 processissent,
1601 5036 1686 5113 quod
1711 5050 1793 5112 pro-

142 5153 281 5216 lationis
291 5149 488 5211 beneficium
499 5146 707 5224 impendatis,
721 5146 754 5208 et
764 5143 940 5222 praecipia-
995 5140 1101 5202 ductis
1122 5136 1273 5208 testibus,
1291 5135 1323 5197 et
1340 5133 1601 5212 depositionibus
1617 5131 1793 5208 publicatis

140 5253 185 5316 tis
197 5249 322 5312 eisdem
343 5244 522 5307 subdebito
537 5243 678 5320 praestiti
688 5241 884 5320 juramenti,
904 5241 941 5302 ut
996 5252 1121 5308 eorum,
1155 5233 1363 5310 receptisque
1399 5229 1655 5306 allegationibus
1695 5228 1791 5289 utro-

142 5349 215 5411 sine
232 5361 332 5408 morae
347 5341 519 5420 dispendio
534 5341 569 5401 in
588 5339 724 5401 tratrem
748 5339 781 5401 et
801 5338 941 5400 canoni·
995 5349 1144 5411 rumque,
1159 5332 1242 5394 actis
1258 5329 1410 5392 omnibus
1425 5327 1568 5390 redactis
1592 5327 1626 5386 in
1646 5325 1790 5402 scriptis,

143 5463 218 5510 cum
237 5441 401 5520 recipiant
415 5438 573 5501 clericum
593 5435 807 5505 antedictum,
824 5451 892 5508 eos,
911 5433 940 5494 si
995 5435 1028 5494 et
1042 5430 1227 5508 sigillorum
1252 5444 1387 5491 suorum
1403 5423 1620 5502 impressione
1638 5423 1791 5499 signatis,

143 5547 207 5607 boc
228 5542 339 5604 iacere
356 5536 562 5608 recusarent,
587 5535 749 5597 eteorum
765 5532 940 5595 ecclesiam
996 5528 1170 5592 arbitrium
1184 5527 1333 5604 prolerre
1353 5522 1519 5595 deberent,
1537 5521 1661 5582 eisdem
1678 5521 1709 5582 id
1723 5521 1791 5581 dil-

129 5646 179 5712 ,in
195 5639 355 5721 pristinas
371 5633 567 5699 reducentes
580 5633 775 5705 sententias,
794 5631 878 5694 etde
889 5633 943 5708 ju-
996 5625 1177 5690 terentibus
1203 5640 1263 5704 pro
1284 5637 1354 5686 suae
1374 5619 1467 5683 libito
1491 5619 1682 5692 voluntatis,
1707 5635 1792 5680 unus
