3982 6302
88 363 141 422 4ὓὸ
637 357 813 419 HONORII
838 357 964 418 PAPAE
986 358 1032 417 ΙΙΙ
1053 357 1163 418 viii.
1666 361 1726 421 406

87 534 161 582 neus
183 516 280 589 esset,
297 515 338 576 ad
357 515 459 593 legati
477 516 511 580 S.
532 516 571 580 R.
593 517 629 577 E.
649 515 775 578 vexilla
794 531 874 593 pro-
926 516 1025 577 antea
1040 515 1196 588 diximus,
1209 517 1280 591 jam
1302 513 1429 591 pridem
1444 514 1506 576 sub
1530 517 1725 579 Innocentio

86 617 219 696 peraret
247 615 311 686 Qui
339 615 519 691 apparatus
546 629 614 676 non
639 613 728 676 irriti
756 629 871 676 omnes
926 614 1024 676 tertio
1053 615 1191 674 Romam
1212 627 1344 674 corona
1363 613 1582 690 suscipienda
1609 629 1722 676 causa.

87 715 180 775 luere.
226 712 526 774 Numerosissimus
568 711 641 773 erat
693 711 870 782 exercitus,
928 711 991 774 Sed
1016 710 1049 772 id
1064 711 1229 772 Pontifiex
1239 712 1316 786 jnre
1334 710 1555 772 differendum
1577 727 1725 775 censue-

84 815 208 890 lamque
229 808 271 872 ad
288 809 500 886 septuaginta
518 809 660 872 militum
675 808 781 871 millia
794 823 872 886 per·-
926 809 988 870 rat.
1005 808 1047 871 it
1061 824 1135 870 cum
1154 807 1287 868 tandem
1308 807 1455 870 Honorio
1475 809 1637 871 Pontitlce
1658 826 1724 887 op-

87 909 238 970 venerat:
257 907 398 985 ideoque
420 907 603 970 Sulthanus
623 907 687 968 sibi
702 907 743 968 ab
758 907 873 968 Chris-
926 906 1030 969 tatum
1045 905 1198 968 diadema
1212 905 1332 966 fuisset
1348 907 1556 979 consecutus,
1574 907 1724 969 Honorio

87 1009 167 1069 tiano
181 1007 277 1068 hoste
289 1005 439 1068 metuens
447 1005 489 1066 ad
498 1005 590 1084 pacis
604 1004 714 1067 studia
729 1019 872 1066 convcr-
923 1004 1073 1082 iubente,
1089 1005 1130 1066 de
1146 1019 1250 1066 manu
1263 1002 1420 1080 Hugolini
1434 1004 1594 1066 Ostiensis
1609 1005 1725 1066 cardi-

89 1121 148 1176 sus,
163 1105 195 1165 et
208 1103 249 1166 ad
264 1104 410 1180 legatum
425 1104 459 1166 et
476 1103 518 1164 ad
532 1102 872 1186 Hierosolymitanum
926 1103 1025 1175 natis,
1051 1118 1149 1164 cruce
1172 1103 1273 1166 etiam
1295 1101 1359 1162 sibi
1373 1100 1539 1179 imposita,
1560 1101 1636 1163 vota
1659 1117 1724 1163 vo-

89 1217 188 1278 icgem
211 1201 325 1262 missis
346 1201 474 1263 nuntiis
493 1202 646 1263 exoravit
661 1199 724 1281 (a),
755 1201 791 1263 ut
813 1201 871 1261 in·
926 1199 969 1262 tis
987 1201 1172 1273 cumulans,
1187 1199 1398 1277 perficiendae
1413 1199 1725 1276 Hierosolymitanae

89 1299 180 1376 signis
193 1298 273 1359 urbs
292 1299 454 1370 Damiata,
478 1313 551 1375 quae
571 1313 679 1376 nuper
694 1298 871 1360 Saracenis
926 1297 1149 1375 expeditionis
1173 1313 1286 1369 causa,
1308 1296 1345 1358 ut
1373 1295 1478 1359 tradit
1499 1299 1638 1374 Usperg.
1668 1312 1723 1357 an.

89 1396 187 1472 erepta
197 1396 317 1468 iuerat,
331 1395 663 1473 etApostolioilegati
673 1395 871 1458 auctoritate
926 1397 989 1457 Dni
1001 1395 1197 1472 manetque
1210 1395 1259 1456 ita
1271 1410 1402 1456 omnem
1415 1393 1514 1455 fldem
1530 1409 1609 1470 erga
1622 1397 1727 1470 Apos-

91 1495 235 1571 perpetuo
264 1493 559 1571 Hierosolymitani
584 1493 680 1570 regni
701 1492 871 1570 supposita
925 1493 1060 1555 telicem
1077 1493 1195 1554 Sedem
1210 1492 1368 1570 praeferre
1382 1491 1476 1553 visus
1489 1492 1549 1565 est,
1561 1491 1647 1569 quod
1663 1508 1726 1569 pu-

90 1590 192 1651 ditioni
206 1591 458 1653 restitueretur=
474 1591 547 1667 ipse
562 1590 742 1652 Dominicae
757 1589 871 1650 Cincis
925 1588 1152 1652 blicislitteris
1163 1591 1195 1652 id
1206 1589 1396 1661 testaretur,
1406 1603 1488 1666 quas
1499 1588 1725 1651 conficiendas

90 1689 259 1764 portionem
279 1688 510 1765 Hierosolyma
528 1689 738 1765 exportatum
751 1687 873 1749 redde-
922 1690 1096 1765 juraverat
1116 1688 1310 1764 priusquam
1334 1687 1521 1749 diademate
1535 1687 1725 1763 insignire-

90 1787 144 1854 ret,
164 1786 343 1862 mutuoque
359 1785 483 1863 captivi
498 1784 591 1847 abiro
616 1785 715 1846 liberi
734 1785 873 1862 permit·
925 1785 995 1861 tur3
1010 1803 1028 1845 c
1041 1783 1270 1848 abstenturum
1283 1801 1319 1846 se
1332 1785 1461 1848 scilicet
1471 1785 1512 1846 ab
1525 1785 1615 1845 omni
1625 1799 1725 1847 vexa·

91 1884 236 1944 terantur.
251 1881 387 1962 (anton.
402 1883 453 1946 tit.
468 1885 517 1956 19,
530 1899 560 1944 c.
570 1885 601 1957 3,
617 1883 756 1960 §Satn
773 1885 871 1961 atque
924 1883 1016 1945 tione
1039 1883 1139 1944 relius
1160 1883 1404 1945 Ecclesiasticis
1430 1881 1617 1952 inserenda,
1643 1882 1724 1959 quin

90 1979 261 2068 Nauclerus
274 1979 504 2060 pancratii).
926 1996 1000 2058 quac
1024 1981 1209 2058 accepisset
1226 1981 1327 2044 etiam
1348 1979 1554 2042 redditurum
1568 1997 1599 2052 9,
1612 1980 1726 2057 jurat-

121 2077 264 2140 absume
285 2077 389 2154 igitur
416 2078 509 2140 omni
531 2078 692 2152 exercitu,
724 2079 872 2141 loannes
926 2095 989 2156 que
1006 2079 1041 2139 in
1056 2094 1177 2140 nomen
1192 2078 1349 2140 Ecclesiae
1371 2081 1541 2150 Romanae,
1555 2077 1727 2154 suppetias

88 2189 141 2234 rex
161 2191 246 2250 aegre
265 2175 377 2236 terens
394 2175 576 2240 detractam
597 2175 661 2238 sibi
685 2175 871 2237 Damiatam
925 2176 1205 2254 quandocumque
1218 2190 1273 2237 res
1286 2175 1390 2237 ferret
1410 2175 1590 2254 pollicitus,
1604 2175 1639 2236 in
1654 2173 1728 2236 haec

89 2271 331 2334 munitissimam
343 2287 411 2350 prae
424 2272 554 2334 caeteris
568 2273 621 2334 sui
634 2273 730 2348 regni
742 2272 868 2345 urbem,
924 2273 1025 2334 verba
1041 2271 1090 2352 (1)
1100 2291 1107 2330 :
1119 2277 1187 2335 cin
1200 2274 1334 2334 nomine
1350 2274 1479 2335 Sanctae
1492 2274 1525 2334 et
1539 2272 1727 2335 individuae

88 2371 264 2445 compositis
280 2369 331 2449 (ut
345 2385 405 2446 pro
428 2371 576 2446 tempore
598 2368 706 2450 licuit)
722 2369 756 2430 in
773 2371 869 2448 Syria
925 2385 944 2431 c
964 2371 1148 2432 Trinitatis.
1164 2373 1279 2432 Amen.
1307 2373 1375 2446 Ego
1392 2369 1584 2431 Eridericns
1602 2383 1725 2430 secun-

88 2465 183 2538 rebus,
199 2467 316 2544 paucis
330 2466 506 2530 admodum
516 2465 692 2530 comitatus
705 2467 821 2544 copiis,
838 2467 871 2530 et
925 2483 944 2529 c
964 2467 1026 2529 dus
1046 2469 1271 2530 Romanorum
1289 2467 1472 2544 imperator
1494 2481 1625 2544 semper
1648 2469 1721 2527 Au-

88 2563 149 2638 ipse
160 2564 193 2640 in
203 2564 414 2627 Occidentem
425 2564 491 2626 sibi
502 2580 576 2626 esse
592 2563 869 2643 proficiscendum
924 2580 943 2626 c
964 2564 1092 2641 gustus,
1106 2582 1168 2627 rex
1188 2563 1322 2637 Siciliae,
1338 2567 1401 2626 etc.
1414 2563 1488 2625 Tibi
1498 2563 1639 2626 Domino
1650 2579 1728 2626 meo

87 2661 197 2722 statuit.
215 2664 355 2724 Romam
366 2663 470 2738 igitur
484 2678 588 2739 usque
601 2661 784 2740 trajiciens,
800 2662 870 2724 tum
924 2679 943 2724 a
964 2663 999 2725 et
1011 2662 1104 2724 Patri
1120 2663 1317 2724 charissimo
1331 2662 1479 2724 Honorio
1495 2666 1593 2739 Papae
1610 2662 1721 2734 tertie,

87 2758 300 2833 ePontidce,
328 2759 400 2821 tum
430 2775 451 2822 a
483 2759 622 2838 reliquis
651 2759 867 2837 principibus,
924 2760 1096 2837 «tuisque
1122 2758 1387 2834 successoribus,
1415 2760 1449 2822 et
1473 2759 1630 2822 Ecclesia
1656 2762 1726 2822 Ro-

87 2868 161 2916 nova
181 2857 345 2932 petiturus
364 2857 504 2930 auxilia,
539 2857 696 2935 exceptus
715 2856 871 2934 perbeni-
924 2873 944 2918 9
964 2873 1083 2931 manee,
1102 2857 1320 2936 praesentibus
1347 2857 1542 2936 subscriptis
1562 2855 1726 2934 principi-

87 2953 193 3026 gneab
212 2955 361 3020 Honorio
385 2956 450 3030 est;
473 2955 516 3027 et,
541 2954 578 3018 ut
598 2954 700 3033 petita
722 2954 870 3016 subsidia
925 2954 1026 3016 «bus
1051 2957 1084 3017 et
1109 2954 1289 3028 nobilibus,
1319 2954 1464 3032 spondeo
1493 2955 1526 3017 et
1548 2954 1721 3033 polliceor,

87 3051 272 3124 quantocius
287 3051 527 3128 praeberentur,
550 3053 659 3115 actum
673 3053 725 3114 est
740 3053 869 3117 911111-
924 3068 944 3113 c
964 3052 1118 3129 promitto
1138 3052 1171 3114 et
1182 3055 1272 3129 juro,
1292 3051 1379 3130 quod
1399 3066 1514 3114 omnes
1534 3050 1724 3129 possessio-

86 3145 205 3210 dericus
221 3147 416 3226 imperator,
441 3151 500 3229 qui
515 3152 587 3228 jam
605 3166 626 3212 a
650 3149 822 3222 Pontifice,
850 3165 870 3210 a
925 3163 1036 3221 «nes,
1057 3149 1202 3210 bonores
1225 3150 1259 3212 et
1278 3151 1357 3226 jura
1384 3149 1542 3210 Ecclesiae
1564 3151 1723 3210 Romanae

86 3259 142 3320 quo
151 3245 251 3308 tantis
265 3245 449 3312 bonoribus
464 3247 651 3309 cumulatus
665 3247 783 3318 dierat,
800 3246 872 3308 dis·
925 3263 945 3308 c
964 3262 1025 3324 pro
1039 3261 1137 3324 posse
1150 3261 1223 3310 meo
1233 3245 1320 3308 bona
1333 3246 1397 3308 lide
1409 3247 1582 3324 protegam
1595 3246 1629 3308 et
1645 3261 1720 3307 ser-

85 3339 210 3414 sidebat,
235 3343 274 3404 in
293 3342 492 3420 apostolicae
512 3344 609 3405 Sedis
626 3343 768 3420 gratiam
783 3343 871 3406 reci-
925 3343 1064 3420 «vah03
1085 3344 1314 3423 possessiones
1328 3346 1440 3407 autem
1464 3359 1547 3422 quas
1571 3347 1723 3406 Romana

84 3439 217 3512 peretur,
241 3442 275 3502 et
292 3441 434 3503 loannis
454 3457 498 3504 ex
518 3441 589 3503 Iola
607 3443 750 3520 cmaJuge
766 3440 870 3502 filiam
925 3441 1114 3504 «Ecclesia
1135 3443 1355 3519 recuperavit,
1382 3441 1507 3504 liberas
1535 3441 1568 3504 et
1593 3441 1724 3519 quietas

86 3533 377 3613 sibidesponderet
394 3537 548 3616 dotisque
558 3539 760 3617 nomincjus
773 3553 870 3602 omne
925 3556 943 3600 9
965 3539 1030 3600 sibi
1044 3539 1217 3612 dimittam,
1232 3540 1265 3602 et
1278 3540 1385 3616 ipsam
1400 3539 1442 3600 ad
1460 3555 1518 3602 eas
1532 3537 1723 3601 retinendas

86 3629 132 3692 illi
151 3632 369 3708 conterretur,
398 3636 485 3714 quod
500 3636 714 3699 haereditario
736 3638 816 3714 jure
834 3636 871 3698 in
925 3653 944 3696 c
964 3634 1054 3698 bona
1067 3636 1131 3698 tide
1150 3637 1296 3714 juvab03
1313 3651 1396 3714 quas
1420 3637 1531 3698 autem
1545 3651 1611 3697 non
1625 3651 1725 3696 recu-

86 3727 378 3808 Eierosolymitano
412 3749 516 3810 regno
560 3733 624 3796 sibi
658 3734 868 3810 competeret.
925 3733 1105 3811 «paravit,
1122 3734 1255 3812 adjutor
1269 3749 1329 3794 ero
1347 3733 1388 3794 ad
1408 3733 1672 3810 recuperandum
1691 3734 1725 3793 et

85 3827 178 3904 Atque
188 3828 237 3891 ita
249 3829 350 3892 rebus
369 3831 573 3908 compositis,
596 3828 870 3908 celebratisquea
925 3833 1247 3908 «recuperatorum,
1273 3830 1456 3892 secundum
1475 3845 1574 3908 posse
1598 3845 1719 3902 meum,

85 3923 242 3988 Friderico
256 3927 394 4005 nuptiis,
410 3944 486 3992 cum
500 3943 607 3991 uxore
625 3945 668 3991 ex
680 3928 869 3992 remotissi-
924 3944 945 3989 (
965 3943 1022 3992 919
1045 3927 1118 3990 sine
1132 3927 1255 3990 bande.
1268 3927 1433 4000 defensor,
1448 3927 1482 3990 et
1504 3943 1724 4006 quaecumque

85 4035 131 4082 ma
148 4023 296 4086 01199119
316 4025 456 4101 regione
474 4025 648 4104 expectata
668 4025 703 4089 et
719 4025 868 4098 advecta,
925 4040 945 4085 s
964 4023 1138 4087 adraanus
1158 4041 1251 4088 meas
1265 4024 1469 4101 devenerint,
1487 4025 1560 4086 sine
1575 4022 1725 4085 dildcul-

85 4115 276 4196 inApuliam
289 4137 363 4184 sese
377 4123 503 4200 recepit
516 4123 709 4201 imperator,
721 4121 872 4202 91199191-
925 4123 1032 4185 «tate
1045 4123 1223 4185 restituere
1243 4122 1439 4202 procurabo.
1462 4123 1512 4184 Ad
1531 4123 1594 4184 iias
1618 4121 1727 4200 perti-

85 4213 134 4276 diu
157 4217 203 4278 ibi
223 4219 457 4282 commoratus.
482 4219 546 4283 Sed
567 4221 624 4298 qui
648 4221 759 4284 iuerat
777 4221 871 4283 tanto
925 4220 1022 4282 «net
1034 4219 1204 4283 totaterre
1217 4235 1290 4298 quae
1303 4221 1354 4282 est
1366 4235 1385 4282 a
1398 4219 1602 4282 Radioofano
1616 4233 1722 4297 usque

86 4311 170 4376 linito
196 4315 299 4378 etiam
325 4317 523 4390 cumulatus,
556 4318 681 4396 perfide
701 4320 771 4381 tum
790 4333 870 4394 erga
924 4317 1006 4378 «ad
1042 4319 1269 4396 ceparanum,
1302 4319 1505 4381 exarchatus
1532 4321 1721 4390 Ravenna,

86 4425 223 4486 uxorem,
241 4416 312 4476 nim
325 4429 477 4478 socerum
490 4417 664 4489 loannem,
677 4415 747 4480 tum
761 4415 870 4493 ipsum
924 4415 1169 4493 «Pentapolis,
1197 4415 1348 4478 marchia
1368 4417 1587 4487 anconitana,
1616 4415 1722 4476 duca-

87 4507 373 4588 Pontificem,quin
392 4511 426 4573 et
443 4514 547 4574 Deum
566 4513 687 4590 ipsum,
703 4513 872 4574 99111919-
924 4512 1017 4576 ctus
1040 4513 1249 4590 Spoletanus,
1267 4513 1358 4576 terra
1378 4513 1557 4574 comitissae
1579 4511 1720 4573 mathil-

86 4602 172 4666 ticam
195 4606 434 4684 protectionem
458 4611 687 4687 suscepturum
708 4625 744 4671 se
771 4609 870 4671 toties
924 4623 945 4670 c
964 4607 1026 4682 dis,
1048 4611 1224 4673 comitatus
1247 4609 1439 4678 Bretinorii,
1462 4625 1537 4671 cum
1562 4609 1723 4686 adjacen-

86 4699 263 4774 dcvoverat,
276 4705 392 4781 gessit.
408 4706 562 4773 Exhisce
576 4708 686 4770 autem
708 4706 869 4772 Friderioi
924 4723 943 4767 c
963 4706 1052 4769 tibus
1075 4708 1175 4770 terris
1196 4706 1364 4784 expressis
1387 4705 1423 4766 in
1445 4706 1559 4767 multis
1582 4705 1723 4784 privila-

86 4800 197 4877 unptiis
212 4803 296 4866 illud
320 4803 504 4881 proiectum
519 4807 580 4878 est,
605 4805 643 4867 ut
661 4805 801 4885 quisque
816 4805 871 4867 Si·
924 4820 943 4866 c
963 4805 1029 4882 giis
1052 4805 1289 4882 imperatorum
1311 4819 1355 4864 ex
1372 4803 1521 4880 tempore
1546 4803 1721 4866 Ludovici.

86 4897 141 4957 erili
168 4901 202 4961 at
223 4901 438 4979 Neapolitani
463 4901 559 4980 regni
583 4917 655 4974 rex,
678 4917 715 4964 se
739 4917 870 4981 quoque
924 4905 1031 4963 «Has
1051 4917 1166 4965 omnes
1187 4917 1246 4980 919
1266 4917 1365 4980 posse
1380 4916 1453 4963 meo
1474 4901 1659 4974 restituam,
1688 4902 1723 4965 et

87 4991 416 5075 Hierosolymitanum
447 5014 561 5076 regem
589 5001 760 5078 nuncupet
783 4997 871 5079 (An-
924 5017 942 5060 ‹
964 4999 1074 5078 quiete
1089 4999 1251 5062 dimittam
1272 5015 1348 5061 cum
1363 4999 1453 5062 omni
1472 4999 1720 5078 jurisdictione,

87 5089 204 5155 tontit.
229 5095 278 5168 19,
297 5111 327 5156 9.
348 5097 380 5168 3,
399 5097 419 5174 ς
438 5101 457 5158 4
476 5099 510 5159 et
531 5097 567 5174 53
586 5097 733 5174 Platina3
749 5095 867 5160 Naucl.
923 5113 942 5159 c
964 5097 1133 5171 disticte,
1160 5097 1194 5161 et
1226 5098 1354 5160 honore
1379 5113 1452 5160 suo.
1485 5099 1721 5160 Verumtamen

86 5192 253 5266 19191419
267 5191 428 5254 Tnitbem.
443 5197 568 5256 Caroli.
584 5191 780 5274 11119999).
924 5211 1039 5258 coum
1073 5195 1115 5258 ad
1139 5195 1364 5273 recipiendam
1388 5209 1545 5258 ceronam
1573 5195 1719 5272 Imperii,

118 5287 275 5357 Quoniam
300 5289 479 5354 incidimus
507 5291 543 5352 in
576 5291 740 5354 Eriderici
769 5292 872 5370 perd·
924 5293 1016 5356 «vel
1062 5309 1123 5371 pro
1163 5293 1418 5357 necessitatibus
1452 5292 1631 5365 Ecclesia,
1679 5291 1720 5354 ab

87 5379 161 5445 diam
176 5400 251 5448 cum
265 5386 455 5463 Apostolica
471 5387 555 5450 Sede
575 5389 767 5461 admissam,
791 5389 871 5451 libet
924 5391 1153 5470 «apostolice
1187 5391 1271 5454 Sede
1302 5391 1439 5454 vocatus
1468 5404 1658 5462 accessero,
1679 5390 1719 5451 de

88 5477 120 5539 de
132 5498 169 5544 ea
181 5499 219 5545 re
235 5483 335 5561 paulo
354 5484 507 5561 pluribus
519 5489 639 5562 'agere
661 5489 817 5560 Venerat,
835 5489 871 5551 ut
924 5506 943 5548 ‹
963 5489 1119 5552 mandato
1133 5491 1259 5552 Summi
1275 5488 1445 5552 Pontificis
1459 5487 1622 5565 accipiam
1637 5503 1719 5566 pro-

14 5693 15 5696 *
116 5610 153 5685 (a)
172 5615 295 5698 ¹consule
311 5617 345 5674 n.
363 5615 550 5700 Antoninum,
567 5619 691 5693 quirem
706 5619 865 5692 aliquantu·
960 5619 1001 5695 (1)
1021 5621 1061 5681 cl.
1078 5621 1417 5692 Ordoodccroaoudum,
1433 5633 1497 5694 sup.
1513 5619 1568 5678 col.
1584 5619 1647 5678 lei.

14 5723 15 5728 η
89 5678 138 5740 lum
151 5685 342 5744 diversimode
357 5686 501 5746 describit.
856 5704 858 5708 ¹
