3960 6304
53 425 105 487 lad

53 583 231 660 talibusque
241 579 390 656 aLegato
400 575 617 656 suspensione
624 543 788 653 mulctati,
799 595 840 641 ne
852 595 856 602 ’

54 679 248 756 inambigua
265 671 349 740 tanti
370 676 520 740 criminis
537 677 634 756 culpa
654 677 776 738 divinis
791 693 838 751 se,

55 795 172 840 summo
188 777 304 838 salutis
317 775 476 854 periculo,
490 775 735 850 immiscerent;
758 793 840 854 pro·

54 877 185 954 lectique
200 878 338 936 Romam
354 874 441 946 sunt,
467 872 587 951 quibus
617 871 840 934 itinerationis

54 990 155 1035 comes
177 971 285 1034 factus
311 970 362 1033 est
388 972 460 1048 ipse
486 971 675 1032 Eridericus
704 971 840 1032 sceleris

53 1073 160 1132 auctor
190 1071 226 1130 in
255 1085 393 1146 eamque
426 1085 518 1146 spem
551 1085 664 1130 omnes
693 1069 840 1129 animum

56 1169 200 1230 erexerat
219 1163 377 1239 futurum,
396 1165 433 1228 ut
449 1166 620 1228 Pontificis
637 1167 841 1242 benignitate

54 1267 182 1344 quaestio
217 1281 331 1326 eorum
371 1264 483 1326 mitior
517 1265 647 1340 agenda
685 1264 770 1326 foret
808 1265 841 1326 et

53 1365 205 1424 immunes
220 1379 240 1424 a
249 1361 369 1440 jndicii
382 1363 488 1440 poenis
501 1362 764 1438 dimitterentur;
783 1361 840 1422 sed

53 1479 104 1538 spe
117 1461 266 1523 frustrati
280 1461 368 1522 sunt.

87 1559 228 1622 Aderant
244 1563 314 1637 jam
325 1562 439 1621 Romae
455 1557 702 1620 coloniensium
718 1555 840 1619 civium

52 1657 211 1729 Ecclesiae,
233 1673 297 1734 que
319 1657 420 1719 totius
442 1653 585 1734 patroni,
607 1670 747 1733 quorum
767 1655 841 1716 stu-

53 1756 132 1816 dium
146 1754 352 1832 praecipnum
366 1753 449 1814 illud
467 1756 539 1817 erat
558 1755 594 1816 ut
612 1751 838 1831 parricidium,

52 1853 127 1930 quod
143 1853 184 1914 ad
202 1851 300 1914 Urbis
316 1867 445 1930 quoque
460 1868 528 1913 suae
544 1849 760 1928 ignominiam
776 1867 840 1928 pa-

51 1952 162 2012 tratum
179 1949 301 2023 fuerat,
317 1947 507 2028 Apostolica
522 1949 719 2011 auctoritate
731 1947 842 2009 vindi-

52 2049 184 2109 caretur.
204 2047 404 2120 Quinetiam
415 2049 485 2125 jam
497 2047 537 2108 ad
549 2047 731 2108 Honorium
746 2045 843 2122 prin-

53 2147 149 2224 cipum
176 2145 305 2223 aliquot
329 2145 449 2207 litterae
478 2145 595 2206 delatae
610 2145 754 2214 fuerant,
784 2143 841 2222 qui

53 2246 201 2320 urgerent
216 2245 341 2305 tantum
358 2244 483 2304 crimen
499 2243 752 2305 conniventibus
767 2257 843 2304 ocu·

55 2340 91 2400 lis
117 2356 183 2402 non
208 2357 281 2402 esse
309 2340 637 2418 praetermittendum.
664 2343 712 2402 Re
739 2339 842 2415 igitur

54 2437 291 2500 consultissime
307 2440 439 2514 cognita
451 2439 585 2500 tandem
606 2439 642 2500 in
664 2439 753 2516 ipsos
779 2435 841 2498 bos

53 2536 217 2614 episcopos
227 2535 391 2614 judicium
412 2535 577 2614 prolatum
604 2537 664 2608 est,
690 2535 746 2612 qui
767 2551 841 2595 cum

54 2635 252 2710 purgationis
284 2633 431 2698 subsidio
455 2649 590 2696 causam
619 2649 713 2694 suam
741 2631 841 2695 tutari

54 2733 284 2811 nequivissent,
315 2731 411 2794 ambo
446 2732 580 2794 sedibus
615 2732 686 2793 suis
723 2731 842 2810 dejecti

56 2831 132 2892 sunt.
146 2831 340 2892 Fridericus
355 2831 465 2892 autem
479 2829 611 2892 tametsi
621 2829 738 2901 laicus,
756 2827 841 2906 quod

55 2927 169 2990 nullum
211 2927 275 2990 sibi
314 2929 505 3004 confugium
543 2927 840 2998 animadvertisset,

55 3025 129 3086 clam
144 3030 251 3089 Roma
266 3026 413 3098 secessit,
428 3025 628 3104 tandemque
640 3025 754 3087 Leodii
769 3041 843 3101 cap-

54 3123 840 3202 tus,ColoniamquedelatusequuleosuspensuS,

55 3237 141 3296 quam
157 3223 278 3286 Rotam
291 3222 411 3299 vulgus
426 3224 605 3300 nuncupat,
620 3219 841 3292 excruciatus,

20 3385 23 3393 ¹
54 3317 158 3380 avibus
173 3321 211 3381 in
227 3335 337 3382 escam
356 3320 512 3381 dimissus
533 3321 583 3382 est
602 3318 700 3400 (ibid.
724 3317 780 3380 lib.
800 3320 841 3391 ΙΙ,

55 3431 79 3474 c.
94 3417 153 3497 17).
184 3419 308 3480 Postea
333 3416 374 3479 ab
396 3416 611 3478 inferioribus
634 3415 844 3494 pontificibus

54 3511 116 3588 ipse
136 3513 356 3592 Engelbertus
380 3515 468 3577 inter
482 3515 614 3576 sanctos
633 3516 683 3575 est
705 3513 842 3584 relatus,

55 3609 178 3690 diesque
201 3613 263 3674 illa
282 3612 385 3675 festus
400 3613 613 3690 praescriptus
628 3613 689 3684 est,
705 3611 844 3688 septima

55 3708 243 3771 Novembris
280 3708 517 3789 (montarcene.
555 3709 668 3784 Rom.)
702 3708 844 3770 conradi

55 3807 153 3868 autem
173 3809 280 3885 legali
302 3808 446 3886 synodus
462 3809 496 3868 in
511 3807 689 3868 Germania
705 3806 845 3882 insignis

55 3903 106 3964 est.
122 3906 200 3969 Erat
214 3907 247 3966 is
261 3905 357 3967 valde
368 3905 524 3982 religioni
533 3905 694 3977 addictus,
707 3919 847 3980 corrup-

56 4001 184 4080 ielaeque
197 4019 329 4065 morum
353 4004 536 4064 acerrimus
549 4003 682 4065 vindex.
704 4000 795 4073 Quod
811 4001 845 4061 in

19 4167 25 4182 ⁵
56 4103 248 4164 monachatu
276 4102 376 4163 etiam
401 4101 535 4162 titulum
572 4099 779 4164 exercuisset
810 4100 846 4159 in

56 4195 196 4261 instituto
224 4199 439 4260 Cisterciensi
469 4197 570 4276 probe
601 4197 776 4265 servando,
811 4201 848 4258 ut

57 4295 164 4357 Sunius
194 4297 358 4358 memorat
382 4296 416 4357 in
441 4298 485 4358 1v
507 4299 736 4358 conciliorum
756 4296 846 4356 tomo

58 4391 108 4450 sub
127 4395 278 4456 Honorio
303 4396 359 4455 ΙΙΙ.
377 4397 473 4456 Anno
488 4393 591 4470 igitur
609 4393 740 4454 Domini
756 4393 845 4463 1225,

58 4493 163 4564 quarto
186 4493 265 4553 Idus
288 4491 489 4563 Decembris,
508 4490 610 4552 multa
626 4490 666 4551 de
681 4489 846 4550 reforma-

603 417 780 482 nononn
808 421 934 482 aaran
956 421 1001 483 111
1023 391 1131 483 vnn.

1634 429 1695 492 430

895 597 913 641 n
935 583 1062 658 partem
1077 581 1279 644 decimarum
1290 584 1343 646 vel
1359 585 1500 648 aliarum
1516 587 1692 651 obventio-

895 695 913 738 «
934 695 1013 740 num
1026 680 1346 752 Ecclesiasticarum,
1358 685 1393 745 in
1407 685 1526 761 quibus
1537 689 1594 764 jus
1606 685 1694 748 obti-

895 793 913 836 ‹
938 778 1018 840 nent
1032 779 1236 854 patronatus,
1250 780 1313 840 sibi
1329 781 1520 856 retinentes,
1540 801 1583 845 ex
1597 788 1692 862 pacto

896 876 1176 952 «repraesentant
1202 878 1339 940 clericos
1365 880 1406 940 ad
1437 882 1589 958 easdem3
1616 883 1695 945 huic

895 974 1066 1036 «vulneri
1093 989 1252 1037 cancroso
1279 977 1312 1038 et
1338 978 1519 1041 simoniaco
1543 995 1693 1044 censurae

895 1087 913 1131 c<
935 1069 1061 1133 ferrum
1072 1075 1279 1150 apponimus,
1290 1075 1517 1148 decernentes,
1533 1078 1568 1139 ut
1576 1094 1618 1139 ex
1629 1095 1693 1158 quo

896 1183 914 1229 t
936 1170 1123 1232 constiterit
1137 1173 1311 1248 patronum
1327 1173 1519 1250 hujusmodi
1532 1175 1693 1252 flagitium

896 1283 914 1328 a
936 1269 1156 1346 perpetrasse,
1178 1270 1390 1332 anathemate
1404 1271 1554 1345 feriatur,
1576 1276 1609 1335 et
1623 1277 1695 1352 ejus

896 1381 915 1424 v
935 1366 1025 1427 terra
1042 1368 1249 1445 supponatur
1259 1369 1492 1431 Ecclesiastico
1506 1371 1693 1444 interdicto,

895 1462 1041 1525 «donec
1066 1465 1247 1526 Ecclesiam
1273 1464 1412 1528 liberam
1441 1481 1515 1529 cum
1537 1485 1599 1530 suo
1618 1472 1696 1546 jure

896 1577 914 1619 s
936 1561 1080 1623 dimittat
1095 1561 1187 1624 salvo
1199 1565 1276 1640 Jure
1287 1565 1492 1640 patronatus
1507 1566 1593 1644 quod
1607 1565 1637 1627 ei
1653 1567 1694 1627 de

896 1675 914 1716 ‹
936 1658 1166 1720 misericordia
1180 1676 1402 1734 reservamus,
1416 1663 1472 1740 qui
1489 1666 1627 1740 possunt
1635 1679 1696 1742 per

896 1772 914 1816 u
931 1757 1019 1833 J‘uris
1031 1759 1186 1820 excusari
1196 1757 1457 1834 ignorantiam».
1476 1760 1601 1822 Deinde
1613 1777 1694 1823 vero

896 1855 1004 1930 capite
1019 1854 1146 1916 decimo
1161 1856 1271 1928 tertio,
1288 1857 1393 1918 laicos
1408 1859 1464 1937 qui
1480 1874 1553 1919 cum
1569 1859 1696 1922 sancti-

896 1951 1095 2013 monialibus
1125 1953 1195 2015 sola
1215 1953 1450 2016 sollicitatione
1471 1957 1650 2033 peccarint,
1675 1973 1695 2018 a

896 2051 1044 2127 corporis
1062 2051 1096 2112 et
1109 2051 1282 2128 sanguinis
1298 2053 1508 2130 perceptione
1524 2051 1671 2116 excludit
1685 2074 1693 2130 3

896 2163 953 2209 eos
973 2163 1053 2210 vero
1073 2148 1129 2226 qul
1150 2150 1250 2211 etiam
1273 2150 1399 2211 crimen
1421 2152 1693 2224 consummarint,

896 2246 1696 2322 ipsofactoexcommunicationissententiainno-

896 2343 990 2406 datos
1003 2360 1076 2405 esse
1085 2345 1266 2406 constituit.
1278 2347 1377 2407 Extat
1386 2346 1538 2422 synodus
1553 2348 1595 2406 lv
1604 2350 1694 2408 Cort-

895 2445 948 2506 ctt.
965 2443 1065 2503 tomo.

936 2539 975 2601 Et
999 2539 1131 2616 quidem
1165 2540 1403 2618 deplorandum
1431 2543 1481 2604 est
1502 2539 1696 2620 hujusmodi

897 2637 1034 2709 crimen,
1052 2637 1183 2714 quando
1199 2637 1331 2715 quidem
1350 2639 1386 2699 in
1400 2639 1577 2699 Germania
1593 2639 1693 2699 nimis

897 2734 1052 2812 frequens
1065 2733 1246 2796 admissum
1267 2737 1479 2808 memoratur,
1502 2737 1588 2813 quod
1604 2738 1694 2798 certe

896 2833 982 2893 iram
1006 2833 1066 2893 Dei
1093 2833 1130 2894 ut
1154 2831 1235 2894 fides
1265 2833 1386 2894 Christi
1413 2849 1453 2895 ac
1478 2833 1597 2910 religio
1618 2834 1697 2896 inde

896 2930 1068 2991 eliminata
1093 2929 1145 3002 sit,
1173 2929 1277 2993 illatis
1301 2930 1495 3002 haeresibus,
1528 2931 1696 2994 exarsisse

898 3044 963 3088 non
983 3027 1172 3089 dubitarim.
1194 3029 1278 3089 Nam
1307 3029 1340 3091 et
1360 3031 1507 3090 Joannes
1531 3030 1695 3105 Ligranus

896 3125 961 3187 boc
994 3125 1155 3188 Pontifice
1188 3127 1347 3199 Honorio,
1382 3142 1456 3188 cum
1491 3127 1698 3204 frequentius

899 3223 1175 3285 sanctimoniales
1191 3224 1380 3286 sollicitatae
1394 3225 1428 3285 in
1443 3224 1629 3286 Brubantla
1645 3226 1699 3287 di-

897 3323 1112 3393 vexarentur,
1130 3337 1191 3384 nee
1205 3322 1318 3398 posset
1339 3320 1477 3382 alterius
1496 3322 1698 3384 auctoritate

899 3419 949 3480 rei
975 3433 1161 3491 occurrere,
1179 3418 1220 3479 ad
1239 3419 1463 3496 apostolicam
1490 3418 1608 3480 Sedem
1632 3419 1696 3480 sibi

899 3515 1155 3592 confugiendum
1169 3515 1371 3588 decreverat,
1390 3515 1446 3577 sed
1462 3516 1586 3594 optimo
1599 3531 1698 3578 cona·

899 3613 949 3674 tui
975 3629 1063 3674 mors
1087 3613 1265 3673 immatura
1290 3613 1489 3675 intercessit.
1516 3613 1697 3675 Defunctus

900 3711 989 3771 enim
1005 3711 1038 3770 in
1058 3709 1178 3770 itinere
1193 3709 1256 3770 fuit
1272 3707 1284 3788 (
1305 3709 1330 3789 ).

940 3810 1174 3883 Hungarorum
1199 3807 1350 3882 reginam
1379 3823 1453 3867 cum
1483 3805 1698 3868 oradiensem

901 3905 1075 3966 ecclesiam
1091 3903 1281 3965 consecrari
1296 3903 1467 3976 audiisset,
1485 3919 1593 3981 neque
1608 3919 1700 3966 com-

901 4003 1049 4080 petentes
1064 4001 1191 4062 fructus
1204 4001 1446 4078 adscripsisset
1464 4000 1551 4062 unde
1563 4001 1609 4062 ali
1625 4001 1700 4062 Cle-

900 4116 958 4161 rus
969 4098 1182 4175 Ecclesiaque
1195 4097 1353 4159 exornari
1365 4114 1403 4158 ac
1414 4099 1613 4174 restaurari;
1625 4115 1700 4160 eum

901 4195 1702 4274 respostulareposset;obindotatameameccle-

902 4296 986 4356 siam
1002 4295 1111 4357 clerus
1133 4294 1174 4355 ad
1190 4295 1373 4355 Honorium
1393 4311 1463 4354 rem
1488 4293 1699 4355 deferendam

902 4393 1041 4464 censuit,
1063 4393 1098 4454 ut
1122 4392 1239 4468 regina
1260 4391 1300 4452 ad
1316 4391 1519 4467 implendum
1535 4391 1569 4452 id
1590 4392 1700 4452 minus

902 4491 1102 4566 adigeretur.
1125 4487 1292 4549 Honorius
1311 4488 1397 4549 datis
1416 4487 1458 4548 ad
1474 4504 1547 4549 eam
1567 4488 1698 4560 litteris,

57 4584 137 4647 tione
151 4587 236 4649 cleri
252 4587 431 4649 salubriter
447 4587 630 4659 constituit,
647 4601 721 4664 quae
748 4584 781 4646 et
806 4583 847 4644 ab
902 4589 1030 4649 monuit
1040 4585 1074 4647 in
1090 4586 1162 4646 haec
1177 4584 1279 4646 verba
1296 4606 1303 4643 ε
1320 4601 1338 4644 v
1353 4585 1432 4644 Cum
1449 4585 1535 4645 sicut
1549 4601 1591 4646 ex
1606 4583 1699 4644 rela-

58 4685 199 4746 omnibus
213 4685 485 4763 archiepiscopis,
498 4701 537 4747 ac
552 4701 667 4746 eorum
678 4683 848 4758 suffraga-
902 4685 992 4746 tione
1023 4680 1160 4760 capituli
1189 4681 1380 4742 orodiensis
1415 4680 1511 4741 nobis
1544 4681 1699 4753 innotuit,

59 4779 136 4853 neis,
167 4782 360 4856 abbatibus,
395 4785 494 4860 atque
523 4781 599 4843 aliis
635 4779 846 4860 quibuslibet,
903 4777 1703 4859 quodeorumfecerit,ecclesiamconsecrari3et

57 4877 118 4938 tum
128 4880 271 4954 clericis,
284 4883 353 4942 tum
365 4879 575 4957 regularibus
588 4878 751 4941 servanda
762 4894 849 4956 prae-
903 4895 969 4940 non
991 4878 1035 4940 sit
1057 4875 1210 4949 ecclesia,
1232 4875 1297 4936 nisi
1319 4875 1359 4936 de
1379 4875 1454 4937 dote
1479 4875 1647 4952 provisum
1669 4876 1702 4937 ei

59 4976 146 5051 cepit,
163 4980 196 5040 et
211 4979 247 5040 in
262 4978 305 5040 iis
321 4979 413 5040 fuere
428 4982 461 5041 et
471 4978 632 5040 adversus
647 4978 750 5039 laicos
770 4992 849 5054 pro-
903 4976 1014 5049 fuerit,
1029 4973 1265 5045 consecranda‚
1284 4989 1323 5034 eo
1343 4971 1515 5034 liberalius
1528 4972 1570 5035 ad
1584 4973 1703 5035 dotan-

59 5073 205 5150 mulgatae
221 5075 487 5148 constitutiones,
505 5092 644 5154 quarum
659 5074 741 5135 duas
757 5090 847 5152 prae·
904 5074 979 5136 dam
1008 5073 1200 5151 praedictam
1225 5071 1400 5132 ecclesiam
1428 5070 1558 5148 aperire
1580 5085 1702 5133 munus

60 5167 165 5245 cipuas
177 5189 355 5236 recensere
370 5172 465 5250 libet;
481 5173 588 5251 capite
599 5174 687 5234 enim
697 5187 785 5234 nono
801 5171 849 5232 sic
903 5170 1140 5234 munificentiae
1152 5168 1337 5242 tuaedebeS,
1349 5167 1435 5247 quod
1444 5168 1556 5230 adhoc
1570 5167 1700 5238 fortius,

60 5265 171 5331 babet:
189 5269 379 5346 «Quoniam
394 5273 428 5334 in
444 5271 640 5350 quibusdam
658 5271 740 5332 locis
769 5268 849 5331 Ale·
903 5273 1071 5347 tamquam
1088 5283 1130 5330 ex
1143 5267 1251 5329 debito
1260 5270 1331 5344 jam
1340 5267 1465 5328 teneris
1477 5263 1535 5345 (2).
1554 5267 1703 5342 Pragen-

59 5379 75 5421 s
95 5367 247 5442 manniae,
264 5367 456 5433 fundatores
470 5369 695 5431 Ecclesiarum
706 5367 760 5430 vel
775 5367 849 5428 bae-
905 5368 1007 5439 sibus
1025 5383 1099 5428 cum
1115 5365 1293 5444 aliquando
1305 5363 1517 5427 conscientiae
1529 5363 1703 5440 scrupulus

60 5465 187 5526 «redes
225 5467 372 5544 ipsorum
406 5467 579 5544 potestate,
613 5466 649 5526 in
687 5481 751 5543 qua
793 5480 850 5526 eos
905 5466 1052 5528 animum
1066 5463 1269 5535 verberaret,
1293 5462 1322 5523 si
1342 5478 1416 5524 cum
1436 5461 1558 5523 natalis
1580 5461 1704 5522 Christi

61 5563 242 5625 «Ecclesia
271 5564 443 5643 bucusque
465 5564 632 5638 sustinuit,
657 5562 848 5636 abutuntur,
905 5558 1703 5627 diesinsextamferiamincidissetcarnibustum

93 5691 132 5764 (Ι)
146 5693 270 5754 'fbomas
283 5698 377 5756 centri
400 5697 545 5756 atensisin
561 5697 626 5754 Vita
646 5697 674 5754 S.
697 5695 852 5768 batqurctis
942 5693 983 5768 (Ι)
995 5692 1036 5754 Cf.
1052 5709 1085 5750 su
1108 5710 1130 5751 r.
1148 5694 1254 5760 Quiane
1272 5691 1449 5760 corcellano,
1465 5688 1513 5747 lib.
1531 5691 1582 5757 lli,
1600 5689 1702 5758 titii,

65 5759 196 5834 l'irqiuis,
213 5765 262 5824 lib.
277 5769 315 5837 ΙΙ,
330 5783 356 5826 c.
372 5713 400 5838 ἕ,
417 5768 492 5840 apud
508 5769 619 5825 Surium
631 5775 700 5826 tom.
715 5768 740 5824 3.
906 5782 932 5826 c.
944 5768 1032 5836 unic,
1049 5709 1106 5823 cue
1116 5765 1184 5836 3173
1201 5765 1286 5836 Greg.
1304 5761 1352 5831 lli,
1365 5761 1412 5816 lib.
1427 5761 1467 5820 lli
1479 5761 1520 5818 tit.
1533 5761 1577 5817 40.
