<?xml version="1.0" encoding="UTF-8"?>
<!DOCTYPE html PUBLIC "-//W3C//DTD XHTML 1.0 Transitional//EN"
    "http://www.w3.org/TR/xhtml1/DTD/xhtml1-transitional.dtd">
<html xmlns="http://www.w3.org/1999/xhtml" xml:lang="en" lang="en">
 <head>
  <title>
</title>
<meta http-equiv="Content-Type" content="text/html;charset=utf-8" />
  <meta name='ocr-system' content='tesseract 3.04.00' />
  <meta name='ocr-capabilities' content='ocr_page ocr_carea ocr_par ocr_line ocrx_word'/>
</head>
<body>
  <div class='ocr_page' id='page_1' title='image "./mediiaevibiblio01unkngoog_0152.png"; bbox 0 0 3984 6306; ppageno 0'>
   <div class='ocr_carea' id='block_1_1' title="bbox 82 399 1726 472">
    <p class='ocr_par' dir='ltr' id='par_1_1' title="bbox 82 399 1726 472">
     <span class='ocr_line' id='line_1_1' title="bbox 82 399 1726 472; baseline 0.007 -12"><span class='ocrx_word' id='word_1_1' title='bbox 82 399 137 461; x_wconf 75' lang='lat'><strong><em>265</em></strong></span> <span class='ocrx_word' id='word_1_2' title='bbox 509 401 628 463; x_wconf 82' lang='lat' dir='ltr'>XXIII.</span> <span class='ocrx_word' id='word_1_3' title='bbox 643 433 683 448; x_wconf 91' lang='lat'><em>-</em></span> <span class='ocrx_word' id='word_1_4' title='bbox 699 403 742 464; x_wconf 93' lang='lat' dir='ltr'><strong><em>IN</em></strong></span> <span class='ocrx_word' id='word_1_5' title='bbox 765 405 1051 468; x_wconf 78' lang='lat' dir='ltr'>DEDICATIONE</span> <span class='ocrx_word' id='word_1_6' title='bbox 1071 409 1295 472; x_wconf 84' lang='lat' dir='ltr'>ECCLESIAE.</span> <span class='ocrx_word' id='word_1_7' title='bbox 1666 411 1726 472; x_wconf 80' lang='grc'><strong><em>266</em></strong></span> 
     </span>
    </p>
   </div>
   <div class='ocr_carea' id='block_1_2' title="bbox 78 558 1794 5435">
    <p class='ocr_par' dir='ltr' id='par_1_2' title="bbox 78 558 1728 939">
     <span class='ocr_line' id='line_1_2' title="bbox 82 558 1727 652; baseline 0.007 -30"><span class='ocrx_word' id='word_1_8' title='bbox 82 559 124 622; x_wconf 93' lang='lat' dir='ltr'><strong><em>lio</em></strong></span> <span class='ocrx_word' id='word_1_9' title='bbox 140 558 367 637; x_wconf 86' lang='lat' dir='ltr'><strong><em>scriptumest</em></strong></span> <span class='ocrx_word' id='word_1_10' title='bbox 383 581 390 622; x_wconf 92' lang='lat'>:</span> <span class='ocrx_word' id='word_1_11' title='bbox 407 564 486 636; x_wconf 86' lang='lat' dir='ltr'><strong><em>lpse</em></strong></span> <span class='ocrx_word' id='word_1_12' title='bbox 506 566 599 624; x_wconf 91' lang='lat' dir='ltr'><strong><em>enim</em></strong></span> <span class='ocrx_word' id='word_1_13' title='bbox 614 568 749 625; x_wconf 81' lang='lat' dir='ltr'><strong><em>ealcum</em></strong></span> <span class='ocrx_word' id='word_1_14' title='bbox 773 565 877 640; x_wconf 73' lang='lat' dir='ltr'><strong><em>factet</em></strong></span> <span class='ocrx_word' id='word_1_15' title='bbox 931 565 1062 640; x_wconf 87' lang='lat' dir='ltr'><strong><em>illicita,</em></strong></span> <span class='ocrx_word' id='word_1_16' title='bbox 1076 566 1117 629; x_wconf 90' lang='lat' dir='ltr'><strong><em>de</em></strong></span> <span class='ocrx_word' id='word_1_17' title='bbox 1132 585 1196 646; x_wconf 88' lang='lat' dir='ltr'><strong><em>qua</em></strong></span> <span class='ocrx_word' id='word_1_18' title='bbox 1211 568 1333 646; x_wconf 83' lang='lat' dir='ltr'><strong><em>legitur</em></strong></span> <span class='ocrx_word' id='word_1_19' title='bbox 1347 570 1382 632; x_wconf 90' lang='lat' dir='ltr'><strong><em>in</em></strong></span> <span class='ocrx_word' id='word_1_20' title='bbox 1398 570 1593 652; x_wconf 84' lang='lat' dir='ltr'><strong><em>Salomone:</em></strong></span> <span class='ocrx_word' id='word_1_21' title='bbox 1609 574 1727 632; x_wconf 82' lang='lat' dir='ltr'><strong><em>Deiec-</em></strong></span> 
     </span>
     <span class='ocr_line' id='line_1_3' title="bbox 78 659 1725 743; baseline 0.006 -24"><span class='ocrx_word' id='word_1_22' title='bbox 78 663 241 734; x_wconf 89' lang='lat' dir='ltr'><strong><em>poputum</em></strong></span> <span class='ocrx_word' id='word_1_23' title='bbox 256 673 393 720; x_wconf 87' lang='lat' dir='ltr'><strong><em>suumn</em></strong></span> <span class='ocrx_word' id='word_1_24' title='bbox 408 662 557 735; x_wconf 87' lang='lat' dir='ltr'><strong><em>peccatis</em></strong></span> <span class='ocrx_word' id='word_1_25' title='bbox 574 675 697 723; x_wconf 82' lang='lat' dir='ltr'><strong><em>eorum</em></strong></span> <span class='ocrx_word' id='word_1_26' title='bbox 709 659 873 742; x_wconf 77' lang='lat' dir='ltr'><strong><em>(Matini,</em></strong></span> <span class='ocrx_word' id='word_1_27' title='bbox 932 663 1053 726; x_wconf 85' lang='lat' dir='ltr'><strong><em>tantur</em></strong></span> <span class='ocrx_word' id='word_1_28' title='bbox 1075 681 1154 728; x_wconf 91' lang='lat' dir='ltr'><strong><em>cum</em></strong></span> <span class='ocrx_word' id='word_1_29' title='bbox 1176 673 1265 730; x_wconf 89' lang='lat' dir='ltr'><strong><em>mate</em></strong></span> <span class='ocrx_word' id='word_1_30' title='bbox 1288 670 1445 743; x_wconf 76' lang='lat' dir='ltr'><strong><em>fecerint,</em></strong></span> <span class='ocrx_word' id='word_1_31' title='bbox 1460 668 1494 730; x_wconf 90' lang='lat' dir='ltr'><strong><em>et</em></strong></span> <span class='ocrx_word' id='word_1_32' title='bbox 1508 668 1667 730; x_wconf 77' lang='lat' dir='ltr'><strong><em>amitant</em></strong></span> <span class='ocrx_word' id='word_1_33' title='bbox 1687 671 1725 729; x_wconf 89' lang='lat' dir='ltr'><strong><em>iu</em></strong></span> 
     </span>
     <span class='ocr_line' id='line_1_4' title="bbox 83 755 1727 842; baseline 0.004 -25"><span class='ocrx_word' id='word_1_34' title='bbox 83 755 144 834; x_wconf 86' lang='lat'>21).</span> <span class='ocrx_word' id='word_1_35' title='bbox 163 757 204 817; x_wconf 86' lang='lat' dir='ltr'><strong><em>nt</em></strong></span> <span class='ocrx_word' id='word_1_36' title='bbox 220 756 292 834; x_wconf 88' lang='lat' dir='ltr'><strong><em>ipse</em></strong></span> <span class='ocrx_word' id='word_1_37' title='bbox 308 756 408 818; x_wconf 91' lang='lat' dir='ltr'><strong><em>dicit:</em></strong></span> <span class='ocrx_word' id='word_1_38' title='bbox 423 761 497 834; x_wconf 80' lang='lat' dir='ltr'><strong><em>Epo</em></strong></span> <span class='ocrx_word' id='word_1_39' title='bbox 518 759 627 820; x_wconf 88' lang='lat' dir='ltr'><strong><em>uitam</em></strong></span> <span class='ocrx_word' id='word_1_40' title='bbox 650 760 819 822; x_wconf 73' lang='lat' dir='ltr'><strong><em>&lt;eternam</em></strong></span> <span class='ocrx_word' id='word_1_41' title='bbox 834 763 877 823; x_wconf 88' lang='lat' dir='ltr'><strong><em>do</em></strong></span> <span class='ocrx_word' id='word_1_42' title='bbox 931 763 1033 822; x_wconf 81' lang='lat' dir='ltr'><strong><em>rebus</em></strong></span> <span class='ocrx_word' id='word_1_43' title='bbox 1058 765 1219 836; x_wconf 77' lang='lat' dir='ltr'><strong><em>pessimis</em></strong></span> <span class='ocrx_word' id='word_1_44' title='bbox 1248 761 1359 842; x_wconf 90' lang='lat' dir='ltr'>(Prov.</span> <span class='ocrx_word' id='word_1_45' title='bbox 1386 779 1426 836; x_wconf 88' lang='lat' dir='ltr'><strong><em>u,</em></strong></span> <span class='ocrx_word' id='word_1_46' title='bbox 1454 761 1517 842; x_wconf 84' lang='grc'>14).</span> <span class='ocrx_word' id='word_1_47' title='bbox 1546 763 1643 825; x_wconf 85' lang='lat' dir='ltr'><strong><em>Remi</em></strong></span> <span class='ocrx_word' id='word_1_48' title='bbox 1670 761 1727 840; x_wconf 91' lang='lat' dir='ltr'><strong><em>qui</em></strong></span> 
     </span>
     <span class='ocr_line' id='line_1_5' title="bbox 83 853 1728 939; baseline 0.002 -23"><span class='ocrx_word' id='word_1_49' title='bbox 83 857 129 916; x_wconf 87' lang='lat' dir='ltr'><strong><em>ets</em></strong></span> <span class='ocrx_word' id='word_1_50' title='bbox 140 854 252 933; x_wconf 87' lang='lat' dir='ltr'><strong><em>(Joan.</em></strong></span> <span class='ocrx_word' id='word_1_51' title='bbox 269 870 303 926; x_wconf 86' lang='lat' dir='ltr'><strong><em>x,</em></strong></span> <span class='ocrx_word' id='word_1_52' title='bbox 316 853 382 934; x_wconf 80' lang='grc'>28).</span> <span class='ocrx_word' id='word_1_53' title='bbox 932 857 1027 934; x_wconf 84' lang='lat' dir='ltr'>quasi</span> <span class='ocrx_word' id='word_1_54' title='bbox 1035 860 1106 935; x_wconf 91' lang='lat' dir='ltr'><strong><em>jam</em></strong></span> <span class='ocrx_word' id='word_1_55' title='bbox 1121 859 1303 939; x_wconf 91' lang='lat' dir='ltr'><strong><em>procedunt</em></strong></span> <span class='ocrx_word' id='word_1_56' title='bbox 1317 861 1358 921; x_wconf 93' lang='lat' dir='ltr'><strong><em>ad</em></strong></span> <span class='ocrx_word' id='word_1_57' title='bbox 1380 861 1534 930; x_wconf 77' lang='lat' dir='ltr'><strong><em>fructum,</em></strong></span> <span class='ocrx_word' id='word_1_58' title='bbox 1548 860 1728 922; x_wconf 81' lang='lat' dir='ltr'><strong><em>attendun-</em></strong></span> 
     </span>
    </p>

    <p class='ocr_par' dir='ltr' id='par_1_3' title="bbox 82 947 1794 2798">
     <span class='ocr_line' id='line_1_6' title="bbox 118 947 1729 1036; baseline 0.003 -20"><span class='ocrx_word' id='word_1_59' title='bbox 118 954 159 1016; x_wconf 85' lang='lat' dir='ltr'><strong><em>nt</em></strong></span> <span class='ocrx_word' id='word_1_60' title='bbox 177 951 271 1014; x_wconf 81' lang='lat' dir='ltr'><strong><em>-siout</em></strong></span> <span class='ocrx_word' id='word_1_61' title='bbox 285 952 483 1030; x_wconf 82' lang='lat' dir='ltr'>quicumque</span> <span class='ocrx_word' id='word_1_62' title='bbox 505 954 696 1016; x_wconf 83' lang='lat' dir='ltr'><strong><em>comedebat</em></strong></span> <span class='ocrx_word' id='word_1_63' title='bbox 722 955 762 1017; x_wconf 90' lang='lat' dir='ltr'><strong><em>de</em></strong></span> <span class='ocrx_word' id='word_1_64' title='bbox 786 955 877 1033; x_wconf 85' lang='lat' dir='ltr'><strong><em>ligno</em></strong></span> <span class='ocrx_word' id='word_1_65' title='bbox 932 955 1035 1016; x_wconf 90' lang='lat' dir='ltr'><strong><em>turin</em></strong></span> <span class='ocrx_word' id='word_1_66' title='bbox 1051 971 1225 1029; x_wconf 87' lang='lat' dir='ltr'><strong><em>consensu,</em></strong></span> <span class='ocrx_word' id='word_1_67' title='bbox 1241 955 1281 1018; x_wconf 88' lang='lat' dir='ltr'><strong><em>de</em></strong></span> <span class='ocrx_word' id='word_1_68' title='bbox 1293 975 1358 1036; x_wconf 91' lang='lat' dir='ltr'><strong><em>quo</em></strong></span> <span class='ocrx_word' id='word_1_69' title='bbox 1372 947 1548 1035; x_wconf 84' lang='lat' dir='ltr'><strong><em>Apostolus</em></strong></span> <span class='ocrx_word' id='word_1_70' title='bbox 1563 979 1570 1019; x_wconf 92' lang='lat'><strong>:</strong></span> <span class='ocrx_word' id='word_1_71' title='bbox 1586 961 1665 1021; x_wconf 87' lang='lat' dir='ltr'><strong><em>Nou</em></strong></span> <span class='ocrx_word' id='word_1_72' title='bbox 1675 973 1729 1020; x_wconf 88' lang='lat' dir='ltr'><strong><em>so-</em></strong></span> 
     </span>
     <span class='ocr_line' id='line_1_7' title="bbox 83 1051 1730 1132; baseline 0.002 -18"><span class='ocrx_word' id='word_1_73' title='bbox 83 1053 157 1114; x_wconf 78' lang='lat' dir='ltr'><strong><em>vitae</em></strong></span> <span class='ocrx_word' id='word_1_74' title='bbox 183 1051 219 1112; x_wconf 93' lang='lat' dir='ltr'><strong><em>in</em></strong></span> <span class='ocrx_word' id='word_1_75' title='bbox 242 1051 409 1128; x_wconf 89' lang='lat' dir='ltr'><strong><em>paradiso,</em></strong></span> <span class='ocrx_word' id='word_1_76' title='bbox 426 1067 492 1112; x_wconf 93' lang='lat' dir='ltr'><strong><em>non</em></strong></span> <span class='ocrx_word' id='word_1_77' title='bbox 507 1053 637 1130; x_wconf 89' lang='lat' dir='ltr'><strong><em>poterat</em></strong></span> <span class='ocrx_word' id='word_1_78' title='bbox 661 1055 757 1126; x_wconf 90' lang='lat' dir='ltr'><strong><em>mori,</em></strong></span> <span class='ocrx_word' id='word_1_79' title='bbox 774 1055 821 1116; x_wconf 90' lang='lat' dir='ltr'><strong><em>ita</em></strong></span> <span class='ocrx_word' id='word_1_80' title='bbox 843 1055 877 1116; x_wconf 90' lang='lat' dir='ltr'><strong><em>ln</em></strong></span> <span class='ocrx_word' id='word_1_81' title='bbox 931 1054 1133 1116; x_wconf 86' lang='lat' dir='ltr'><strong><em>tumentem</em></strong></span> <span class='ocrx_word' id='word_1_82' title='bbox 1150 1059 1208 1129; x_wconf 81' lang='lat' dir='ltr'><strong><em>qui</em></strong></span> <span class='ocrx_word' id='word_1_83' title='bbox 1221 1058 1363 1130; x_wconf 75' lang='lat' dir='ltr'><strong><em>sumunt,</em></strong></span> <span class='ocrx_word' id='word_1_84' title='bbox 1378 1059 1438 1118; x_wconf 84' lang='lat' dir='ltr'><strong><em>sed</em></strong></span> <span class='ocrx_word' id='word_1_85' title='bbox 1455 1057 1562 1118; x_wconf 91' lang='lat' dir='ltr'><strong><em>etiam</em></strong></span> <span class='ocrx_word' id='word_1_86' title='bbox 1577 1060 1635 1132; x_wconf 79' lang='lat' dir='ltr'><strong><em>qui</em></strong></span> <span class='ocrx_word' id='word_1_87' title='bbox 1646 1071 1730 1118; x_wconf 87' lang='lat' dir='ltr'><strong><em>cou-</em></strong></span> 
     </span>
     <span class='ocr_line' id='line_1_8' title="bbox 84 1149 1794 1231; baseline 0.002 -19"><span class='ocrx_word' id='word_1_88' title='bbox 84 1149 722 1225; x_wconf 82' lang='lat' dir='ltr'><strong><em>EcclesiaestSacramentumaltaris‚</em></strong></span> <span class='ocrx_word' id='word_1_89' title='bbox 748 1152 876 1230; x_wconf 93' lang='lat' dir='ltr'><strong><em>dequo</em></strong></span> <span class='ocrx_word' id='word_1_90' title='bbox 931 1151 1085 1214; x_wconf 89' lang='lat' dir='ltr'><strong><em>sentiunt</em></strong></span> <span class='ocrx_word' id='word_1_91' title='bbox 1122 1154 1336 1227; x_wconf 72' lang='lat' dir='ltr'><strong><em>facientibus,</em></strong></span> <span class='ocrx_word' id='word_1_92' title='bbox 1373 1155 1469 1231; x_wconf 71' lang='lat' dir='ltr'><strong><em>atoni</em></strong></span> <span class='ocrx_word' id='word_1_93' title='bbox 1498 1155 1580 1216; x_wconf 90' lang='lat' dir='ltr'><strong><em>sunt</em></strong></span> <span class='ocrx_word' id='word_1_94' title='bbox 1614 1155 1726 1216; x_wconf 86' lang='lat' dir='ltr'><strong><em>morte</em></strong></span> <span class='ocrx_word' id='word_1_95' title='bbox 1791 1175 1794 1182; x_wconf 92' lang='lat'>·</span> 
     </span>
     <span class='ocr_line' id='line_1_9' title="bbox 84 1239 1725 1332; baseline 0.003 -26"><span class='ocrx_word' id='word_1_96' title='bbox 84 1248 278 1326; x_wconf 84' lang='lat' dir='ltr'><strong><em>quicumque</em></strong></span> <span class='ocrx_word' id='word_1_97' title='bbox 291 1249 457 1310; x_wconf 78' lang='lat' dir='ltr'><strong><em>ueraciter</em></strong></span> <span class='ocrx_word' id='word_1_98' title='bbox 481 1250 670 1324; x_wconf 86' lang='lat' dir='ltr'><strong><em>comederit,</em></strong></span> <span class='ocrx_word' id='word_1_99' title='bbox 683 1265 750 1312; x_wconf 92' lang='lat' dir='ltr'><strong><em>non</em></strong></span> <span class='ocrx_word' id='word_1_100' title='bbox 771 1239 878 1329; x_wconf 83' lang='lat' dir='ltr'><strong><em>potest</em></strong></span> <span class='ocrx_word' id='word_1_101' title='bbox 933 1245 1041 1328; x_wconf 85' lang='lat' dir='ltr'>(Rom.</span> <span class='ocrx_word' id='word_1_102' title='bbox 1057 1266 1079 1322; x_wconf 88' lang='lat'><strong><em>1,</em></strong></span> <span class='ocrx_word' id='word_1_103' title='bbox 1100 1251 1141 1312; x_wconf 82' lang='lat'><strong><em>32</em></strong></span> <span class='ocrx_word' id='word_1_104' title='bbox 1155 1250 1187 1312; x_wconf 95' lang='lat' dir='ltr'><strong><em>et</em></strong></span> <span class='ocrx_word' id='word_1_105' title='bbox 1203 1249 1289 1332; x_wconf 89' lang='lat' dir='ltr'><strong><em>seq.)</em></strong></span> <span class='ocrx_word' id='word_1_106' title='bbox 1305 1251 1398 1313; x_wconf 77' lang='lat' dir='ltr'><strong><em>Folia</em></strong></span> <span class='ocrx_word' id='word_1_107' title='bbox 1419 1253 1497 1316; x_wconf 89' lang='lat' dir='ltr'><strong><em>sunt</em></strong></span> <span class='ocrx_word' id='word_1_108' title='bbox 1512 1251 1616 1316; x_wconf 85' lang='lat' dir='ltr'><strong><em>verba</em></strong></span> <span class='ocrx_word' id='word_1_109' title='bbox 1632 1267 1725 1324; x_wconf 90' lang='lat' dir='ltr'><strong><em>sana,</em></strong></span> 
     </span>
     <span class='ocr_line' id='line_1_10' title="bbox 84 1345 1730 1426; baseline 0.001 -17"><span class='ocrx_word' id='word_1_110' title='bbox 84 1345 246 1409; x_wconf 76' lang='lat' dir='ltr'><strong><em>varaciter</em></strong></span> <span class='ocrx_word' id='word_1_111' title='bbox 258 1346 343 1408; x_wconf 91' lang='lat' dir='ltr'><strong><em>mori</em></strong></span> <span class='ocrx_word' id='word_1_112' title='bbox 362 1349 468 1409; x_wconf 91' lang='lat' dir='ltr'><strong><em>morte</em></strong></span> <span class='ocrx_word' id='word_1_113' title='bbox 482 1349 653 1426; x_wconf 85' lang='lat' dir='ltr'><strong><em>perpetua,</em></strong></span> <span class='ocrx_word' id='word_1_114' title='bbox 668 1348 725 1410; x_wconf 89' lang='lat' dir='ltr'><strong><em>sed</em></strong></span> <span class='ocrx_word' id='word_1_115' title='bbox 738 1349 829 1411; x_wconf 89' lang='lat' dir='ltr'><strong><em>vivat</em></strong></span> <span class='ocrx_word' id='word_1_116' title='bbox 842 1349 877 1410; x_wconf 94' lang='lat' dir='ltr'><strong><em>in</em></strong></span> <span class='ocrx_word' id='word_1_117' title='bbox 932 1346 1113 1408; x_wconf 88' lang='lat' dir='ltr'><strong><em>seeundum</em></strong></span> <span class='ocrx_word' id='word_1_118' title='bbox 1128 1348 1214 1426; x_wconf 91' lang='lat' dir='ltr'><strong><em>quod</em></strong></span> <span class='ocrx_word' id='word_1_119' title='bbox 1230 1349 1263 1410; x_wconf 92' lang='lat' dir='ltr'><strong><em>et</em></strong></span> <span class='ocrx_word' id='word_1_120' title='bbox 1277 1350 1436 1411; x_wconf 89' lang='lat' dir='ltr'>Dominus</span> <span class='ocrx_word' id='word_1_121' title='bbox 1449 1351 1483 1412; x_wconf 94' lang='lat' dir='ltr'><strong><em>in</em></strong></span> <span class='ocrx_word' id='word_1_122' title='bbox 1495 1348 1637 1412; x_wconf 87' lang='lat' dir='ltr'><strong><em>floulnea</em></strong></span> <span class='ocrx_word' id='word_1_123' title='bbox 1652 1365 1730 1411; x_wconf 83' lang='lat' dir='ltr'><strong><em>are·</em></strong></span> 
     </span>
     <span class='ocr_line' id='line_1_11' title="bbox 84 1442 1728 1525; baseline 0.002 -19"><span class='ocrx_word' id='word_1_124' title='bbox 84 1445 242 1506; x_wconf 84' lang='lat' dir='ltr'><strong><em>aternum</em></strong></span> <span class='ocrx_word' id='word_1_125' title='bbox 269 1461 344 1507; x_wconf 89' lang='lat' dir='ltr'><strong><em>aum</em></strong></span> <span class='ocrx_word' id='word_1_126' title='bbox 363 1445 514 1518; x_wconf 72' lang='lat' dir='ltr'><strong><em>¹Christo,</em></strong></span> <span class='ocrx_word' id='word_1_127' title='bbox 534 1445 611 1523; x_wconf 87' lang='lat' dir='ltr'><strong><em>qula</em></strong></span> <span class='ocrx_word' id='word_1_128' title='bbox 635 1447 708 1524; x_wconf 86' lang='lat' dir='ltr'><strong><em>ipse</em></strong></span> <span class='ocrx_word' id='word_1_129' title='bbox 732 1447 877 1524; x_wconf 84' lang='lat' dir='ltr'><strong><em>quotidie</em></strong></span> <span class='ocrx_word' id='word_1_130' title='bbox 933 1442 1096 1506; x_wconf 84' lang='lat' dir='ltr'><strong><em>iactanon</em></strong></span> <span class='ocrx_word' id='word_1_131' title='bbox 1109 1445 1413 1510; x_wconf 83' lang='lat' dir='ltr'><strong><em>invenitnisiiolia.</em></strong></span> <span class='ocrx_word' id='word_1_132' title='bbox 1426 1449 1566 1511; x_wconf 78' lang='lat' dir='ltr'><strong><em>Fructus</em></strong></span> <span class='ocrx_word' id='word_1_133' title='bbox 1579 1448 1728 1525; x_wconf 89' lang='lat' dir='ltr'><strong><em>operatio</em></strong></span> 
     </span>
     <span class='ocr_line' id='line_1_12' title="bbox 84 1542 1729 1624; baseline 0.001 -20"><span class='ocrx_word' id='word_1_134' title='bbox 84 1543 190 1620; x_wconf 84' lang='lat' dir='ltr'><strong><em>pascit</em></strong></span> <span class='ocrx_word' id='word_1_135' title='bbox 202 1559 262 1606; x_wconf 88' lang='lat' dir='ltr'><strong><em>nos</em></strong></span> <span class='ocrx_word' id='word_1_136' title='bbox 277 1557 378 1605; x_wconf 90' lang='lat' dir='ltr'><strong><em>carne</em></strong></span> <span class='ocrx_word' id='word_1_137' title='bbox 390 1543 423 1605; x_wconf 91' lang='lat' dir='ltr'><strong><em>et</em></strong></span> <span class='ocrx_word' id='word_1_138' title='bbox 438 1544 600 1620; x_wconf 80' lang='lat' dir='ltr'><strong><em>sangiune</em></strong></span> <span class='ocrx_word' id='word_1_139' title='bbox 621 1559 692 1618; x_wconf 91' lang='lat' dir='ltr'><strong><em>suo,</em></strong></span> <span class='ocrx_word' id='word_1_140' title='bbox 708 1545 877 1622; x_wconf 88' lang='lat' dir='ltr'><strong><em>sicutipse</em></strong></span> <span class='ocrx_word' id='word_1_141' title='bbox 933 1542 1120 1618; x_wconf 86' lang='lat' dir='ltr'><strong><em>perniciosa</em></strong></span> <span class='ocrx_word' id='word_1_142' title='bbox 1130 1545 1228 1621; x_wconf 86' lang='lat' dir='ltr'><strong><em>juxta</em></strong></span> <span class='ocrx_word' id='word_1_143' title='bbox 1243 1545 1326 1606; x_wconf 91' lang='lat' dir='ltr'><strong><em>illud</em></strong></span> <span class='ocrx_word' id='word_1_144' title='bbox 1343 1568 1351 1606; x_wconf 87' lang='lat'><strong>:</strong></span> <span class='ocrx_word' id='word_1_145' title='bbox 1367 1563 1386 1608; x_wconf 73' lang='grc' dir='ltr'>ε</span> <span class='ocrx_word' id='word_1_146' title='bbox 1402 1547 1616 1624; x_wconf 82' lang='lat' dir='ltr'><strong><em>Unaquaeque</em></strong></span> <span class='ocrx_word' id='word_1_147' title='bbox 1629 1545 1729 1608; x_wconf 90' lang='lat' dir='ltr'><strong><em>arbor</em></strong></span> 
     </span>
     <span class='ocr_line' id='line_1_13' title="bbox 84 1638 1728 1721; baseline 0.001 -19"><span class='ocrx_word' id='word_1_148' title='bbox 84 1641 122 1702; x_wconf 92' lang='lat' dir='ltr'><strong><em>de</em></strong></span> <span class='ocrx_word' id='word_1_149' title='bbox 149 1657 187 1702; x_wconf 89' lang='lat' dir='ltr'><strong><em>se</em></strong></span> <span class='ocrx_word' id='word_1_150' title='bbox 210 1641 291 1704; x_wconf 89' lang='lat' dir='ltr'><strong><em>dicit</em></strong></span> <span class='ocrx_word' id='word_1_151' title='bbox 307 1661 314 1702; x_wconf 78' lang='grc' dir='ltr'>ε</span> <span class='ocrx_word' id='word_1_152' title='bbox 332 1645 421 1704; x_wconf 79' lang='lat' dir='ltr'><strong><em>Caro</em></strong></span> <span class='ocrx_word' id='word_1_153' title='bbox 440 1655 519 1704; x_wconf 88' lang='lat' dir='ltr'><strong><em>meu</em></strong></span> <span class='ocrx_word' id='word_1_154' title='bbox 542 1657 625 1706; x_wconf 87' lang='lat' dir='ltr'><strong><em>aere</em></strong></span> <span class='ocrx_word' id='word_1_155' title='bbox 651 1643 703 1704; x_wconf 90' lang='lat' dir='ltr'><strong><em>est</em></strong></span> <span class='ocrx_word' id='word_1_156' title='bbox 723 1645 827 1715; x_wconf 86' lang='lat' dir='ltr'><strong><em>cibus,</em></strong></span> <span class='ocrx_word' id='word_1_157' title='bbox 844 1644 879 1705; x_wconf 89' lang='lat' dir='ltr'><strong><em>et</em></strong></span> <span class='ocrx_word' id='word_1_158' title='bbox 933 1654 976 1701; x_wconf 81' lang='lat' dir='ltr'><strong><em>ex</em></strong></span> <span class='ocrx_word' id='word_1_159' title='bbox 988 1638 1096 1702; x_wconf 79' lang='lat' dir='ltr'><strong><em>fructu</em></strong></span> <span class='ocrx_word' id='word_1_160' title='bbox 1111 1657 1170 1702; x_wconf 89' lang='lat' dir='ltr'><strong><em>suo</em></strong></span> <span class='ocrx_word' id='word_1_161' title='bbox 1186 1644 1403 1719; x_wconf 82' lang='lat' dir='ltr'><strong><em>cognoscetur</em></strong></span> <span class='ocrx_word' id='word_1_162' title='bbox 1416 1661 1423 1718; x_wconf 93' lang='lat'>;</span> <span class='ocrx_word' id='word_1_163' title='bbox 1438 1660 1505 1706; x_wconf 93' lang='lat' dir='ltr'><strong><em>non</em></strong></span> <span class='ocrx_word' id='word_1_164' title='bbox 1519 1643 1608 1706; x_wconf 91' lang='lat' dir='ltr'><strong><em>enim</em></strong></span> <span class='ocrx_word' id='word_1_165' title='bbox 1621 1644 1728 1721; x_wconf 88' lang='lat' dir='ltr'><strong><em>potest</em></strong></span> 
     </span>
     <span class='ocr_line' id='line_1_14' title="bbox 83 1736 1727 1820; baseline 0.001 -19"><span class='ocrx_word' id='word_1_166' title='bbox 83 1743 225 1815; x_wconf 75' lang='lat' dir='ltr'><strong><em>scriptiis</em></strong></span> <span class='ocrx_word' id='word_1_167' title='bbox 238 1755 336 1802; x_wconf 82' lang='lat' dir='ltr'><strong><em>niens</em></strong></span> <span class='ocrx_word' id='word_1_168' title='bbox 350 1754 432 1801; x_wconf 81' lang='lat' dir='ltr'><strong><em>uere</em></strong></span> <span class='ocrx_word' id='word_1_169' title='bbox 451 1739 504 1802; x_wconf 89' lang='lat' dir='ltr'><strong><em>est</em></strong></span> <span class='ocrx_word' id='word_1_170' title='bbox 522 1739 636 1814; x_wconf 79' lang='lat' dir='ltr'><strong><em>petiis.</em></strong></span> <span class='ocrx_word' id='word_1_171' title='bbox 654 1743 719 1807; x_wconf 83' lang='lat' dir='ltr'><strong><em>Qui</em></strong></span> <span class='ocrx_word' id='word_1_172' title='bbox 732 1743 880 1802; x_wconf 75' lang='lat' dir='ltr'><strong><em>mandit-</em></strong></span> <span class='ocrx_word' id='word_1_173' title='bbox 934 1736 1034 1799; x_wconf 88' lang='lat' dir='ltr'><strong><em>arbor</em></strong></span> <span class='ocrx_word' id='word_1_174' title='bbox 1055 1737 1269 1802; x_wconf 77' lang='lat' dir='ltr'><strong><em>malefacere</em></strong></span> <span class='ocrx_word' id='word_1_175' title='bbox 1284 1740 1727 1820; x_wconf 84' lang='lat' dir='ltr'><strong><em>tructusbonos,nequear-</em></strong></span> 
     </span>
     <span class='ocr_line' id='line_1_15' title="bbox 82 1834 1728 1918; baseline 0.001 -19"><span class='ocrx_word' id='word_1_176' title='bbox 82 1839 134 1900; x_wconf 86' lang='lat' dir='ltr'><strong><em>cet</em></strong></span> <span class='ocrx_word' id='word_1_177' title='bbox 161 1852 305 1899; x_wconf 86' lang='lat' dir='ltr'><strong><em>carnem</em></strong></span> <span class='ocrx_word' id='word_1_178' title='bbox 333 1852 459 1910; x_wconf 89' lang='lat' dir='ltr'><strong><em>meam,</em></strong></span> <span class='ocrx_word' id='word_1_179' title='bbox 489 1839 523 1899; x_wconf 89' lang='lat' dir='ltr'><strong><em>et</em></strong></span> <span class='ocrx_word' id='word_1_180' title='bbox 560 1839 640 1900; x_wconf 88' lang='lat' dir='ltr'><strong><em>bibit</em></strong></span> <span class='ocrx_word' id='word_1_181' title='bbox 673 1841 879 1915; x_wconf 74' lang='lat' dir='ltr'><strong><em>sanquinem</em></strong></span> <span class='ocrx_word' id='word_1_182' title='bbox 933 1834 994 1897; x_wconf 94' lang='lat' dir='ltr'><strong><em>bor</em></strong></span> <span class='ocrx_word' id='word_1_183' title='bbox 1007 1835 1093 1897; x_wconf 90' lang='lat' dir='ltr'><strong><em>bona</em></strong></span> <span class='ocrx_word' id='word_1_184' title='bbox 1108 1836 1218 1900; x_wconf 87' lang='lat' dir='ltr'><strong><em>lacere</em></strong></span> <span class='ocrx_word' id='word_1_185' title='bbox 1240 1839 1345 1900; x_wconf 90' lang='lat' dir='ltr'><strong><em>malos</em></strong></span> <span class='ocrx_word' id='word_1_186' title='bbox 1361 1839 1502 1916; x_wconf 81' lang='lat' dir='ltr'><strong><em>fructus3</em></strong></span> <span class='ocrx_word' id='word_1_187' title='bbox 1516 1855 1623 1918; x_wconf 91' lang='lat' dir='ltr'><strong><em>neque</em></strong></span> <span class='ocrx_word' id='word_1_188' title='bbox 1639 1840 1728 1902; x_wconf 88' lang='lat' dir='ltr'><strong><em>enim</em></strong></span> 
     </span>
     <span class='ocr_line' id='line_1_16' title="bbox 82 1931 1730 2016; baseline -0.001 -19"><span class='ocrx_word' id='word_1_189' title='bbox 82 1951 209 2007; x_wconf 88' lang='lat' dir='ltr'><strong><em>meum,</em></strong></span> <span class='ocrx_word' id='word_1_190' title='bbox 225 1936 343 1997; x_wconf 86' lang='lat' dir='ltr'><strong><em>manet</em></strong></span> <span class='ocrx_word' id='word_1_191' title='bbox 357 1939 394 1996; x_wconf 87' lang='lat' dir='ltr'><strong><em>in</em></strong></span> <span class='ocrx_word' id='word_1_192' title='bbox 413 1951 470 1997; x_wconf 88' lang='lat' dir='ltr'><strong><em>me</em></strong></span> <span class='ocrx_word' id='word_1_193' title='bbox 481 1935 516 1997; x_wconf 89' lang='lat' dir='ltr'><strong><em>et</em></strong></span> <span class='ocrx_word' id='word_1_194' title='bbox 527 1949 588 2012; x_wconf 78' lang='lat' dir='ltr'><strong><em>epo</em></strong></span> <span class='ocrx_word' id='word_1_195' title='bbox 602 1937 641 1997; x_wconf 87' lang='lat' dir='ltr'><strong><em>tn</em></strong></span> <span class='ocrx_word' id='word_1_196' title='bbox 652 1950 692 1998; x_wconf 93' lang='lat' dir='ltr'><strong><em>eo</em></strong></span> <span class='ocrx_word' id='word_1_197' title='bbox 704 1931 814 2016; x_wconf 81' lang='lat' dir='ltr'><strong><em>(toan.</em></strong></span> <span class='ocrx_word' id='word_1_198' title='bbox 830 1951 876 2008; x_wconf 88' lang='lat' dir='ltr'><strong><em>v1,</em></strong></span> <span class='ocrx_word' id='word_1_199' title='bbox 934 1931 1094 2009; x_wconf 81' lang='lat' dir='ltr'><strong><em>eolligunt</em></strong></span> <span class='ocrx_word' id='word_1_200' title='bbox 1121 1933 1162 1996; x_wconf 92' lang='lat' dir='ltr'><strong><em>de</em></strong></span> <span class='ocrx_word' id='word_1_201' title='bbox 1187 1935 1292 2012; x_wconf 90' lang='lat' dir='ltr'><strong><em>spinis</em></strong></span> <span class='ocrx_word' id='word_1_202' title='bbox 1320 1952 1418 2011; x_wconf 85' lang='lat' dir='ltr'><strong><em>uvae,</em></strong></span> <span class='ocrx_word' id='word_1_203' title='bbox 1453 1938 1511 1998; x_wconf 89' lang='lat' dir='ltr'><strong><em>aut</em></strong></span> <span class='ocrx_word' id='word_1_204' title='bbox 1533 1936 1574 1998; x_wconf 91' lang='lat' dir='ltr'><strong><em>de</em></strong></span> <span class='ocrx_word' id='word_1_205' title='bbox 1596 1935 1730 1998; x_wconf 89' lang='lat' dir='ltr'><strong><em>tribulis</em></strong></span> 
     </span>
     <span class='ocr_line' id='line_1_17' title="bbox 83 2029 1727 2113; baseline -0.001 -17"><span class='ocrx_word' id='word_1_206' title='bbox 83 2033 147 2112; x_wconf 88' lang='lat'>56).</span> <span class='ocrx_word' id='word_1_207' title='bbox 166 2034 250 2106; x_wconf 87' lang='lat' dir='ltr'><strong><em>Quia</em></strong></span> <span class='ocrx_word' id='word_1_208' title='bbox 268 2033 356 2095; x_wconf 89' lang='lat' dir='ltr'><strong><em>siout</em></strong></span> <span class='ocrx_word' id='word_1_209' title='bbox 366 2033 514 2111; x_wconf 88' lang='lat' dir='ltr'><strong><em>quotidie</em></strong></span> <span class='ocrx_word' id='word_1_210' title='bbox 529 2049 718 2110; x_wconf 85' lang='lat' dir='ltr'><strong><em>peccamus,</em></strong></span> <span class='ocrx_word' id='word_1_211' title='bbox 734 2034 781 2096; x_wconf 84' lang='lat' dir='ltr'><strong><em>ita</em></strong></span> <span class='ocrx_word' id='word_1_212' title='bbox 792 2051 878 2112; x_wconf 92' lang='lat' dir='ltr'>quo·</span> <span class='ocrx_word' id='word_1_213' title='bbox 934 2029 1027 2092; x_wconf 81' lang='lat' dir='ltr'><strong><em>nous.</em></strong></span> <span class='ocrx_word' id='word_1_214' title='bbox 1042 2029 1270 2111; x_wconf 82' lang='lat' dir='ltr'><strong><em>»(Matth.v11‚</em></strong></span> <span class='ocrx_word' id='word_1_215' title='bbox 1288 2032 1504 2113; x_wconf 83' lang='lat' dir='ltr'><strong><em>17).Soilioet‚</em></strong></span> <span class='ocrx_word' id='word_1_216' title='bbox 1517 2034 1603 2096; x_wconf 89' lang='lat' dir='ltr'><strong><em>mala</em></strong></span> <span class='ocrx_word' id='word_1_217' title='bbox 1617 2034 1727 2106; x_wconf 86' lang='lat' dir='ltr'><strong><em>arbor,</em></strong></span> 
     </span>
     <span class='ocr_line' id='line_1_18' title="bbox 83 2128 1731 2209; baseline 0.001 -16"><span class='ocrx_word' id='word_1_218' title='bbox 83 2133 163 2194; x_wconf 90' lang='lat' dir='ltr'><strong><em>tidie</em></strong></span> <span class='ocrx_word' id='word_1_219' title='bbox 178 2147 371 2209; x_wconf 87' lang='lat' dir='ltr'><strong><em>percorpus</em></strong></span> <span class='ocrx_word' id='word_1_220' title='bbox 390 2131 514 2194; x_wconf 84' lang='lat' dir='ltr'><strong><em>Christi</em></strong></span> <span class='ocrx_word' id='word_1_221' title='bbox 533 2131 693 2193; x_wconf 89' lang='lat' dir='ltr'><strong><em>habemus</em></strong></span> <span class='ocrx_word' id='word_1_222' title='bbox 707 2133 881 2194; x_wconf 86' lang='lat' dir='ltr'><strong><em>remissio·</em></strong></span> <span class='ocrx_word' id='word_1_223' title='bbox 935 2128 1040 2190; x_wconf 88' lang='lat' dir='ltr'><strong><em>malos</em></strong></span> <span class='ocrx_word' id='word_1_224' title='bbox 1054 2128 1182 2194; x_wconf 80' lang='lat' dir='ltr'><strong><em>fructus</em></strong></span> <span class='ocrx_word' id='word_1_225' title='bbox 1197 2130 1286 2193; x_wconf 84' lang='lat' dir='ltr'><strong><em>iacit.</em></strong></span> <span class='ocrx_word' id='word_1_226' title='bbox 1304 2133 1426 2194; x_wconf 82' lang='lat' dir='ltr'><strong><em>Cortex</em></strong></span> <span class='ocrx_word' id='word_1_227' title='bbox 1446 2133 1496 2194; x_wconf 88' lang='lat' dir='ltr'><strong><em>est</em></strong></span> <span class='ocrx_word' id='word_1_228' title='bbox 1510 2131 1678 2194; x_wconf 89' lang='lat' dir='ltr'><strong><em>induratio</em></strong></span> <span class='ocrx_word' id='word_1_229' title='bbox 1697 2132 1731 2194; x_wconf 91' lang='lat' dir='ltr'><strong><em>et</em></strong></span> 
     </span>
     <span class='ocr_line' id='line_1_19' title="bbox 84 2224 1731 2308; baseline 0 -17"><span class='ocrx_word' id='word_1_230' title='bbox 84 2246 158 2291; x_wconf 93' lang='lat' dir='ltr'><strong><em>nem</em></strong></span> <span class='ocrx_word' id='word_1_231' title='bbox 183 2229 329 2292; x_wconf 91' lang='lat' dir='ltr'><strong><em>omnium</em></strong></span> <span class='ocrx_word' id='word_1_232' title='bbox 357 2231 579 2308; x_wconf 87' lang='lat' dir='ltr'><strong><em>peccatorum.</em></strong></span> <span class='ocrx_word' id='word_1_233' title='bbox 608 2231 648 2292; x_wconf 84' lang='lat' dir='ltr'><strong><em>ut</em></strong></span> <span class='ocrx_word' id='word_1_234' title='bbox 671 2231 760 2292; x_wconf 89' lang='lat' dir='ltr'><strong><em>sicut</em></strong></span> <span class='ocrx_word' id='word_1_235' title='bbox 783 2231 881 2308; x_wconf 73' lang='lat' dir='ltr'><strong><em>panis</em></strong></span> <span class='ocrx_word' id='word_1_236' title='bbox 935 2224 1114 2288; x_wconf 88' lang='lat' dir='ltr'><strong><em>obstinatio</em></strong></span> <span class='ocrx_word' id='word_1_237' title='bbox 1128 2229 1256 2304; x_wconf 85' lang='lat' dir='ltr'><strong><em>peccati</em></strong></span> <span class='ocrx_word' id='word_1_238' title='bbox 1267 2231 1364 2308; x_wconf 86' lang='lat' dir='ltr'><strong><em>juxta</em></strong></span> <span class='ocrx_word' id='word_1_239' title='bbox 1379 2229 1461 2290; x_wconf 94' lang='lat' dir='ltr'><strong><em>illud</em></strong></span> <span class='ocrx_word' id='word_1_240' title='bbox 1476 2229 1537 2292; x_wconf 86' lang='lat' dir='ltr'><strong><em>Job</em></strong></span> <span class='ocrx_word' id='word_1_241' title='bbox 1554 2251 1562 2290; x_wconf 74' lang='grc' dir='ltr'>ε</span> <span class='ocrx_word' id='word_1_242' title='bbox 1578 2233 1731 2291; x_wconf 84' lang='lat' dir='ltr'><strong><em>Indura-</em></strong></span> 
     </span>
     <span class='ocr_line' id='line_1_20' title="bbox 85 2323 1732 2404; baseline -0.001 -14"><span class='ocrx_word' id='word_1_243' title='bbox 85 2328 259 2390; x_wconf 87' lang='lat' dir='ltr'><strong><em>oontlcitnr</em></strong></span> <span class='ocrx_word' id='word_1_244' title='bbox 272 2344 315 2390; x_wconf 85' lang='lat' dir='ltr'><strong><em>ex</em></strong></span> <span class='ocrx_word' id='word_1_245' title='bbox 340 2328 454 2390; x_wconf 88' lang='lat' dir='ltr'><strong><em>multis</em></strong></span> <span class='ocrx_word' id='word_1_246' title='bbox 473 2329 591 2400; x_wconf 88' lang='lat' dir='ltr'><strong><em>acinis,</em></strong></span> <span class='ocrx_word' id='word_1_247' title='bbox 607 2328 654 2390; x_wconf 85' lang='lat' dir='ltr'><strong><em>ita</em></strong></span> <span class='ocrx_word' id='word_1_248' title='bbox 678 2343 739 2390; x_wconf 89' lang='lat' dir='ltr'><strong><em>nos</em></strong></span> <span class='ocrx_word' id='word_1_249' title='bbox 765 2343 880 2389; x_wconf 88' lang='lat' dir='ltr'><strong><em>sumus</em></strong></span> <span class='ocrx_word' id='word_1_250' title='bbox 936 2323 1145 2386; x_wconf 85' lang='lat' dir='ltr'><strong><em>tnmestcor</em></strong></span> <span class='ocrx_word' id='word_1_251' title='bbox 1158 2328 1234 2399; x_wconf 81' lang='lat' dir='ltr'><strong><em>ejus</em></strong></span> <span class='ocrx_word' id='word_1_252' title='bbox 1247 2329 1521 2402; x_wconf 79' lang='lat' dir='ltr'><strong><em>tamquamiapis</em></strong></span> <span class='ocrx_word' id='word_1_253' title='bbox 1535 2328 1732 2404; x_wconf 77' lang='lat' dir='ltr'><strong><em>etstrinpe-</em></strong></span> 
     </span>
     <span class='ocr_line' id='line_1_21' title="bbox 85 2420 1728 2504; baseline 0 -18"><span class='ocrx_word' id='word_1_254' title='bbox 85 2443 186 2488; x_wconf 91' lang='lat' dir='ltr'><strong><em>unnm</em></strong></span> <span class='ocrx_word' id='word_1_255' title='bbox 201 2442 322 2504; x_wconf 86' lang='lat' dir='ltr'><strong><em>corpus</em></strong></span> <span class='ocrx_word' id='word_1_256' title='bbox 345 2443 406 2504; x_wconf 87' lang='lat' dir='ltr'><strong><em>per</em></strong></span> <span class='ocrx_word' id='word_1_257' title='bbox 422 2426 618 2488; x_wconf 87' lang='lat' dir='ltr'><strong><em>charitatem</em></strong></span> <span class='ocrx_word' id='word_1_258' title='bbox 641 2441 715 2487; x_wconf 91' lang='lat' dir='ltr'><strong><em>oum</em></strong></span> <span class='ocrx_word' id='word_1_259' title='bbox 737 2425 848 2488; x_wconf 79' lang='lat' dir='ltr'><strong><em>Christ</em></strong></span> <span class='ocrx_word' id='word_1_260' title='bbox 870 2471 879 2487; x_wconf 89' lang='lat'>.</span> <span class='ocrx_word' id='word_1_261' title='bbox 936 2420 995 2482; x_wconf 84' lang='lat' dir='ltr'><strong><em>tur</em></strong></span> <span class='ocrx_word' id='word_1_262' title='bbox 1015 2421 1192 2496; x_wconf 80' lang='lat' dir='ltr'><strong><em>tamquam</em></strong></span> <span class='ocrx_word' id='word_1_263' title='bbox 1209 2425 1421 2486; x_wconf 64' lang='lat' dir='ltr'><strong><em>mentoris</em></strong></span> <span class='ocrx_word' id='word_1_264' title='bbox 1439 2427 1537 2486; x_wconf 89' lang='lat' dir='ltr'><strong><em>tuous</em></strong></span> <span class='ocrx_word' id='word_1_265' title='bbox 1556 2421 1642 2503; x_wconf 84' lang='lat' dir='ltr'><strong><em>(tob.</em></strong></span> <span class='ocrx_word' id='word_1_266' title='bbox 1658 2437 1728 2497; x_wconf 80' lang='lat' dir='ltr'><strong><em>xii,</em></strong></span> 
     </span>
     <span class='ocr_line' id='line_1_22' title="bbox 85 2516 1733 2600; baseline -0.001 -15"><span class='ocrx_word' id='word_1_267' title='bbox 85 2524 179 2585; x_wconf 87' lang='lat' dir='ltr'><strong><em>Unde</em></strong></span> <span class='ocrx_word' id='word_1_268' title='bbox 200 2523 235 2585; x_wconf 94' lang='lat' dir='ltr'><strong><em>in</em></strong></span> <span class='ocrx_word' id='word_1_269' title='bbox 249 2523 429 2600; x_wconf 79' lang='lat' dir='ltr'><strong><em>Evangelio</em></strong></span> <span class='ocrx_word' id='word_1_270' title='bbox 443 2522 484 2584; x_wconf 89' lang='lat' dir='ltr'><strong><em>de</em></strong></span> <span class='ocrx_word' id='word_1_271' title='bbox 500 2521 652 2584; x_wconf 80' lang='lat' dir='ltr'><strong><em>fidelibus</em></strong></span> <span class='ocrx_word' id='word_1_272' title='bbox 667 2522 770 2584; x_wconf 88' lang='lat' dir='ltr'><strong><em>dicit:</em></strong></span> <span class='ocrx_word' id='word_1_273' title='bbox 791 2527 878 2596; x_wconf 83' lang='lat' dir='ltr'><strong><em>Volo,</em></strong></span> <span class='ocrx_word' id='word_1_274' title='bbox 936 2516 1000 2597; x_wconf 88' lang='lat'><strong>15).</strong></span> <span class='ocrx_word' id='word_1_275' title='bbox 1017 2521 1057 2581; x_wconf 81' lang='lat' dir='ltr'><strong><em>et</em></strong></span> <span class='ocrx_word' id='word_1_276' title='bbox 1067 2518 1102 2579; x_wconf 92' lang='lat' dir='ltr'><strong><em>in</em></strong></span> <span class='ocrx_word' id='word_1_277' title='bbox 1110 2520 1300 2582; x_wconf 86' lang='lat' dir='ltr'><strong><em>Proverbiis</em></strong></span> <span class='ocrx_word' id='word_1_278' title='bbox 1317 2541 1324 2581; x_wconf 78' lang='grc' dir='ltr'>ε</span> <span class='ocrx_word' id='word_1_279' title='bbox 1337 2525 1470 2600; x_wconf 80' lang='lat' dir='ltr'><strong><em>Impius</em></strong></span> <span class='ocrx_word' id='word_1_280' title='bbox 1479 2525 1573 2584; x_wconf 88' lang='lat' dir='ltr'><strong><em>enim</em></strong></span> <span class='ocrx_word' id='word_1_281' title='bbox 1583 2536 1663 2583; x_wconf 89' lang='lat' dir='ltr'><strong><em>cum</em></strong></span> <span class='ocrx_word' id='word_1_282' title='bbox 1676 2538 1733 2584; x_wconf 90' lang='lat' dir='ltr'><strong><em>oe·</em></strong></span> 
     </span>
     <span class='ocr_line' id='line_1_23' title="bbox 84 2618 1726 2696; baseline 0 -14"><span class='ocrx_word' id='word_1_283' title='bbox 84 2622 204 2694; x_wconf 81' lang='lat' dir='ltr'><strong><em>Poter,</em></strong></span> <span class='ocrx_word' id='word_1_284' title='bbox 216 2623 255 2684; x_wconf 88' lang='lat' dir='ltr'><strong><em>ut</em></strong></span> <span class='ocrx_word' id='word_1_285' title='bbox 270 2624 337 2696; x_wconf 84' lang='lat' dir='ltr'><strong><em>ipsi</em></strong></span> <span class='ocrx_word' id='word_1_286' title='bbox 349 2636 459 2683; x_wconf 88' lang='lat' dir='ltr'><strong><em>unum</em></strong></span> <span class='ocrx_word' id='word_1_287' title='bbox 472 2621 544 2684; x_wconf 88' lang='lat' dir='ltr'><strong><em>sint</em></strong></span> <span class='ocrx_word' id='word_1_288' title='bbox 555 2620 643 2683; x_wconf 86' lang='lat' dir='ltr'><strong><em>sicut</em></strong></span> <span class='ocrx_word' id='word_1_289' title='bbox 655 2620 689 2683; x_wconf 90' lang='lat' dir='ltr'><strong><em>et</em></strong></span> <span class='ocrx_word' id='word_1_290' title='bbox 701 2635 764 2683; x_wconf 90' lang='lat' dir='ltr'><strong><em>nos</em></strong></span> <span class='ocrx_word' id='word_1_291' title='bbox 772 2635 881 2682; x_wconf 90' lang='lat' dir='ltr'><strong><em>unum</em></strong></span> <span class='ocrx_word' id='word_1_292' title='bbox 935 2618 1028 2679; x_wconf 85' lang='lat' dir='ltr'><strong><em>nertt</em></strong></span> <span class='ocrx_word' id='word_1_293' title='bbox 1058 2621 1096 2678; x_wconf 87' lang='lat' dir='ltr'><strong><em>in</em></strong></span> <span class='ocrx_word' id='word_1_294' title='bbox 1118 2621 1329 2693; x_wconf 73' lang='lat' dir='ltr'><strong><em>profondum</em></strong></span> <span class='ocrx_word' id='word_1_295' title='bbox 1347 2619 1514 2681; x_wconf 83' lang='lat' dir='ltr'><strong><em>citiorum</em></strong></span> <span class='ocrx_word' id='word_1_296' title='bbox 1529 2621 1726 2682; x_wconf 88' lang='lat' dir='ltr'><strong><em>contemnit.</em></strong></span> 
     </span>
     <span class='ocr_line' id='line_1_24' title="bbox 84 2712 1221 2798; baseline -0.004 -18"><span class='ocrx_word' id='word_1_297' title='bbox 84 2716 515 2798; x_wconf 64' lang='lat' dir='ltr'><strong><em>animumanimum),</em></strong></span> <span class='ocrx_word' id='word_1_298' title='bbox 797 2735 801 2742; x_wconf 93' lang='grc'><strong><em>·</em></strong></span> <span class='ocrx_word' id='word_1_299' title='bbox 937 2712 1049 2794; x_wconf 77' lang='lat' dir='ltr'><strong><em>(Prot.</em></strong></span> <span class='ocrx_word' id='word_1_300' title='bbox 1065 2714 1221 2795; x_wconf 85' lang='lat' dir='ltr'>xv111,3).</span> 
     </span>
    </p>

    <p class='ocr_par' dir='ltr' id='par_1_4' title="bbox 83 2810 1739 4946">
     <span class='ocr_line' id='line_1_25' title="bbox 124 2810 1729 2893; baseline 0.001 -17"><span class='ocrx_word' id='word_1_301' title='bbox 124 2819 161 2877; x_wconf 92' lang='lat' dir='ltr'><strong><em>ln</em></strong></span> <span class='ocrx_word' id='word_1_302' title='bbox 176 2816 240 2878; x_wconf 89' lang='lat' dir='ltr'><strong><em>boc</em></strong></span> <span class='ocrx_word' id='word_1_303' title='bbox 252 2815 341 2878; x_wconf 91' lang='lat' dir='ltr'><strong><em>enim</em></strong></span> <span class='ocrx_word' id='word_1_304' title='bbox 357 2815 571 2878; x_wconf 86' lang='lat' dir='ltr'><strong><em>Sacramenta</em></strong></span> <span class='ocrx_word' id='word_1_305' title='bbox 584 2815 648 2878; x_wconf 90' lang='lat' dir='ltr'><strong><em>tria</em></strong></span> <span class='ocrx_word' id='word_1_306' title='bbox 671 2813 883 2878; x_wconf 88' lang='lat' dir='ltr'><strong><em>consideran·</em></strong></span> <span class='ocrx_word' id='word_1_307' title='bbox 975 2810 1024 2875; x_wconf 74' lang='lat' dir='ltr'><strong><em>Ad</em></strong></span> <span class='ocrx_word' id='word_1_308' title='bbox 1039 2812 1186 2875; x_wconf 89' lang='lat' dir='ltr'><strong><em>radicem</em></strong></span> <span class='ocrx_word' id='word_1_309' title='bbox 1201 2829 1281 2891; x_wconf 82' lang='lat' dir='ltr'><strong><em>ergo</em></strong></span> <span class='ocrx_word' id='word_1_310' title='bbox 1303 2814 1403 2893; x_wconf 90' lang='lat' dir='ltr'><strong><em>hujus</em></strong></span> <span class='ocrx_word' id='word_1_311' title='bbox 1426 2814 1554 2877; x_wconf 80' lang='lat' dir='ltr'><strong><em>arberte</em></strong></span> <span class='ocrx_word' id='word_1_312' title='bbox 1573 2815 1729 2878; x_wconf 89' lang='lat' dir='ltr'><strong><em>debemus</em></strong></span> 
     </span>
     <span class='ocr_line' id='line_1_26' title="bbox 86 2909 1734 2993; baseline 0.001 -18"><span class='ocrx_word' id='word_1_313' title='bbox 86 2915 138 2975; x_wconf 91' lang='lat' dir='ltr'><strong><em>tur</em></strong></span> <span class='ocrx_word' id='word_1_314' title='bbox 158 2936 165 2974; x_wconf 76' lang='grc' dir='ltr'>ε</span> <span class='ocrx_word' id='word_1_315' title='bbox 188 2930 304 2987; x_wconf 90' lang='lat' dir='ltr'><strong><em>unum,</em></strong></span> <span class='ocrx_word' id='word_1_316' title='bbox 327 2913 412 2992; x_wconf 91' lang='lat' dir='ltr'><strong><em>quod</em></strong></span> <span class='ocrx_word' id='word_1_317' title='bbox 435 2914 486 2976; x_wconf 89' lang='lat' dir='ltr'><strong><em>est</em></strong></span> <span class='ocrx_word' id='word_1_318' title='bbox 507 2914 761 2986; x_wconf 89' lang='lat' dir='ltr'><strong><em>sacramentnm,</em></strong></span> <span class='ocrx_word' id='word_1_319' title='bbox 790 2913 880 2975; x_wconf 92' lang='lat' dir='ltr'><strong><em>aliud</em></strong></span> <span class='ocrx_word' id='word_1_320' title='bbox 936 2927 1060 2989; x_wconf 85' lang='lat' dir='ltr'><strong><em>ponere</em></strong></span> <span class='ocrx_word' id='word_1_321' title='bbox 1083 2912 1226 2975; x_wconf 90' lang='lat' dir='ltr'><strong><em>securim</em></strong></span> <span class='ocrx_word' id='word_1_322' title='bbox 1251 2912 1403 2986; x_wconf 86' lang='lat' dir='ltr'><strong><em>rationis,</em></strong></span> <span class='ocrx_word' id='word_1_323' title='bbox 1418 2915 1455 2975; x_wconf 88' lang='lat' dir='ltr'><strong><em>ut</em></strong></span> <span class='ocrx_word' id='word_1_324' title='bbox 1465 2909 1642 2976; x_wconf 88' lang='lat' dir='ltr'><strong><em>allidentes</em></strong></span> <span class='ocrx_word' id='word_1_325' title='bbox 1654 2931 1734 2993; x_wconf 88' lang='lat' dir='ltr'><strong><em>par-</em></strong></span> 
     </span>
     <span class='ocr_line' id='line_1_27' title="bbox 85 3008 1732 3090; baseline 0.001 -18"><span class='ocrx_word' id='word_1_326' title='bbox 85 3013 170 3089; x_wconf 91' lang='lat' dir='ltr'><strong><em>quod</em></strong></span> <span class='ocrx_word' id='word_1_327' title='bbox 186 3013 238 3074; x_wconf 90' lang='lat' dir='ltr'><strong><em>est</em></strong></span> <span class='ocrx_word' id='word_1_328' title='bbox 255 3027 310 3074; x_wconf 86' lang='lat' dir='ltr'><strong><em>res</em></strong></span> <span class='ocrx_word' id='word_1_329' title='bbox 326 3012 536 3085; x_wconf 83' lang='lat' dir='ltr'><strong><em>sacramenti,</em></strong></span> <span class='ocrx_word' id='word_1_330' title='bbox 552 3013 642 3073; x_wconf 90' lang='lat' dir='ltr'><strong><em>aliud</em></strong></span> <span class='ocrx_word' id='word_1_331' title='bbox 656 3011 741 3090; x_wconf 91' lang='lat' dir='ltr'><strong><em>quod</em></strong></span> <span class='ocrx_word' id='word_1_332' title='bbox 757 3012 807 3075; x_wconf 88' lang='grc' dir='ltr'><strong><em>θεῖ</em></strong></span> <span class='ocrx_word' id='word_1_333' title='bbox 827 3027 881 3074; x_wconf 89' lang='lat' dir='ltr'><strong><em>res</em></strong></span> <span class='ocrx_word' id='word_1_334' title='bbox 936 3008 1031 3072; x_wconf 76' lang='lat' dir='ltr'><strong><em>tulos</em></strong></span> <span class='ocrx_word' id='word_1_335' title='bbox 1044 3011 1174 3072; x_wconf 89' lang='lat' dir='ltr'><strong><em>nostros</em></strong></span> <span class='ocrx_word' id='word_1_336' title='bbox 1189 3010 1230 3072; x_wconf 88' lang='lat' dir='ltr'><strong><em>ad</em></strong></span> <span class='ocrx_word' id='word_1_337' title='bbox 1246 3012 1373 3088; x_wconf 89' lang='lat' dir='ltr'><strong><em>petram</em></strong></span> <span class='ocrx_word' id='word_1_338' title='bbox 1389 3013 1559 3089; x_wconf 86' lang='lat' dir='ltr'><strong><em>capiamus</em></strong></span> <span class='ocrx_word' id='word_1_339' title='bbox 1571 3013 1732 3090; x_wconf 81' lang='lat' dir='ltr'><strong><em>vulpecu-</em></strong></span> 
     </span>
     <span class='ocr_line' id='line_1_28' title="bbox 85 3107 1732 3186; baseline 0.002 -16"><span class='ocrx_word' id='word_1_340' title='bbox 85 3111 215 3172; x_wconf 89' lang='lat' dir='ltr'><strong><em>tantum</em></strong></span> <span class='ocrx_word' id='word_1_341' title='bbox 235 3109 269 3172; x_wconf 90' lang='lat' dir='ltr'><strong><em>et</em></strong></span> <span class='ocrx_word' id='word_1_342' title='bbox 283 3125 349 3172; x_wconf 90' lang='lat' dir='ltr'><strong><em>non</em></strong></span> <span class='ocrx_word' id='word_1_343' title='bbox 362 3111 617 3172; x_wconf 87' lang='lat' dir='ltr'><strong><em>sacramentum.</em></strong></span> <span class='ocrx_word' id='word_1_344' title='bbox 632 3111 882 3172; x_wconf 88' lang='lat' dir='ltr'><strong><em>Sacramentum</em></strong></span> <span class='ocrx_word' id='word_1_345' title='bbox 936 3108 998 3181; x_wconf 86' lang='lat' dir='ltr'><strong><em>las,</em></strong></span> <span class='ocrx_word' id='word_1_346' title='bbox 1012 3107 1090 3169; x_wconf 92' lang='lat' dir='ltr'><strong><em>dum</em></strong></span> <span class='ocrx_word' id='word_1_347' title='bbox 1113 3108 1261 3186; x_wconf 74' lang='lat' dir='ltr'>parvulae</span> <span class='ocrx_word' id='word_1_348' title='bbox 1283 3109 1370 3182; x_wconf 89' lang='lat' dir='ltr'><strong><em>suut,</em></strong></span> <span class='ocrx_word' id='word_1_349' title='bbox 1387 3125 1429 3172; x_wconf 90' lang='lat' dir='ltr'><strong><em>ne</em></strong></span> <span class='ocrx_word' id='word_1_350' title='bbox 1442 3110 1577 3172; x_wconf 87' lang='lat' dir='ltr'><strong><em>vineam</em></strong></span> <span class='ocrx_word' id='word_1_351' title='bbox 1600 3111 1732 3174; x_wconf 88' lang='lat' dir='ltr'><strong><em>Domini</em></strong></span> 
     </span>
     <span class='ocr_line' id='line_1_29' title="bbox 84 3201 1733 3286; baseline 0.001 -17"><span class='ocrx_word' id='word_1_352' title='bbox 84 3209 214 3270; x_wconf 88' lang='lat' dir='ltr'><strong><em>tantum</em></strong></span> <span class='ocrx_word' id='word_1_353' title='bbox 238 3207 290 3270; x_wconf 89' lang='grc' dir='ltr'><strong><em>θεῖ</em></strong></span> <span class='ocrx_word' id='word_1_354' title='bbox 309 3207 452 3269; x_wconf 78' lang='lat' dir='ltr'><strong><em>visibilis</em></strong></span> <span class='ocrx_word' id='word_1_355' title='bbox 474 3207 601 3286; x_wconf 88' lang='lat' dir='ltr'><strong><em>species</em></strong></span> <span class='ocrx_word' id='word_1_356' title='bbox 627 3207 726 3286; x_wconf 89' lang='lat' dir='ltr'><strong><em>panis</em></strong></span> <span class='ocrx_word' id='word_1_357' title='bbox 753 3207 879 3270; x_wconf 78' lang='lat' dir='ltr'><strong><em>etvini.</em></strong></span> <span class='ocrx_word' id='word_1_358' title='bbox 938 3204 1083 3269; x_wconf 82' lang='lat' dir='ltr'>Sabaoth</span> <span class='ocrx_word' id='word_1_359' title='bbox 1118 3201 1351 3270; x_wconf 90' lang='lat' dir='ltr'><strong><em>demoliantur.</em></strong></span> <span class='ocrx_word' id='word_1_360' title='bbox 1384 3208 1524 3285; x_wconf 83' lang='lat' dir='ltr'>Lignum</span> <span class='ocrx_word' id='word_1_361' title='bbox 1559 3210 1733 3271; x_wconf 88' lang='lat' dir='ltr'><strong><em>materiale</em></strong></span> 
     </span>
     <span class='ocr_line' id='line_1_30' title="bbox 87 3297 1730 3384; baseline 0 -16"><span class='ocrx_word' id='word_1_362' title='bbox 87 3305 337 3368; x_wconf 85' lang='lat' dir='ltr'><strong><em>Sacramentum</em></strong></span> <span class='ocrx_word' id='word_1_363' title='bbox 362 3306 395 3369; x_wconf 89' lang='lat' dir='ltr'><strong><em>et</em></strong></span> <span class='ocrx_word' id='word_1_364' title='bbox 412 3320 468 3367; x_wconf 87' lang='lat' dir='ltr'><strong><em>ros</em></strong></span> <span class='ocrx_word' id='word_1_365' title='bbox 488 3309 539 3367; x_wconf 89' lang='lat' dir='ltr'><strong><em>est</em></strong></span> <span class='ocrx_word' id='word_1_366' title='bbox 556 3321 675 3383; x_wconf 89' lang='lat' dir='ltr'><strong><em>corpus</em></strong></span> <span class='ocrx_word' id='word_1_367' title='bbox 698 3305 731 3368; x_wconf 90' lang='lat' dir='ltr'><strong><em>et</em></strong></span> <span class='ocrx_word' id='word_1_368' title='bbox 745 3297 881 3383; x_wconf 83' lang='lat' dir='ltr'><strong><em>sanguis</em></strong></span> <span class='ocrx_word' id='word_1_369' title='bbox 935 3303 1001 3366; x_wconf 90' lang='lat' dir='ltr'><strong><em>tria</em></strong></span> <span class='ocrx_word' id='word_1_370' title='bbox 1024 3304 1128 3366; x_wconf 86' lang='lat' dir='ltr'><strong><em>iacit:</em></strong></span> <span class='ocrx_word' id='word_1_371' title='bbox 1152 3305 1299 3378; x_wconf 89' lang='lat' dir='ltr'><strong><em>roborat,</em></strong></span> <span class='ocrx_word' id='word_1_372' title='bbox 1320 3305 1495 3368; x_wconf 81' lang='lat' dir='ltr'>obumbrat</span> <span class='ocrx_word' id='word_1_373' title='bbox 1517 3307 1553 3368; x_wconf 89' lang='lat' dir='ltr'><strong><em>et</em></strong></span> <span class='ocrx_word' id='word_1_374' title='bbox 1577 3307 1730 3384; x_wconf 82' lang='lat' dir='ltr'>protegit.</span> 
     </span>
     <span class='ocr_line' id='line_1_31' title="bbox 84 3401 1733 3483; baseline 0.001 -17"><span class='ocrx_word' id='word_1_375' title='bbox 84 3405 227 3467; x_wconf 88' lang='lat' dir='ltr'><strong><em>Domini.</em></strong></span> <span class='ocrx_word' id='word_1_376' title='bbox 244 3407 310 3467; x_wconf 86' lang='lat' dir='ltr'><strong><em>Res</em></strong></span> <span class='ocrx_word' id='word_1_377' title='bbox 325 3404 375 3465; x_wconf 90' lang='grc' dir='ltr'><strong><em>θεῖ</em></strong></span> <span class='ocrx_word' id='word_1_378' title='bbox 386 3404 545 3482; x_wconf 87' lang='lat' dir='ltr'><strong><em>quantum</em></strong></span> <span class='ocrx_word' id='word_1_379' title='bbox 565 3403 606 3466; x_wconf 89' lang='lat' dir='ltr'><strong><em>ed</em></strong></span> <span class='ocrx_word' id='word_1_380' title='bbox 619 3405 794 3466; x_wconf 83' lang='lat' dir='ltr'><strong><em>veritatem</em></strong></span> <span class='ocrx_word' id='word_1_381' title='bbox 809 3421 882 3482; x_wconf 90' lang='lat' dir='ltr'><strong><em>quae</em></strong></span> <span class='ocrx_word' id='word_1_382' title='bbox 937 3401 1084 3466; x_wconf 89' lang='lat' dir='ltr'><strong><em>Roborat</em></strong></span> <span class='ocrx_word' id='word_1_383' title='bbox 1101 3402 1218 3475; x_wconf 82' lang='lat' dir='ltr'><strong><em>lassae,</em></strong></span> <span class='ocrx_word' id='word_1_384' title='bbox 1230 3402 1404 3466; x_wconf 92' lang='lat' dir='ltr'><strong><em>obumbrat</em></strong></span> <span class='ocrx_word' id='word_1_385' title='bbox 1416 3405 1606 3478; x_wconf 81' lang='lat' dir='ltr'><strong><em>aestuantes,</em></strong></span> <span class='ocrx_word' id='word_1_386' title='bbox 1620 3407 1733 3483; x_wconf 87' lang='lat' dir='ltr'><strong><em>prote-</em></strong></span> 
     </span>
     <span class='ocr_line' id='line_1_32' title="bbox 85 3501 1732 3580; baseline 0.001 -17"><span class='ocrx_word' id='word_1_387' title='bbox 85 3502 133 3565; x_wconf 89' lang='lat' dir='ltr'><strong><em>ibi</em></strong></span> <span class='ocrx_word' id='word_1_388' title='bbox 159 3503 316 3577; x_wconf 79' lang='lat' dir='ltr'><strong><em>sumitur3</em></strong></span> <span class='ocrx_word' id='word_1_389' title='bbox 333 3502 385 3563; x_wconf 86' lang='grc' dir='ltr'><strong><em>θεῖ</em></strong></span> <span class='ocrx_word' id='word_1_390' title='bbox 402 3503 491 3563; x_wconf 88' lang='lat' dir='ltr'><strong><em>enim</em></strong></span> <span class='ocrx_word' id='word_1_391' title='bbox 512 3501 560 3563; x_wconf 91' lang='lat' dir='ltr'><strong><em>ibi</em></strong></span> <span class='ocrx_word' id='word_1_392' title='bbox 582 3517 659 3564; x_wconf 86' lang='lat' dir='ltr'><strong><em>caro</em></strong></span> <span class='ocrx_word' id='word_1_393' title='bbox 675 3503 708 3564; x_wconf 89' lang='lat' dir='ltr'><strong><em>et</em></strong></span> <span class='ocrx_word' id='word_1_394' title='bbox 732 3502 880 3579; x_wconf 83' lang='lat' dir='ltr'><strong><em>sanguis.</em></strong></span> <span class='ocrx_word' id='word_1_395' title='bbox 937 3501 986 3577; x_wconf 81' lang='lat' dir='ltr'><strong><em>git</em></strong></span> <span class='ocrx_word' id='word_1_396' title='bbox 1006 3501 1207 3564; x_wconf 79' lang='lat' dir='ltr'>laboremne.</span> <span class='ocrx_word' id='word_1_397' title='bbox 1236 3502 1405 3580; x_wconf 89' lang='lat' dir='ltr'><strong><em>Sapientia</em></strong></span> <span class='ocrx_word' id='word_1_398' title='bbox 1427 3519 1506 3580; x_wconf 81' lang='lat' dir='ltr'><strong><em>ergo</em></strong></span> <span class='ocrx_word' id='word_1_399' title='bbox 1521 3504 1580 3565; x_wconf 90' lang='lat' dir='ltr'><strong><em>Dei</em></strong></span> <span class='ocrx_word' id='word_1_400' title='bbox 1604 3504 1732 3580; x_wconf 84' lang='lat' dir='ltr'><strong><em>lignum</em></strong></span> 
     </span>
     <span class='ocr_line' id='line_1_33' title="bbox 86 3591 1732 3678; baseline 0.001 -17"><span class='ocrx_word' id='word_1_401' title='bbox 86 3601 253 3672; x_wconf 86' lang='lat' dir='ltr'><strong><em>Quantum</em></strong></span> <span class='ocrx_word' id='word_1_402' title='bbox 266 3601 307 3662; x_wconf 95' lang='lat' dir='ltr'><strong><em>ad</em></strong></span> <span class='ocrx_word' id='word_1_403' title='bbox 318 3600 461 3678; x_wconf 87' lang='lat' dir='ltr'><strong><em>speciem</em></strong></span> <span class='ocrx_word' id='word_1_404' title='bbox 476 3591 675 3662; x_wconf 81' lang='lat' dir='ltr'><strong><em>exteriorem</em></strong></span> <span class='ocrx_word' id='word_1_405' title='bbox 690 3601 884 3662; x_wconf 83' lang='lat' dir='ltr'><strong><em>Sacramen-</em></strong></span> <span class='ocrx_word' id='word_1_406' title='bbox 938 3598 1070 3671; x_wconf 86' lang='lat' dir='ltr'><strong><em>dicitur,</em></strong></span> <span class='ocrx_word' id='word_1_407' title='bbox 1087 3601 1165 3676; x_wconf 90' lang='lat' dir='ltr'><strong><em>quia</em></strong></span> <span class='ocrx_word' id='word_1_408' title='bbox 1179 3600 1360 3661; x_wconf 88' lang='lat' dir='ltr'><strong><em>dilectores·</em></strong></span> <span class='ocrx_word' id='word_1_409' title='bbox 1369 3615 1459 3670; x_wconf 87' lang='lat' dir='ltr'><strong><em>suos,</em></strong></span> <span class='ocrx_word' id='word_1_410' title='bbox 1473 3617 1492 3661; x_wconf 91' lang='lat' dir='ltr'><strong><em>a</em></strong></span> <span class='ocrx_word' id='word_1_411' title='bbox 1505 3601 1624 3678; x_wconf 86' lang='lat' dir='ltr'><strong><em>quibus</em></strong></span> <span class='ocrx_word' id='word_1_412' title='bbox 1637 3617 1732 3664; x_wconf 88' lang='lat' dir='ltr'><strong><em>com·</em></strong></span> 
     </span>
     <span class='ocr_line' id='line_1_34' title="bbox 83 3687 1734 3776; baseline -0.001 -15"><span class='ocrx_word' id='word_1_413' title='bbox 83 3699 155 3761; x_wconf 90' lang='lat' dir='ltr'><strong><em>tum</em></strong></span> <span class='ocrx_word' id='word_1_414' title='bbox 174 3701 225 3761; x_wconf 90' lang='grc' dir='ltr'><strong><em>θεῖ</em></strong></span> <span class='ocrx_word' id='word_1_415' title='bbox 248 3699 384 3760; x_wconf 82' lang='lat' dir='ltr'><strong><em>alterius</em></strong></span> <span class='ocrx_word' id='word_1_416' title='bbox 399 3699 460 3771; x_wconf 89' lang='lat' dir='ltr'><strong><em>rai,</em></strong></span> <span class='ocrx_word' id='word_1_417' title='bbox 477 3698 554 3776; x_wconf 90' lang='lat' dir='ltr'><strong><em>quia</em></strong></span> <span class='ocrx_word' id='word_1_418' title='bbox 571 3698 702 3775; x_wconf 86' lang='lat' dir='ltr'><strong><em>signnm</em></strong></span> <span class='ocrx_word' id='word_1_419' title='bbox 720 3700 770 3760; x_wconf 89' lang='lat' dir='ltr'><strong><em>ost</em></strong></span> <span class='ocrx_word' id='word_1_420' title='bbox 792 3699 883 3759; x_wconf 90' lang='lat' dir='ltr'><strong><em>illius</em></strong></span> <span class='ocrx_word' id='word_1_421' title='bbox 938 3687 1313 3774; x_wconf 71' lang='lat' dir='ltr'><strong><em>prehenditur,&#39;roborat</em></strong></span> <span class='ocrx_word' id='word_1_422' title='bbox 1327 3713 1346 3758; x_wconf 96' lang='lat' dir='ltr'><strong><em>a</em></strong></span> <span class='ocrx_word' id='word_1_423' title='bbox 1361 3697 1556 3759; x_wconf 81' lang='lat' dir='ltr'><strong><em>lassitudine</em></strong></span> <span class='ocrx_word' id='word_1_424' title='bbox 1579 3698 1734 3760; x_wconf 84' lang='lat' dir='ltr'><strong><em>humanae</em></strong></span> 
     </span>
     <span class='ocr_line' id='line_1_35' title="bbox 86 3793 1736 3872; baseline 0 -14"><span class='ocrx_word' id='word_1_425' title='bbox 86 3797 205 3872; x_wconf 77' lang='lat' dir='ltr'><strong><em>gratim</em></strong></span> <span class='ocrx_word' id='word_1_426' title='bbox 221 3797 255 3858; x_wconf 88' lang='lat' dir='ltr'><strong><em>et</em></strong></span> <span class='ocrx_word' id='word_1_427' title='bbox 267 3795 401 3857; x_wconf 83' lang='lat' dir='ltr'><strong><em>virtutis</em></strong></span> <span class='ocrx_word' id='word_1_428' title='bbox 416 3811 489 3872; x_wconf 87' lang='lat' dir='ltr'><strong><em>quea</em></strong></span> <span class='ocrx_word' id='word_1_429' title='bbox 508 3794 555 3856; x_wconf 92' lang='lat' dir='ltr'><strong><em>ibi</em></strong></span> <span class='ocrx_word' id='word_1_430' title='bbox 576 3795 769 3872; x_wconf 89' lang='lat' dir='ltr'><strong><em>percipitur,</em></strong></span> <span class='ocrx_word' id='word_1_431' title='bbox 787 3795 883 3856; x_wconf 89' lang='lat' dir='ltr'><strong><em>scili·</em></strong></span> <span class='ocrx_word' id='word_1_432' title='bbox 938 3793 1139 3869; x_wconf 80' lang='lat' dir='ltr'><strong><em>fragilitatis,</em></strong></span> <span class='ocrx_word' id='word_1_433' title='bbox 1158 3793 1193 3856; x_wconf 91' lang='lat' dir='ltr'><strong><em>ut</em></strong></span> <span class='ocrx_word' id='word_1_434' title='bbox 1205 3795 1252 3856; x_wconf 92' lang='lat' dir='ltr'><strong><em>ait</em></strong></span> <span class='ocrx_word' id='word_1_435' title='bbox 1262 3793 1456 3855; x_wconf 88' lang='lat' dir='ltr'><strong><em>Psalmista:</em></strong></span> <span class='ocrx_word' id='word_1_436' title='bbox 1471 3798 1564 3856; x_wconf 88' lang='lat' dir='ltr'><strong><em>Deus</em></strong></span> <span class='ocrx_word' id='word_1_437' title='bbox 1581 3798 1654 3870; x_wconf 88' lang='lat' dir='ltr'><strong><em>ipse</em></strong></span> <span class='ocrx_word' id='word_1_438' title='bbox 1672 3799 1736 3858; x_wconf 81' lang='lat' dir='ltr'><strong><em>da-</em></strong></span> 
     </span>
     <span class='ocr_line' id='line_1_36' title="bbox 86 3883 1736 3970; baseline -0.002 -15"><span class='ocrx_word' id='word_1_439' title='bbox 86 3893 412 3970; x_wconf 87' lang='lat' dir='ltr'><strong><em>cetnnionisoapitis</em></strong></span> <span class='ocrx_word' id='word_1_440' title='bbox 426 3892 791 3955; x_wconf 85' lang='lat' dir='ltr'><strong><em>etmembrornm.Haeo</em></strong></span> <span class='ocrx_word' id='word_1_441' title='bbox 805 3893 884 3954; x_wconf 91' lang='lat' dir='ltr'><strong><em>unio</em></strong></span> <span class='ocrx_word' id='word_1_442' title='bbox 940 3888 986 3949; x_wconf 88' lang='lat' dir='ltr'><strong><em>bit</em></strong></span> <span class='ocrx_word' id='word_1_443' title='bbox 1008 3883 1174 3949; x_wconf 78' lang='lat' dir='ltr'><strong><em>uirtutem</em></strong></span> <span class='ocrx_word' id='word_1_444' title='bbox 1206 3889 1240 3950; x_wconf 88' lang='lat' dir='ltr'><strong><em>et</em></strong></span> <span class='ocrx_word' id='word_1_445' title='bbox 1274 3887 1512 3962; x_wconf 81' lang='lat' dir='ltr'><strong><em>fortitudinem</em></strong></span> <span class='ocrx_word' id='word_1_446' title='bbox 1542 3892 1630 3964; x_wconf 83' lang='lat' dir='ltr'><strong><em>plebi</em></strong></span> <span class='ocrx_word' id='word_1_447' title='bbox 1661 3906 1736 3952; x_wconf 81' lang='lat' dir='ltr'><strong><em>suce</em></strong></span> 
     </span>
     <span class='ocr_line' id='line_1_37' title="bbox 85 3980 1735 4064; baseline -0.001 -13"><span class='ocrx_word' id='word_1_448' title='bbox 85 4007 144 4052; x_wconf 83' lang='lat' dir='ltr'><strong><em>res</em></strong></span> <span class='ocrx_word' id='word_1_449' title='bbox 159 3993 218 4064; x_wconf 87' lang='lat' dir='ltr'><strong><em>est,</em></strong></span> <span class='ocrx_word' id='word_1_450' title='bbox 238 4007 305 4052; x_wconf 91' lang='lat' dir='ltr'><strong><em>non</em></strong></span> <span class='ocrx_word' id='word_1_451' title='bbox 321 3991 575 4063; x_wconf 85' lang='lat' dir='ltr'><strong><em>sacramentum,</em></strong></span> <span class='ocrx_word' id='word_1_452' title='bbox 591 3989 646 4051; x_wconf 91' lang='lat' dir='ltr'><strong><em>sed</em></strong></span> <span class='ocrx_word' id='word_1_453' title='bbox 663 3990 769 4052; x_wconf 87' lang='lat' dir='ltr'><strong><em>virtus</em></strong></span> <span class='ocrx_word' id='word_1_454' title='bbox 784 3990 818 4052; x_wconf 90' lang='lat' dir='ltr'><strong><em>et</em></strong></span> <span class='ocrx_word' id='word_1_455' title='bbox 830 4005 885 4052; x_wconf 91' lang='lat' dir='ltr'><strong><em>res</em></strong></span> <span class='ocrx_word' id='word_1_456' title='bbox 940 3983 1009 4064; x_wconf 85' lang='grc' dir='ltr'>(Ρε.</span> <span class='ocrx_word' id='word_1_457' title='bbox 1022 3999 1128 4057; x_wconf 82' lang='lat' dir='ltr'><strong><em>nxvn,</em></strong></span> <span class='ocrx_word' id='word_1_458' title='bbox 1143 3983 1210 4064; x_wconf 88' lang='grc'><strong>36).</strong></span> <span class='ocrx_word' id='word_1_459' title='bbox 1224 3980 1404 4047; x_wconf 84' lang='lat' dir='ltr'><strong><em>obumbrat</em></strong></span> <span class='ocrx_word' id='word_1_460' title='bbox 1414 3983 1591 4047; x_wconf 87' lang='lat' dir='ltr'><strong><em>aestuantes</em></strong></span> <span class='ocrx_word' id='word_1_461' title='bbox 1599 3986 1641 4048; x_wconf 90' lang='lat' dir='ltr'><strong><em>ab</em></strong></span> <span class='ocrx_word' id='word_1_462' title='bbox 1652 3988 1735 4049; x_wconf 88' lang='lat' dir='ltr'><strong><em>aestu</em></strong></span> 
     </span>
     <span class='ocr_line' id='line_1_38' title="bbox 87 4081 1735 4162; baseline -0.004 -8"><span class='ocrx_word' id='word_1_463' title='bbox 87 4089 301 4154; x_wconf 85' lang='lat' dir='ltr'><strong><em>sacramenti.</em></strong></span> <span class='ocrx_word' id='word_1_464' title='bbox 318 4089 479 4151; x_wconf 85' lang='lat' dir='ltr'><strong><em>EooetrIa</em></strong></span> <span class='ocrx_word' id='word_1_465' title='bbox 494 4088 791 4150; x_wconf 81' lang='lat' dir='ltr'><strong><em>consideravimus.</em></strong></span> <span class='ocrx_word' id='word_1_466' title='bbox 805 4087 884 4149; x_wconf 91' lang='lat' dir='ltr'><strong><em>Pri·</em></strong></span> <span class='ocrx_word' id='word_1_467' title='bbox 939 4082 1143 4155; x_wconf 85' lang='lat' dir='ltr'><strong><em>tentationis,</em></strong></span> <span class='ocrx_word' id='word_1_468' title='bbox 1158 4083 1192 4144; x_wconf 90' lang='lat' dir='ltr'><strong><em>et</em></strong></span> <span class='ocrx_word' id='word_1_469' title='bbox 1210 4083 1353 4160; x_wconf 81' lang='lat' dir='ltr'><strong><em>protegit</em></strong></span> <span class='ocrx_word' id='word_1_470' title='bbox 1373 4081 1565 4145; x_wconf 87' lang='lat' dir='ltr'><strong><em>laborantes</em></strong></span> <span class='ocrx_word' id='word_1_471' title='bbox 1579 4100 1598 4145; x_wconf 90' lang='lat' dir='ltr'><strong><em>a</em></strong></span> <span class='ocrx_word' id='word_1_472' title='bbox 1622 4083 1735 4162; x_wconf 88' lang='lat' dir='ltr'><strong><em>pluvia</em></strong></span> 
     </span>
     <span class='ocr_line' id='line_1_39' title="bbox 87 4180 1739 4262; baseline -0.001 -15"><span class='ocrx_word' id='word_1_473' title='bbox 87 4203 182 4247; x_wconf 91' lang='lat' dir='ltr'><strong><em>mum</em></strong></span> <span class='ocrx_word' id='word_1_474' title='bbox 194 4188 243 4248; x_wconf 90' lang='lat' dir='ltr'><strong><em>est</em></strong></span> <span class='ocrx_word' id='word_1_475' title='bbox 262 4187 393 4262; x_wconf 67' lang='lat' dir='ltr'><strong><em>sianum</em></strong></span> <span class='ocrx_word' id='word_1_476' title='bbox 418 4185 567 4255; x_wconf 89' lang='lat' dir='ltr'><strong><em>secundi,</em></strong></span> <span class='ocrx_word' id='word_1_477' title='bbox 579 4186 764 4248; x_wconf 86' lang='lat' dir='ltr'><strong><em>seeundum</em></strong></span> <span class='ocrx_word' id='word_1_478' title='bbox 783 4201 885 4247; x_wconf 88' lang='lat' dir='ltr'><strong><em>cans-a</em></strong></span> <span class='ocrx_word' id='word_1_479' title='bbox 941 4180 1570 4259; x_wconf 85' lang='lat' dir='ltr'><strong><em>persecutionIs.Dequibusaitlsaias:</em></strong></span> <span class='ocrx_word' id='word_1_480' title='bbox 1584 4184 1739 4246; x_wconf 79' lang='lat' dir='ltr'><strong><em>EritDo·</em></strong></span> 
     </span>
     <span class='ocr_line' id='line_1_40' title="bbox 85 4281 1736 4358; baseline -0.002 -12"><span class='ocrx_word' id='word_1_481' title='bbox 85 4284 197 4358; x_wconf 90' lang='lat' dir='ltr'><strong><em>tertii,</em></strong></span> <span class='ocrx_word' id='word_1_482' title='bbox 227 4285 363 4346; x_wconf 85' lang='lat' dir='ltr'><strong><em>tertium</em></strong></span> <span class='ocrx_word' id='word_1_483' title='bbox 391 4284 498 4345; x_wconf 86' lang='lat' dir='ltr'><strong><em>vlrtus</em></strong></span> <span class='ocrx_word' id='word_1_484' title='bbox 532 4283 670 4345; x_wconf 86' lang='lat' dir='ltr'><strong><em>secundi</em></strong></span> <span class='ocrx_word' id='word_1_485' title='bbox 703 4285 741 4346; x_wconf 90' lang='grc' dir='ltr'><strong><em>θῖ</em></strong></span> <span class='ocrx_word' id='word_1_486' title='bbox 762 4284 889 4346; x_wconf 71' lang='grc' dir='ltr'>εθεῖῖθε</span> <span class='ocrx_word' id='word_1_487' title='bbox 940 4283 1057 4341; x_wconf 87' lang='lat' dir='ltr'><strong><em>minus</em></strong></span> <span class='ocrx_word' id='word_1_488' title='bbox 1074 4282 1112 4340; x_wconf 91' lang='lat' dir='ltr'><strong><em>tn</em></strong></span> <span class='ocrx_word' id='word_1_489' title='bbox 1130 4281 1369 4342; x_wconf 69' lang='lat' dir='ltr'><strong><em>amaracinum</em></strong></span> <span class='ocrx_word' id='word_1_490' title='bbox 1386 4283 1455 4341; x_wconf 86' lang='lat' dir='ltr'><strong><em>diet</em></strong></span> <span class='ocrx_word' id='word_1_491' title='bbox 1477 4282 1518 4341; x_wconf 85' lang='lat' dir='ltr'><strong><em>ab</em></strong></span> <span class='ocrx_word' id='word_1_492' title='bbox 1534 4281 1633 4353; x_wconf 82' lang='lat' dir='ltr'><strong><em>metu,</em></strong></span> <span class='ocrx_word' id='word_1_493' title='bbox 1645 4281 1680 4342; x_wconf 94' lang='lat' dir='ltr'><strong><em>et</em></strong></span> <span class='ocrx_word' id='word_1_494' title='bbox 1698 4284 1736 4343; x_wconf 92' lang='lat' dir='ltr'><strong><em>tn</em></strong></span> 
     </span>
     <span class='ocr_line' id='line_1_41' title="bbox 87 4377 1737 4459; baseline -0.001 -17"><span class='ocrx_word' id='word_1_495' title='bbox 87 4381 199 4458; x_wconf 91' lang='lat' dir='ltr'><strong><em>primi.</em></strong></span> <span class='ocrx_word' id='word_1_496' title='bbox 224 4381 302 4444; x_wconf 90' lang='lat' dir='ltr'><strong><em>ldeo</em></strong></span> <span class='ocrx_word' id='word_1_497' title='bbox 315 4381 440 4444; x_wconf 76' lang='lat' dir='ltr'><strong><em>ueritas</em></strong></span> <span class='ocrx_word' id='word_1_498' title='bbox 460 4381 569 4459; x_wconf 88' lang='lat' dir='ltr'><strong><em>primi,</em></strong></span> <span class='ocrx_word' id='word_1_499' title='bbox 582 4381 659 4458; x_wconf 90' lang='lat' dir='ltr'><strong><em>quia</em></strong></span> <span class='ocrx_word' id='word_1_500' title='bbox 681 4381 822 4458; x_wconf 88' lang='lat' dir='ltr'><strong><em>primum</em></strong></span> <span class='ocrx_word' id='word_1_501' title='bbox 838 4381 887 4443; x_wconf 89' lang='grc' dir='ltr'>θεῖ</span> <span class='ocrx_word' id='word_1_502' title='bbox 941 4377 1164 4439; x_wconf 83' lang='lat' dir='ltr'><strong><em>securitatem</em></strong></span> <span class='ocrx_word' id='word_1_503' title='bbox 1182 4377 1217 4438; x_wconf 86' lang='lat' dir='ltr'><strong><em>et</em></strong></span> <span class='ocrx_word' id='word_1_504' title='bbox 1235 4379 1491 4439; x_wconf 86' lang='lat' dir='ltr'><strong><em>absconsionem</em></strong></span> <span class='ocrx_word' id='word_1_505' title='bbox 1507 4378 1683 4439; x_wconf 81' lang='lat' dir='ltr'><strong><em>atumine</em></strong></span> <span class='ocrx_word' id='word_1_506' title='bbox 1703 4379 1737 4440; x_wconf 92' lang='lat' dir='ltr'><strong><em>et</em></strong></span> 
     </span>
     <span class='ocr_line' id='line_1_42' title="bbox 88 4471 1736 4556; baseline -0.001 -17"><span class='ocrx_word' id='word_1_507' title='bbox 88 4479 232 4554; x_wconf 82' lang='lat' dir='ltr'><strong><em>signum.</em></strong></span> <span class='ocrx_word' id='word_1_508' title='bbox 249 4478 347 4541; x_wconf 79' lang='lat' dir='ltr'><strong><em>Aliud</em></strong></span> <span class='ocrx_word' id='word_1_509' title='bbox 362 4480 413 4541; x_wconf 87' lang='lat' dir='ltr'><strong><em>est</em></strong></span> <span class='ocrx_word' id='word_1_510' title='bbox 433 4494 513 4555; x_wconf 80' lang='lat' dir='ltr'><strong><em>ergo</em></strong></span> <span class='ocrx_word' id='word_1_511' title='bbox 527 4479 666 4555; x_wconf 87' lang='lat' dir='ltr'><strong><em>species,</em></strong></span> <span class='ocrx_word' id='word_1_512' title='bbox 681 4493 755 4556; x_wconf 87' lang='lat' dir='ltr'><strong><em>qnae</em></strong></span> <span class='ocrx_word' id='word_1_513' title='bbox 770 4477 888 4539; x_wconf 82' lang='lat' dir='ltr'><strong><em>visibi—</em></strong></span> <span class='ocrx_word' id='word_1_514' title='bbox 940 4477 1059 4549; x_wconf 86' lang='lat' dir='ltr'><strong><em>pinam</em></strong></span> <span class='ocrx_word' id='word_1_515' title='bbox 1074 4471 1131 4552; x_wconf 85' lang='lat' dir='ltr'><strong><em>(Is.</em></strong></span> <span class='ocrx_word' id='word_1_516' title='bbox 1147 4487 1191 4545; x_wconf 82' lang='lat' dir='ltr'><strong><em>ru,</em></strong></span> <span class='ocrx_word' id='word_1_517' title='bbox 1199 4471 1243 4552; x_wconf 88' lang='lat'><strong><em>6).</em></strong></span> <span class='ocrx_word' id='word_1_518' title='bbox 1259 4474 1298 4535; x_wconf 88' lang='lat' dir='ltr'><strong><em>Et</em></strong></span> <span class='ocrx_word' id='word_1_519' title='bbox 1312 4474 1384 4551; x_wconf 88' lang='lat' dir='ltr'><strong><em>ipse</em></strong></span> <span class='ocrx_word' id='word_1_520' title='bbox 1396 4475 1494 4536; x_wconf 90' lang='lat' dir='ltr'><strong><em>bomo</em></strong></span> <span class='ocrx_word' id='word_1_521' title='bbox 1507 4477 1557 4536; x_wconf 90' lang='grc' dir='ltr'><strong><em>θεῖ</em></strong></span> <span class='ocrx_word' id='word_1_522' title='bbox 1566 4475 1599 4535; x_wconf 92' lang='lat' dir='ltr'><strong><em>in</em></strong></span> <span class='ocrx_word' id='word_1_523' title='bbox 1613 4475 1736 4537; x_wconf 89' lang='lat' dir='ltr'><strong><em>saeculo</em></strong></span> 
     </span>
     <span class='ocr_line' id='line_1_43' title="bbox 89 4564 1735 4652; baseline -0.001 -16"><span class='ocrx_word' id='word_1_524' title='bbox 89 4575 170 4637; x_wconf 91' lang='lat' dir='ltr'><strong><em>liter</em></strong></span> <span class='ocrx_word' id='word_1_525' title='bbox 183 4577 340 4649; x_wconf 88' lang='lat' dir='ltr'><strong><em>cernitur,</em></strong></span> <span class='ocrx_word' id='word_1_526' title='bbox 358 4577 448 4638; x_wconf 89' lang='lat' dir='ltr'><strong><em>aliud</em></strong></span> <span class='ocrx_word' id='word_1_527' title='bbox 463 4577 586 4639; x_wconf 82' lang='lat' dir='ltr'><strong><em>ueritas</em></strong></span> <span class='ocrx_word' id='word_1_528' title='bbox 598 4575 747 4652; x_wconf 86' lang='lat' dir='ltr'><strong><em>corporis</em></strong></span> <span class='ocrx_word' id='word_1_529' title='bbox 762 4576 794 4637; x_wconf 89' lang='lat' dir='ltr'><strong><em>et</em></strong></span> <span class='ocrx_word' id='word_1_530' title='bbox 809 4591 889 4636; x_wconf 90' lang='lat' dir='ltr'><strong><em>san·</em></strong></span> <span class='ocrx_word' id='word_1_531' title='bbox 942 4571 1044 4632; x_wconf 87' lang='lat' dir='ltr'><strong><em>natus¹</em></strong></span> <span class='ocrx_word' id='word_1_532' title='bbox 1055 4573 1088 4632; x_wconf 89' lang='lat' dir='ltr'><strong><em>et</em></strong></span> <span class='ocrx_word' id='word_1_533' title='bbox 1111 4586 1179 4648; x_wconf 87' lang='lat' dir='ltr'><strong><em>prae</em></strong></span> <span class='ocrx_word' id='word_1_534' title='bbox 1202 4564 1332 4633; x_wconf 87' lang='lat' dir='ltr'><strong><em>caeteris</em></strong></span> <span class='ocrx_word' id='word_1_535' title='bbox 1347 4571 1525 4633; x_wconf 85' lang='lat' dir='ltr'><strong><em>virtutibus</em></strong></span> <span class='ocrx_word' id='word_1_536' title='bbox 1549 4571 1735 4635; x_wconf 87' lang='lat' dir='ltr'><strong><em>decoratus.</em></strong></span> 
     </span>
     <span class='ocr_line' id='line_1_44' title="bbox 89 4663 1738 4753; baseline -0.001 -19"><span class='ocrx_word' id='word_1_537' title='bbox 89 4675 212 4750; x_wconf 79' lang='lat' dir='ltr'><strong><em>guinis,</em></strong></span> <span class='ocrx_word' id='word_1_538' title='bbox 229 4675 287 4753; x_wconf 90' lang='lat' dir='ltr'><strong><em>qui</em></strong></span> <span class='ocrx_word' id='word_1_539' title='bbox 301 4674 514 4736; x_wconf 71' lang='lat' dir='ltr'><strong><em>invisibiliter</em></strong></span> <span class='ocrx_word' id='word_1_540' title='bbox 530 4673 686 4745; x_wconf 88' lang='lat' dir='ltr'><strong><em>creditur,</em></strong></span> <span class='ocrx_word' id='word_1_541' title='bbox 704 4672 793 4734; x_wconf 88' lang='lat' dir='ltr'><strong><em>aliud</em></strong></span> <span class='ocrx_word' id='word_1_542' title='bbox 814 4673 889 4749; x_wconf 84' lang='lat' dir='ltr'><strong><em>spi·</em></strong></span> <span class='ocrx_word' id='word_1_543' title='bbox 944 4663 1038 4731; x_wconf 83' lang='lat' dir='ltr'><strong><em>Unde</em></strong></span> <span class='ocrx_word' id='word_1_544' title='bbox 1047 4668 1128 4730; x_wconf 89' lang='lat' dir='ltr'><strong><em>dicit</em></strong></span> <span class='ocrx_word' id='word_1_545' title='bbox 1137 4668 1240 4730; x_wconf 83' lang='lat' dir='ltr'><strong><em>Dauid</em></strong></span> <span class='ocrx_word' id='word_1_546' title='bbox 1254 4691 1261 4728; x_wconf 93' lang='lat'><strong>:</strong></span> <span class='ocrx_word' id='word_1_547' title='bbox 1277 4670 1324 4730; x_wconf 79' lang='lat' dir='ltr'><strong><em>lit</em></strong></span> <span class='ocrx_word' id='word_1_548' title='bbox 1335 4671 1404 4730; x_wconf 83' lang='lat' dir='ltr'><strong><em>erit</em></strong></span> <span class='ocrx_word' id='word_1_549' title='bbox 1416 4671 1593 4744; x_wconf 82' lang='lat' dir='ltr'><strong><em>tamquam</em></strong></span> <span class='ocrx_word' id='word_1_550' title='bbox 1606 4673 1738 4746; x_wconf 79' lang='lat' dir='ltr'><strong><em>tipimm</em></strong></span> 
     </span>
     <span class='ocr_line' id='line_1_45' title="bbox 90 4759 1738 4850; baseline 0 -19"><span class='ocrx_word' id='word_1_551' title='bbox 90 4771 222 4835; x_wconf 87' lang='lat' dir='ltr'><strong><em>ritualis</em></strong></span> <span class='ocrx_word' id='word_1_552' title='bbox 235 4772 343 4849; x_wconf 82' lang='lat' dir='ltr'><strong><em>gratia</em></strong></span> <span class='ocrx_word' id='word_1_553' title='bbox 353 4787 426 4850; x_wconf 87' lang='lat' dir='ltr'><strong><em>quae</em></strong></span> <span class='ocrx_word' id='word_1_554' title='bbox 437 4787 514 4832; x_wconf 90' lang='lat' dir='ltr'><strong><em>cum</em></strong></span> <span class='ocrx_word' id='word_1_555' title='bbox 527 4786 666 4848; x_wconf 89' lang='lat' dir='ltr'><strong><em>corpore</em></strong></span> <span class='ocrx_word' id='word_1_556' title='bbox 677 4772 711 4831; x_wconf 90' lang='grc' dir='ltr'><strong><em>θῖ</em></strong></span> <span class='ocrx_word' id='word_1_557' title='bbox 725 4770 889 4847; x_wconf 78' lang='lat' dir='ltr'><strong><em>sanguine</em></strong></span> <span class='ocrx_word' id='word_1_558' title='bbox 943 4771 1031 4842; x_wconf 86' lang='lat' dir='ltr'><strong><em>quod</em></strong></span> <span class='ocrx_word' id='word_1_559' title='bbox 1046 4760 1243 4843; x_wconf 80' lang='lat' dir='ltr'><strong><em>plantatum</em></strong></span> <span class='ocrx_word' id='word_1_560' title='bbox 1264 4767 1317 4829; x_wconf 89' lang='lat' dir='ltr'><strong><em>est</em></strong></span> <span class='ocrx_word' id='word_1_561' title='bbox 1331 4782 1430 4829; x_wconf 89' lang='lat' dir='ltr'><strong><em>secus</em></strong></span> <span class='ocrx_word' id='word_1_562' title='bbox 1443 4771 1608 4830; x_wconf 84' lang='lat' dir='ltr'><strong><em>decursus</em></strong></span> <span class='ocrx_word' id='word_1_563' title='bbox 1628 4759 1738 4843; x_wconf 79' lang='lat' dir='ltr'><strong><em>aqim-</em></strong></span> 
     </span>
     <span class='ocr_line' id='line_1_46' title="bbox 90 4862 1198 4946; baseline -0.004 -17"><span class='ocrx_word' id='word_1_564' title='bbox 90 4869 306 4932; x_wconf 83' lang='lat' dir='ltr'><strong><em>invisibiliter</em></strong></span> <span class='ocrx_word' id='word_1_565' title='bbox 319 4871 352 4932; x_wconf 86' lang='lat' dir='ltr'><strong><em>et</em></strong></span> <span class='ocrx_word' id='word_1_566' title='bbox 366 4869 587 4946; x_wconf 86' lang='lat' dir='ltr'><strong><em>spiritualiter</em></strong></span> <span class='ocrx_word' id='word_1_567' title='bbox 600 4869 793 4946; x_wconf 83' lang='lat' dir='ltr'><strong><em>percipitur.</em></strong></span> <span class='ocrx_word' id='word_1_568' title='bbox 944 4881 1025 4927; x_wconf 85' lang='lat' dir='ltr'><strong><em>rum</em></strong></span> <span class='ocrx_word' id='word_1_569' title='bbox 1036 4865 1104 4944; x_wconf 91' lang='grc' dir='ltr'>(Ρε.</span> <span class='ocrx_word' id='word_1_570' title='bbox 1116 4881 1139 4938; x_wconf 89' lang='lat'><strong><em>1,</em></strong></span> <span class='ocrx_word' id='word_1_571' title='bbox 1153 4862 1198 4945; x_wconf 89' lang='lat'><strong><em>3).</em></strong></span> 
     </span>
    </p>

    <p class='ocr_par' dir='ltr' id='par_1_5' title="bbox 91 4963 1745 5435">
     <span class='ocr_line' id='line_1_47' title="bbox 135 4963 1739 5043; baseline -0.001 -15"><span class='ocrx_word' id='word_1_572' title='bbox 135 4968 238 5029; x_wconf 77' lang='lat' dir='ltr'>Arbor</span> <span class='ocrx_word' id='word_1_573' title='bbox 251 4967 400 5029; x_wconf 86' lang='lat' dir='ltr'><strong><em>scientiae</em></strong></span> <span class='ocrx_word' id='word_1_574' title='bbox 415 4966 534 5028; x_wconf 89' lang='lat' dir='ltr'><strong><em>boniet</em></strong></span> <span class='ocrx_word' id='word_1_575' title='bbox 544 4966 624 5027; x_wconf 90' lang='lat' dir='ltr'><strong><em>mali</em></strong></span> <span class='ocrx_word' id='word_1_576' title='bbox 634 4965 684 5027; x_wconf 87' lang='grc' dir='ltr'><strong><em>θεῖ</em></strong></span> <span class='ocrx_word' id='word_1_577' title='bbox 694 4981 889 5042; x_wconf 80' lang='lat' dir='ltr'><strong><em>progressus</em></strong></span> <span class='ocrx_word' id='word_1_578' title='bbox 983 4965 1063 5024; x_wconf 81' lang='lat' dir='ltr'><strong><em>Tres</em></strong></span> <span class='ocrx_word' id='word_1_579' title='bbox 1079 4965 1156 5026; x_wconf 87' lang='lat' dir='ltr'><strong><em>sunt</em></strong></span> <span class='ocrx_word' id='word_1_580' title='bbox 1180 4963 1337 5025; x_wconf 88' lang='lat' dir='ltr'><strong><em>decursus</em></strong></span> <span class='ocrx_word' id='word_1_581' title='bbox 1352 4978 1525 5042; x_wconf 89' lang='lat' dir='ltr'><strong><em>aquarum,</em></strong></span> <span class='ocrx_word' id='word_1_582' title='bbox 1543 4979 1638 5026; x_wconf 88' lang='lat' dir='ltr'><strong><em>secus</em></strong></span> <span class='ocrx_word' id='word_1_583' title='bbox 1657 4981 1739 5043; x_wconf 87' lang='lat' dir='ltr'><strong><em>quos</em></strong></span> 
     </span>
     <span class='ocr_line' id='line_1_48' title="bbox 91 5060 1741 5144; baseline 0 -20"><span class='ocrx_word' id='word_1_584' title='bbox 91 5065 129 5125; x_wconf 89' lang='lat' dir='ltr'><strong><em>et</em></strong></span> <span class='ocrx_word' id='word_1_585' title='bbox 144 5079 285 5144; x_wconf 82' lang='lat' dir='ltr'><strong><em>propago</em></strong></span> <span class='ocrx_word' id='word_1_586' title='bbox 296 5065 435 5143; x_wconf 85' lang='lat' dir='ltr'><strong><em>peccati,</em></strong></span> <span class='ocrx_word' id='word_1_587' title='bbox 448 5067 543 5142; x_wconf 78' lang='lat' dir='ltr'><strong><em>cujus</em></strong></span> <span class='ocrx_word' id='word_1_588' title='bbox 554 5063 651 5125; x_wconf 85' lang='lat' dir='ltr'><strong><em>radix</em></strong></span> <span class='ocrx_word' id='word_1_589' title='bbox 661 5064 711 5126; x_wconf 86' lang='grc' dir='ltr'><strong><em>θεῖ</em></strong></span> <span class='ocrx_word' id='word_1_590' title='bbox 723 5063 759 5124; x_wconf 92' lang='lat' dir='ltr'><strong><em>in</em></strong></span> <span class='ocrx_word' id='word_1_591' title='bbox 774 5064 889 5141; x_wconf 89' lang='lat' dir='ltr'><strong><em>primis</em></strong></span> <span class='ocrx_word' id='word_1_592' title='bbox 944 5060 1071 5138; x_wconf 80' lang='lat' dir='ltr'><strong><em>lignum</em></strong></span> <span class='ocrx_word' id='word_1_593' title='bbox 1086 5062 1270 5138; x_wconf 84' lang='lat' dir='ltr'><strong><em>plantatum</em></strong></span> <span class='ocrx_word' id='word_1_594' title='bbox 1284 5061 1375 5123; x_wconf 89' lang='lat' dir='ltr'><strong><em>dabit</em></strong></span> <span class='ocrx_word' id='word_1_595' title='bbox 1398 5061 1437 5122; x_wconf 89' lang='lat' dir='ltr'><strong><em>in</em></strong></span> <span class='ocrx_word' id='word_1_596' title='bbox 1452 5063 1601 5139; x_wconf 87' lang='lat' dir='ltr'><strong><em>tempore</em></strong></span> <span class='ocrx_word' id='word_1_597' title='bbox 1616 5079 1677 5124; x_wconf 90' lang='lat' dir='ltr'><strong><em>suo</em></strong></span> <span class='ocrx_word' id='word_1_598' title='bbox 1687 5064 1741 5125; x_wconf 83' lang='lat' dir='ltr'><strong><em>ui-</em></strong></span> 
     </span>
     <span class='ocr_line' id='line_1_49' title="bbox 91 5158 1741 5241; baseline 0.001 -20"><span class='ocrx_word' id='word_1_599' title='bbox 91 5161 245 5236; x_wconf 89' lang='lat' dir='ltr'><strong><em>motibus‚</em></strong></span> <span class='ocrx_word' id='word_1_600' title='bbox 256 5163 354 5241; x_wconf 80' lang='lat' dir='ltr'><strong><em>jnxta</em></strong></span> <span class='ocrx_word' id='word_1_601' title='bbox 374 5161 455 5223; x_wconf 91' lang='lat' dir='ltr'><strong><em>illud</em></strong></span> <span class='ocrx_word' id='word_1_602' title='bbox 469 5184 476 5222; x_wconf 75' lang='grc' dir='ltr'><strong><em>ι</em></strong></span> <span class='ocrx_word' id='word_1_603' title='bbox 490 5165 570 5224; x_wconf 80' lang='lat' dir='ltr'><strong><em>tam</em></strong></span> <span class='ocrx_word' id='word_1_604' title='bbox 584 5165 717 5223; x_wconf 81' lang='lat' dir='ltr'><strong><em>securis</em></strong></span> <span class='ocrx_word' id='word_1_605' title='bbox 731 5164 775 5223; x_wconf 83' lang='lat' dir='ltr'><strong><em>aa</em></strong></span> <span class='ocrx_word' id='word_1_606' title='bbox 793 5165 891 5223; x_wconf 81' lang='lat' dir='ltr'><strong><em>radi-</em></strong></span> <span class='ocrx_word' id='word_1_607' title='bbox 944 5161 988 5221; x_wconf 83' lang='lat' dir='ltr'><strong><em>tae</em></strong></span> <span class='ocrx_word' id='word_1_608' title='bbox 998 5158 1141 5220; x_wconf 84' lang='lat' dir='ltr'><strong><em>fructum</em></strong></span> <span class='ocrx_word' id='word_1_609' title='bbox 1154 5181 1161 5220; x_wconf 91' lang='lat'><strong>:</strong></span> <span class='ocrx_word' id='word_1_610' title='bbox 1175 5160 1390 5222; x_wconf 84' lang='lat' dir='ltr'><strong><em>lucitamenta</em></strong></span> <span class='ocrx_word' id='word_1_611' title='bbox 1403 5160 1659 5237; x_wconf 84' lang='lat' dir='ltr'><strong><em>seripturarum,</em></strong></span> <span class='ocrx_word' id='word_1_612' title='bbox 1668 5177 1741 5238; x_wconf 81' lang='lat' dir='ltr'><strong><em>qum</em></strong></span> 
     </span>
     <span class='ocr_line' id='line_1_50' title="bbox 92 5245 1743 5340; baseline 0.001 -20"><span class='ocrx_word' id='word_1_613' title='bbox 92 5273 172 5320; x_wconf 86' lang='lat' dir='ltr'><strong><em>cem</em></strong></span> <span class='ocrx_word' id='word_1_614' title='bbox 189 5264 324 5324; x_wconf 78' lang='lat' dir='ltr'><strong><em>arboris</em></strong></span> <span class='ocrx_word' id='word_1_615' title='bbox 340 5263 456 5337; x_wconf 89' lang='lat' dir='ltr'><strong><em>posita</em></strong></span> <span class='ocrx_word' id='word_1_616' title='bbox 475 5261 527 5322; x_wconf 91' lang='lat' dir='ltr'><strong><em>est</em></strong></span> <span class='ocrx_word' id='word_1_617' title='bbox 543 5257 672 5340; x_wconf 87' lang='lat' dir='ltr'><strong><em>(Mattb.</em></strong></span> <span class='ocrx_word' id='word_1_618' title='bbox 693 5275 744 5331; x_wconf 82' lang='lat'><strong><em>111,</em></strong></span> <span class='ocrx_word' id='word_1_619' title='bbox 765 5257 838 5340; x_wconf 87' lang='lat' dir='ltr'><strong><em>lo);</em></strong></span> <span class='ocrx_word' id='word_1_620' title='bbox 855 5259 891 5321; x_wconf 87' lang='lat' dir='ltr'><strong><em>ut</em></strong></span> <span class='ocrx_word' id='word_1_621' title='bbox 946 5271 1006 5334; x_wconf 91' lang='lat' dir='ltr'><strong><em>per</em></strong></span> <span class='ocrx_word' id='word_1_622' title='bbox 1024 5257 1132 5318; x_wconf 90' lang='lat' dir='ltr'><strong><em>minas</em></strong></span> <span class='ocrx_word' id='word_1_623' title='bbox 1154 5259 1187 5319; x_wconf 89' lang='grc' dir='ltr'><strong><em>θῖ</em></strong></span> <span class='ocrx_word' id='word_1_624' title='bbox 1203 5259 1367 5334; x_wconf 89' lang='lat' dir='ltr'><strong><em>promissa</em></strong></span> <span class='ocrx_word' id='word_1_625' title='bbox 1385 5245 1558 5320; x_wconf 86' lang='lat' dir='ltr'><strong><em>honestam</em></strong></span> <span class='ocrx_word' id='word_1_626' title='bbox 1580 5260 1743 5322; x_wconf 86' lang='lat' dir='ltr'><strong><em>suscitant</em></strong></span> 
     </span>
     <span class='ocr_line' id='line_1_51' title="bbox 95 5355 1745 5435; baseline 0.002 -19"><span class='ocrx_word' id='word_1_627' title='bbox 95 5358 282 5420; x_wconf 91' lang='lat' dir='ltr'><strong><em>nonsolum</em></strong></span> <span class='ocrx_word' id='word_1_628' title='bbox 306 5357 496 5435; x_wconf 88' lang='lat' dir='ltr'><strong><em>amputetur</em></strong></span> <span class='ocrx_word' id='word_1_629' title='bbox 513 5357 661 5435; x_wconf 87' lang='lat' dir='ltr'><strong><em>operatio</em></strong></span> <span class='ocrx_word' id='word_1_630' title='bbox 679 5357 816 5434; x_wconf 88' lang='lat' dir='ltr'><strong><em>peccati,</em></strong></span> <span class='ocrx_word' id='word_1_631' title='bbox 834 5357 889 5418; x_wconf 88' lang='lat' dir='ltr'><strong><em>sed</em></strong></span> <span class='ocrx_word' id='word_1_632' title='bbox 946 5355 980 5416; x_wconf 93' lang='lat' dir='ltr'><strong><em>in</em></strong></span> <span class='ocrx_word' id='word_1_633' title='bbox 1002 5355 1135 5418; x_wconf 90' lang='lat' dir='ltr'><strong><em>bomine</em></strong></span> <span class='ocrx_word' id='word_1_634' title='bbox 1159 5355 1374 5418; x_wconf 79' lang='lat' dir='ltr'><strong><em>voluntatem.</em></strong></span> <span class='ocrx_word' id='word_1_635' title='bbox 1387 5357 1595 5418; x_wconf 85' lang='lat' dir='ltr'><strong><em>Gbarismata</em></strong></span> <span class='ocrx_word' id='word_1_636' title='bbox 1615 5357 1745 5434; x_wconf 81' lang='lat' dir='ltr'><strong><em>gratia-</em></strong></span> 
     </span>
    </p>
   </div>
   <div class='ocr_carea' id='block_1_3' title="bbox 94 5453 1844 5532">
    <p class='ocr_par' dir='ltr' id='par_1_6' title="bbox 94 5453 1844 5532">
     <span class='ocr_line' id='line_1_52' title="bbox 94 5453 1844 5532; baseline 0.001 -18"><span class='ocrx_word' id='word_1_637' title='bbox 94 5453 199 5516; x_wconf 87' lang='lat' dir='ltr'><strong><em>etiam</em></strong></span> <span class='ocrx_word' id='word_1_638' title='bbox 212 5455 348 5532; x_wconf 89' lang='lat' dir='ltr'><strong><em>quilibet</em></strong></span> <span class='ocrx_word' id='word_1_639' title='bbox 367 5457 477 5517; x_wconf 85' lang='lat' dir='ltr'><strong><em>motus</em></strong></span> <span class='ocrx_word' id='word_1_640' title='bbox 489 5455 598 5516; x_wconf 89' lang='lat' dir='ltr'><strong><em>illiciti</em></strong></span> <span class='ocrx_word' id='word_1_641' title='bbox 612 5453 782 5526; x_wconf 85' lang='lat' dir='ltr'><strong><em>desiderii,</em></strong></span> <span class='ocrx_word' id='word_1_642' title='bbox 794 5456 891 5532; x_wconf 81' lang='lat' dir='ltr'><strong><em>juxta</em></strong></span> <span class='ocrx_word' id='word_1_643' title='bbox 945 5468 1019 5513; x_wconf 92' lang='lat' dir='ltr'><strong><em>rum</em></strong></span> <span class='ocrx_word' id='word_1_644' title='bbox 1035 5467 1107 5530; x_wconf 85' lang='lat' dir='ltr'><strong><em>quae</em></strong></span> <span class='ocrx_word' id='word_1_645' title='bbox 1122 5453 1289 5515; x_wconf 83' lang='lat' dir='ltr'><strong><em>bominem</em></strong></span> <span class='ocrx_word' id='word_1_646' title='bbox 1305 5453 1487 5530; x_wconf 80' lang='lat' dir='ltr'><strong><em>spIritalem</em></strong></span> <span class='ocrx_word' id='word_1_647' title='bbox 1501 5455 1679 5516; x_wconf 90' lang='lat' dir='ltr'><strong><em>animalem</em></strong></span> <span class='ocrx_word' id='word_1_648' title='bbox 1693 5456 1745 5518; x_wconf 86' lang='lat' dir='ltr'><strong><em>el·</em></strong></span> <span class='ocrx_word' id='word_1_649' title='bbox 1839 5473 1844 5479; x_wconf 92' lang='lat'>·</span> 
     </span>
    </p>
   </div>
   <div class='ocr_carea' id='block_1_4' title="bbox 96 5549 1745 5628">
    <p class='ocr_par' dir='ltr' id='par_1_7' title="bbox 96 5549 1745 5628">
     <span class='ocr_line' id='line_1_53' title="bbox 96 5549 1745 5628; baseline 0.003 -18"><span class='ocrx_word' id='word_1_650' title='bbox 96 5549 183 5610; x_wconf 91' lang='lat' dir='ltr'><strong><em>illud</em></strong></span> <span class='ocrx_word' id='word_1_651' title='bbox 197 5573 204 5611; x_wconf 91' lang='lat'>:</span> <span class='ocrx_word' id='word_1_652' title='bbox 216 5555 291 5616; x_wconf 84' lang='lat' dir='ltr'><strong><em>Non</em></strong></span> <span class='ocrx_word' id='word_1_653' title='bbox 303 5553 426 5628; x_wconf 78' lang='lat' dir='ltr'><strong><em>repnat</em></strong></span> <span class='ocrx_word' id='word_1_654' title='bbox 436 5552 661 5627; x_wconf 85' lang='lat' dir='ltr'><strong><em>peccotumin</em></strong></span> <span class='ocrx_word' id='word_1_655' title='bbox 671 5553 789 5613; x_wconf 83' lang='lat' dir='ltr'><strong><em>oestro</em></strong></span> <span class='ocrx_word' id='word_1_656' title='bbox 802 5567 894 5612; x_wconf 83' lang='lat' dir='ltr'><strong><em>mor·</em></strong></span> <span class='ocrx_word' id='word_1_657' title='bbox 946 5550 1071 5612; x_wconf 87' lang='lat' dir='ltr'><strong><em>fectum</em></strong></span> <span class='ocrx_word' id='word_1_658' title='bbox 1082 5551 1124 5611; x_wconf 90' lang='lat' dir='ltr'><strong><em>ad</em></strong></span> <span class='ocrx_word' id='word_1_659' title='bbox 1139 5550 1195 5611; x_wconf 85' lang='lat' dir='ltr'><strong><em>sui</em></strong></span> <span class='ocrx_word' id='word_1_660' title='bbox 1204 5550 1427 5628; x_wconf 87' lang='lat' dir='ltr'><strong><em>provisionem</em></strong></span> <span class='ocrx_word' id='word_1_661' title='bbox 1452 5552 1484 5613; x_wconf 88' lang='lat' dir='ltr'><strong><em>et</em></strong></span> <span class='ocrx_word' id='word_1_662' title='bbox 1507 5568 1620 5613; x_wconf 88' lang='lat' dir='ltr'><strong><em>curam</em></strong></span> <span class='ocrx_word' id='word_1_663' title='bbox 1637 5553 1745 5615; x_wconf 84' lang='lat' dir='ltr'><strong><em>infor-</em></strong></span> 
     </span>
    </p>
   </div>
   <div class='ocr_carea' id='block_1_5' title="bbox 97 5638 1744 5850">
    <p class='ocr_par' dir='ltr' id='par_1_8' title="bbox 97 5638 1744 5850">
     <span class='ocr_line' id='line_1_54' title="bbox 98 5638 1743 5726; baseline 0.001 -16"><span class='ocrx_word' id='word_1_664' title='bbox 98 5651 167 5710; x_wconf 84' lang='lat' dir='ltr'><strong><em>tnti</em></strong></span> <span class='ocrx_word' id='word_1_665' title='bbox 185 5664 337 5726; x_wconf 83' lang='lat' dir='ltr'><strong><em>corpore,</em></strong></span> <span class='ocrx_word' id='word_1_666' title='bbox 357 5650 397 5711; x_wconf 88' lang='lat' dir='ltr'><strong><em>ut</em></strong></span> <span class='ocrx_word' id='word_1_667' title='bbox 418 5638 582 5712; x_wconf 83' lang='lat' dir='ltr'><strong><em>obediatis</em></strong></span> <span class='ocrx_word' id='word_1_668' title='bbox 609 5651 892 5724; x_wconf 80' lang='lat' dir='ltr'><strong><em>ooncztpiscentits</em></strong></span> <span class='ocrx_word' id='word_1_669' title='bbox 947 5649 1082 5722; x_wconf 92' lang='lat' dir='ltr'><strong><em>mando,</em></strong></span> <span class='ocrx_word' id='word_1_670' title='bbox 1122 5649 1155 5712; x_wconf 91' lang='grc' dir='ltr'><strong><em>θῖ</em></strong></span> <span class='ocrx_word' id='word_1_671' title='bbox 1193 5663 1324 5710; x_wconf 91' lang='lat' dir='ltr'><strong><em>omnem</em></strong></span> <span class='ocrx_word' id='word_1_672' title='bbox 1364 5649 1539 5711; x_wconf 88' lang='lat' dir='ltr'><strong><em>veritatem</em></strong></span> <span class='ocrx_word' id='word_1_673' title='bbox 1574 5651 1743 5725; x_wconf 87' lang='lat' dir='ltr'><strong><em>docendo,</em></strong></span> 
     </span>
     <span class='ocr_line' id='line_1_55' title="bbox 97 5744 1744 5850; baseline 0.002 -44"><span class='ocrx_word' id='word_1_674' title='bbox 97 5747 180 5818; x_wconf 75' lang='lat' dir='ltr'><strong><em>ejus</em></strong></span> <span class='ocrx_word' id='word_1_675' title='bbox 193 5744 295 5826; x_wconf 87' lang='lat' dir='ltr'>(Rom.</span> <span class='ocrx_word' id='word_1_676' title='bbox 311 5763 358 5821; x_wconf 85' lang='lat' dir='ltr'><strong><em>vi,</em></strong></span> <span class='ocrx_word' id='word_1_677' title='bbox 372 5744 435 5827; x_wconf 82' lang='lat'>12).</span> <span class='ocrx_word' id='word_1_678' title='bbox 452 5749 606 5814; x_wconf 87' lang='lat' dir='ltr'><strong><em>Truncus</em></strong></span> <span class='ocrx_word' id='word_1_679' title='bbox 622 5747 656 5809; x_wconf 92' lang='lat' dir='ltr'><strong><em>in</em></strong></span> <span class='ocrx_word' id='word_1_680' title='bbox 675 5745 893 5810; x_wconf 84' lang='lat' dir='ltr'><strong><em>delectatione</em></strong></span> <span class='ocrx_word' id='word_1_681' title='bbox 947 5747 1139 5811; x_wconf 86' lang='lat' dir='ltr'><strong><em>ministrent</em></strong></span> <span class='ocrx_word' id='word_1_682' title='bbox 1163 5745 1422 5820; x_wconf 77' lang='lat' dir='ltr'><strong><em>foecunditatem,</em></strong></span> <span class='ocrx_word' id='word_1_683' title='bbox 1440 5745 1610 5850; x_wconf 82' lang='lat' dir='ltr'><strong><em>stillicidia</em></strong></span> <span class='ocrx_word' id='word_1_684' title='bbox 1629 5746 1744 5826; x_wconf 82' lang='lat' dir='ltr'><strong><em>laery-</em></strong></span> 
     </span>
    </p>
   </div>
   <div class='ocr_carea' id='block_1_6' title="bbox 0 0 2013 6306">
    <p class='ocr_par' dir='ltr' id='par_1_9' title="bbox 0 0 2013 6306">
     <span class='ocr_line' id='line_1_56' title="bbox 0 0 2013 6306; baseline 0 0"><span class='ocrx_word' id='word_1_685' title='bbox 0 0 2013 6306; x_wconf 95' lang='lat' dir='ltr'><strong><em> </em></strong></span> 
     </span>
    </p>
   </div>
  </div>
 </body>
</html>
