3982 6302
119 302 174 367 ase
605 297 753 364 xxxin.
769 302 870 364 -11
892 302 1020 364 11111
1042 283 1266 385 naamon.
1700 310 1761 372 seo

119 461 273 526 describit
296 461 337 526 de
362 461 456 539 reglu
477 460 565 524 tribu
588 459 742 540 inquiens
763 461 913 524 :chutt
966 460 1092 524 talenta
1111 459 1196 524 bene
1217 461 1431 540 expenderat.
1456 464 1629 530 Talentum
1652 467 1757 545 signi·

118 565 238 637 loseph
249 563 367 622 utrum
375 563 502 624 Murice
509 561 549 623 dc
563 575 631 634 qua
640 560 803 623 natusest
811 563 912 624 Jcsua
966 560 1044 622 duat
1063 559 1185 622 donum
1202 559 1331 638 gratiae,
1347 562 1433 640 quod
1453 561 1602 626 aufertur
1616 580 1636 628 a
1650 567 1761 643 negli-

119 660 173 732 qui
187 652 644 734 oocoiurcirtstusfflatth.
661 669 683 727 1,
705 654 770 734 16).
796 655 911 718 Oleum
965 657 1117 734 gentibus
1138 658 1171 719 et
1190 658 1288 720 datur
1310 659 1394 721 bene
1413 662 1637 738 operantibus.
1665 663 1759 726 Unde

118 753 261 832 apponat
270 755 414 825 Marcus,
424 753 481 830 qui
491 753 531 814 de
541 755 613 830 ejus
625 753 852 816 misericordia
863 755 912 814 in·
965 755 998 817 et
1008 755 1124 816 beatus
1135 757 1253 818 Petrus
1264 756 1411 820 dicebat:
1427 762 1760 836 Uriosqutsquasicut

118 851 187 930 quit
199 853 388 914 :Misereor
396 866 502 925 super
512 852 659 923 turdum,
672 854 837 926 quiajam
851 854 911 914 trt-
964 853 1088 926 accipit
1098 855 1252 930 qratiam
1266 857 1302 916 11
1316 856 1526 918 atterutrum
1539 861 1633 920 titum
1646 863 1760 924 admi-

119 953 181 1012 duo
193 949 353 1024 aspectat
363 965 429 1020 me,
444 963 507 1010 uec
517 949 615 1011 hahet
627 953 715 1024 quod
728 952 911 1012 ocoraducct
965 952 1166 1023 nistrorttes,
1180 953 1269 1014 sicut
1284 955 1361 1014 doni
1378 956 1633 1028 dispensatores
1646 959 1760 1020 multi·

118 1046 232 1126 (11111.
247 1063 323 1120 vm,
336 1045 910 1126 2).111111111111111111111111
963 1050 1088 1122 themis
1098 1050 1225 1125 pratea
1236 1053 1300 1111 Dei
1310 1047 1339 1129 (Ι
1354 1052 1499 1124 Petnrv,
1512 1049 1575 1132 10).
1588 1055 1760 1117 11111111·

117 1149 155 1208 de
169 1150 244 1225 ejus
264 1147 377 1208 anima
394 1145 542 1207 clamans
561 1159 643 1208 voce
657 1160 778 1223 magna
799 1141 908 1209 dixit:
965 1144 1043 1206 dum
1069 1147 1119 1208 est
1142 1144 1228 1223 quod
1254 1163 1321 1208 non
1349 1147 1468 1210 ardent
1492 1149 1661 1227 lampades
1685 1153 1758 1216 sine

117 1247 226 1308 Pater
243 1248 281 1306 ic
294 1255 421 1306 monus
441 1235 519 1304 tuos
533 1247 732 1306 cornmcado
745 1246 911 1318 spiritum
965 1243 1050 1316 oisc,
1066 1243 1162 1317 idest,
1182 1243 1270 1306 bona
1291 1258 1393 1322 opera
1416 1245 1489 1307 sine
1514 1247 1631 1323 gratias
1656 1250 1758 1328 adju-

116 1357 231 1404 ewam
243 1339 338 1422 (Luc.
351 1357 431 1413 xxv,
443 1338 509 1420 16).
526 1342 639 1416 Ignem
652 1342 797 1418 apponat
807 1339 911 1404 Joan-
964 1337 1061 1404 torio.
1088 1342 1272 1405 Prudentes
1299 1359 1379 1420 ergo
1413 1344 1562 1421 virgines
1590 1347 1760 1425 accipiunt

117 1457 172 1502 nes
193 1441 251 1518 qui
273 1441 314 1502 de
334 1439 413 1516 igne
427 1438 610 1501 divinitatis
631 1453 700 1500 suae
718 1439 827 1516 inquit
843 1456 850 1500 :
867 1443 910 1500 11
964 1439 1133 1517 lampadas
1150 1457 1240 1514 suas,
1258 1438 1347 1518 quia,
1366 1441 1423 1519 qui
1443 1457 1524 1506 vero
1541 1442 1655 1506 fideles
1670 1447 1757 1516 sunt,

84 1542 284 1615 ,1111111111
310 1538 388 1600 crat
421 1539 577 1609 Verbum,
603 1537 637 1600 cl
663 1540 810 1600 Verbum
832 1537 910 1598 arat
964 1531 1760 1618 1111111111ορ1111111111111111111111.111

115 1632 907 1715 11111111,11111111111111111111).
964 1651 982 1695 e
998 1636 1165 1698 contrario
1180 1635 1279 1698 fatnae
1293 1637 1441 1714 virgines
1460 1653 1534 1718 quae
1550 1657 1618 1702 non
1636 1640 1761 1704 habent

153 1735 337 1812 Lampadas
354 1734 509 1797 dicuntur
522 1733 609 1796 bona
624 1749 737 1812 opera.
761 1736 909 1813 Sponsus
964 1732 1076 1794 lumen
1096 1733 1131 1796 in
1149 1734 1218 1796 suis
1238 1734 1456 1814 lampadibus,
1477 1735 1573 1807 idest,
1594 1739 1759 1815 justitiam

115 1837 146 1895 et
156 1835 286 1910 Sponsa
301 1833 450 1895 Christus
466 1833 517 1894 est
537 1831 747 1910 triumphans
762 1831 798 1892 in
816 1830 908 1894 eoelis
963 1831 999 1892 in
1010 1833 1080 1892 suls
1091 1831 1476 1911 operibus,arguantura
1486 1835 1623 1908 lumine,
1633 1837 1761 1910 idest,a

115 1948 186 1992 oum
202 1931 362 1993 Ecclesia.
378 1931 421 1992 Hi
435 1929 532 1992 modo
552 1925 697 1992 veniunt·
715 1940 776 2008 per
796 1929 908 1992 mani·
964 1929 1106 1992 Christo.
1124 1929 1281 2008 Sequitur
1296 1952 1304 1992 ε
1320 1933 1498 1994 declararit
1509 1935 1643 1998 oholom
1654 1951 1761 2010 sporc-

114 2029 323 2091 festationem
333 2028 460 2105 gloriae,
474 2027 510 2091 in
522 2027 705 2090 novissimo
718 2027 856 2090 veniunt
868 2028 908 2089 ad
963 2041 1001 2088 so
1015 2028 1049 2088 et
1063 2043 1198 2102 sponsas
1210 2026 1340 2108 (Matth.
1357 2045 1437 2098 xxv,
1454 2027 1499 2109 1).

110 2127 285 2206 judicium.
309 2127 369 2188 His
390 2125 599 2204 lampadibus
623 2126 910 2202 superinfunditur
1003 2119 1169 2187 Detribus
1183 2122 1264 2187 locis
1283 2127 1407 2189 exeunt
1420 2127 1579 2204 virgines,
1597 2129 1631 2192 ct
1644 2145 1759 2192 omnes

111 2226 223 2288 oleum
238 2241 258 2286 a
271 2227 338 2288 Deo
352 2225 461 2296 Patro,
479 2223 610 2301 quando
624 2223 815 2300 Spiritualis
831 2238 911 2300 gra·
959 2221 1054 2299 J'usti,
1074 2221 1241 2297 videlicet,
1264 2223 1305 2286 da
1330 2224 1473 2288 Sodoma
1497 2225 1583 2289 sicut
1601 2227 1696 2300 Loth,
1719 2228 1759 2290 de

113 2323 158 2386 tia
179 2323 281 2386 datur
294 2322 378 2384 bene
392 2321 616 2402 operantibus,
633 2322 670 2384 ut
683 2322 811 2400 possint
834 2337 908 2383 me·
964 2320 1118 2382 chaldaea
1132 2323 1169 2383 ut
1179 2321 1358 2390 Abraham,
1374 2322 1415 2385 de
1433 2323 1592 2400 spelunca
1606 2327 1642 2386 ut
1656 2326 1757 2388 Elias.

113 2421 175 2483 lius
191 2421 326 2500 operari
341 2441 349 2482 s
365 2425 414 2483 ihc
434 2421 552 2482 aulem
565 2423 808 2493 cumjaiuuos,
820 2431 910 2497 unqe
965 2417 1106 2480 Sodoma
1125 2419 1175 2480 est
1194 2419 1295 2482 ardor
1317 2419 1486 2497 lihidinis3
1504 2420 1670 2494 Chaldaea,
1686 2439 1760 2500 quae

110 2521 215 2594 capaci
248 2521 346 2581 tuum
379 2522 451 2580 olco
483 2518 517 2579 et
543 2519 669 2592 lactem
702 2514 799 2580 tuam
831 2523 911 2580 lavo
964 2515 1204 2593 interpretatur
1213 2517 1309 2594 q'uasi
1322 2517 1462 2591 daemon,
1474 2519 1608 2580 insania
1618 2517 1758 2597 furoris;

114 2617 245 2695 (1111111.
263 2632 308 2690 rr,
329 2615 390 2690 17).
407 2619 477 2678 Hoc
491 2613 602 2678 oleum
616 2615 657 2676 de
672 2615 780 2692 capite
795 2616 909 2676 nostro
964 2614 1132 2690 spelunca,
1162 2613 1257 2676 labor
1283 2614 1361 2677 vitae
1391 2615 1543 2678 actualis.
1577 2619 1624 2679 De
1654 2619 1762 2696 prima

112 2729 293 2792 numquam
318 2713 461 2786 deficiat,
490 2710 643 2776 hilaritas
669 2713 797 2775 scilicet
824 2728 909 2774 con-
964 2711 1182 2788 egrediuntur
1205 2727 1265 2792 per
1292 2713 1455 2777 castitatis
1479 2715 1694 2792 munditiam
1721 2717 1762 2778 da

111 2812 265 2874 scientiae
278 2812 311 2874 et
325 2811 497 2874 charitatis
510 2809 709 2888 pinguendo.
724 2810 774 2872 Oh
787 2813 794 2870 l
809 2825 912 2888 quan·
965 2809 1111 2872 secunda
1129 2825 1190 2888 per
1204 2809 1469 2873 mansuetudinls
1490 2813 1703 2890 patientiam
1720 2814 1761 2876 de

110 2911 161 2971 tus
176 2910 276 2972 dolor
290 2909 319 2970 11
334 2909 408 2987 quis
421 2909 505 2972 forte
524 2907 625 2970 fuerit
647 2908 735 2970 inter
756 2923 827 2980 nos,
853 2908 909 2987 qui
963 2908 1063 2970 tertia
1082 2923 1142 2986 per
1163 2908 1451 2986 contemplationis
1470 2911 1679 2974 industriam.
1700 2915 1764 2974 So·

110 3024 175 3070 non
190 3009 304 3069 sumat
317 3007 379 3070 hoc
394 3007 502 3069 oleum
512 3007 548 3068 in
558 3007 648 3068 vasis
664 3007 733 3068 suis
745 3019 820 3067 cum
832 3006 911 3068 lam·
964 3006 1073 3075 doma,
1081 3021 1154 3084 quae
1168 3005 1231 3069 fuit
1239 3023 1399 3070 succensa
1410 3008 1499 3085 igne,
1511 3009 1677 3086 significat
1691 3027 1762 3072 car·

111 3107 273 3182 padibusl
299 3107 414 3183 Neque
436 3105 524 3168 enim
548 3105 703 3184 poterunt
729 3104 771 3166 ad
796 3106 910 3182 sponsi
964 3119 1040 3164 nem
1055 3120 1128 3182 quae
1148 3104 1331 3167 delectatur
1347 3105 1576 3169 fornicatione.
1589 3109 1667 3180 Quae
1682 3124 1762 3170 caro

109 3206 246 3282 nuptias
261 3203 412 3276 introire,
428 3203 529 3265 immo
548 3204 582 3264 et
599 3203 715 3264 clausa
734 3202 834 3265 etiam
851 3206 909 3281 ja·
964 3201 1064 3263 habet
1077 3201 1199 3278 ignem,
1215 3202 1311 3276 idest,
1323 3203 1472 3264 libidinis
1482 3204 1647 3278 ardorem,
1662 3205 1763 3270 habet

109 3317 173 3364 nna
200 3301 353 3364 audituri
373 3303 451 3362 sunt
467 3317 582 3364 vocem
604 3300 695 3362 illam
713 3303 811 3364 :Nou
829 3306 909 3364 novi
964 3300 998 3360 et
1011 3299 1162 3376 sulphur,
1184 3300 1283 3370 idest,
1312 3299 1458 3364 infamiae
1484 3302 1645 3366 foetorem.
1671 3305 1757 3367 Nam

109 3416 168 3462 vos
191 3397 327 3481 (Matth.
346 3397 510 3478 11112).
530 3403 603 3460 Heu
618 3399 740 3476 quanta
761 3399 906 3472 tristitia,
964 3396 1188 3460 abominabile
1198 3399 1249 3460 111
1259 3414 1371 3460 coram
1382 3402 1449 3461 Deo
1461 3401 1493 3462 et
1503 3401 1703 3463 hominibus.
1714 3405 1760 3466 De

109 3499 136 3559 si
153 3499 231 3560 1111
246 3499 338 3560 veste
352 3497 493 3574 nuptiali
517 3496 621 3573 aliqui
642 3498 847 3574 praesumant
866 3499 907 3559 ad
965 3495 1107 3557 Sodoma
1122 3496 1217 3560 docet
1240 3513 1300 3558 nos
1321 3495 1438 3559 heatus
1461 3499 1637 3576 Apostolus
1655 3500 1758 3574 exire,

108 3597 168 3658 has
184 3597 324 3674 nuptias
347 3594 507 3670 introire;
531 3595 626 3672 ligati
645 3594 733 3656 enim
755 3595 908 3657 manibus
963 3593 1077 3655 dicens
1091 3615 1099 3653 ι
1115 3596 1239 3671 Fupite
1252 3596 1529 3669 fornicationem,
1544 3613 1646 3660 omne
1666 3587 1761 3662 1111111

107 3695 297 3774 etpedibus
310 3693 528 3772 projicientur
541 3694 576 3754 in
591 3692 746 3756 tenebras
763 3695 909 3756 extario-
960 3692 1140 3766 peccatum
1151 3694 1239 3766 quoti
1252 3694 1374 3767 fecerit
1385 3695 1495 3766 imao,
1516 3695 1622 3755 eoctra
1634 3709 1761 3770 corpus

106 3810 170 3867 res,
196 3793 257 3855 ubi
281 3792 397 3854 umbra
417 3791 533 3854 mortis
552 3791 586 3852 et
606 3791 718 3852 nullus
733 3791 825 3864 ordo,
851 3792 908 3854 sed
962 3789 1025 3861 esi,
1044 3792 1103 3862 qui
1120 3789 1238 3850 autem
1250 3789 1448 3863 fornicatur
1464 3794 1501 3852 in
1517 3805 1642 3865 corpus
1655 3807 1759 3855 aarum

106 3892 333 3970 sempiternus
349 3890 468 3953 horror
488 3887 663 3951 inhabitat.
686 3889 750 3951 Ubi
763 3889 907 3951 tenebrae
961 3889 1080 3961 peccat
1095 3886 1124 3966 (Ι
1143 3887 1217 3949 Cor.
1237 3884 1361 3966 v1,18).
1383 3887 1458 3950 Non
1473 3887 1545 3950 sine
1560 3904 1661 3951 causa
1678 3891 1760 3952 dicit

105 3990 296 4068 palpabiles
308 3988 402 4060 adeo,
417 3987 504 4065 quod
520 4001 582 4049 nec
597 3985 656 4048 illa
672 4001 794 4064 magna
809 3987 909 4048 11111-
963 3985 1097 4046 1111111
1111 3983 1288 4062 Apostolus
1311 4007 1320 4046 ε
1338 3986 1462 4062 Fugite
1478 3988 1755 4074 fornicationem,

104 4089 216 4162 naria,
235 4103 311 4164 quae
337 4085 415 4148 fecit
448 4085 608 4147 Dominus
636 4086 671 4146 11
701 4085 907 4147 firmamento
963 4081 1041 4160 quia
1063 4083 1099 4144 11
1119 4083 1196 4144 aliis
1219 4083 1310 4146 vitiis
1334 4084 1442 4162 potest
1461 4083 1560 4146 homo
1581 4088 1758 4163 expectare

105 4188 193 4260 11111,
209 4183 350 4265 possent
366 4184 412 4246 ibi
430 4184 471 4244 ad
487 4183 642 4244 solatium
656 4183 741 4244 lucis
759 4183 907 4244 admini-
962 4181 1162 4254 conflictum,
1191 4181 1248 4244 sed
1268 4183 1303 4244 in
1325 4181 1546 4246 fornicatione
1569 4200 1635 4248 non
1663 4185 1760 4249 debet

105 4285 218 4346 culum
248 4283 502 4344 administraret
524 4280 581 4342 ubi
609 4281 707 4344 foetor
735 4280 909 4343 intollera-
962 4280 1132 4356 suscipere
1152 4280 1343 4356 cogitatum.
1360 4281 1445 4342 Nam
1460 4281 1489 4342 11
1506 4282 1584 4344 talis
1602 4283 1758 4359 cogitatio

101 4381 179 4444 bilis
207 4381 306 4453 adeo,
333 4381 368 4442 ut
391 4395 452 4442 nec
477 4380 599 4442 areolae
621 4380 806 4441 aromatum
832 4396 906 4441 cum
962 4377 1071 4440 cordis
1104 4379 1264 4455 recipitur
1291 4379 1464 4456 usquead
1491 4380 1754 4450 delectationem,

102 4478 264 4540 omnibus
284 4477 401 4556 primis
416 4476 593 4552 unguentis
608 4477 744 4553 possent
762 4475 808 4537 ibi
826 4477 907 4538 red·
962 4475 1092 4552 quando
1107 4476 1310 4552 perducitur,
1325 4477 1358 4538 et
1375 4475 1440 4538 nisi
1454 4477 1552 4555 caput
1566 4478 1664 4539 istius
1679 4495 1756 4540 ser-

102 4578 181 4638 dere
213 4575 477 4654 spiramentuml
509 4573 564 4634 ubi
593 4573 667 4637 sitis
693 4574 811 4646 anxia,
832 4590 906 4651 quae
960 4574 1080 4651 pontis,
1095 4573 1181 4635 idest
1195 4574 1352 4650 cogitatio
1366 4573 1607 4644 fornicationis,
1621 4577 1758 4651 perima-

41 4688 45 4696 ·
100 4677 236 4738 tantum
252 4689 313 4734 nec
328 4675 454 4750 guttam
470 4672 510 4732 de
527 4671 631 4748 digito
654 4673 772 4734 Lazari
787 4673 907 4750 poterit
960 4671 1025 4744 tur,
1041 4673 1130 4734 totus
1145 4687 1282 4747 serpens
1296 4670 1456 4733 illabitur.
1477 4671 1570 4734 Unde
1587 4673 1627 4734 de
1648 4675 1756 4750 prima

101 4773 285 4851 degustare
307 4775 315 4832 l
346 4770 403 4831 ubi
432 4771 546 4832 leones
579 4769 724 4847 rugiunt.
765 4771 905 4847 Rugitus
960 4769 1099 4831 muliere
1114 4768 1237 4832 dictum
1255 4771 1305 4831 est
1321 4768 1486 4846 serpenti:
1506 4773 1589 4844 Ipsa
1602 4773 1757 4836 conteret

100 4873 189 4934 enim
208 4869 321 4932 lconis
334 4869 367 4931 et
380 4884 446 4930 vox
460 4867 575 4930 1111111
591 4868 624 4930 11
644 4867 759 4930 dentes
775 4868 904 4930 catulo·
959 4868 1062 4943 eaput
1076 4867 1233 4939 1111111
1251 4868 1288 4928 tu
1307 4869 1485 4928 insidiatus
1506 4871 1663 4931 11111111
1680 4873 1757 4943 maes
1834 4925 1837 4930 .

100 4985 172 5031 rum
190 4970 343 5038 leonum,
358 4967 466 5044 parati
481 4967 558 5028 suut
572 4965 618 5028 ibi
633 4966 795 5028 devorare
814 4966 902 5038 illos,
960 4963 1056 5044 (Gen.
1080 4981 1130 5038 111,
1155 4963 1218 5043 15).
1247 4962 1408 5026 Debemus
1424 4965 1513 5026 enim
1536 4966 1569 5028 et
1592 4981 1653 5028 nos
1670 4984 1755 5030 con*

100 5069 155 5144 qni
170 5067 306 5130 ducunt
326 5065 473 5128 inbonis
494 5064 565 5126 dies
582 5079 671 5136 suos,
688 5063 770 5126 etin
784 5066 904 5141 puncto
958 5065 1067 5125 terere
1081 5063 1180 5140 caput
1191 5061 1366 5139 serpentis,
1380 5062 1476 5136 idest,
1493 5063 1625 5126 initium
1639 5064 1756 5130 diaho-

100 5167 139 5226 ad
164 5165 306 5227 inferna
320 5161 542 5250 ,descendunt
571 5162 664 5225 Sicut
688 5161 777 5225 enim
796 5163 904 5238 gratia
959 5161 1033 5222 lices
1054 5160 1287 5237 suggestionis,
1306 5161 1456 5238 quamvis
1484 5161 1556 5238 ipse
1578 5161 1757 5228 insidietur

100 5264 259 5326 aufertur
271 5254 558 5338 a'negligenlibus,
571 5261 706 5338 eoquod
717 5260 752 5322 in
763 5276 904 5322 vacuum
959 5258 1127 5330 calcaneo,
1153 5257 1247 5330 idest,
1264 5257 1420 5320 1111111111
1439 5259 1594 5335 operibus
1616 5263 1753 5337 nostris,

99 5361 193 5424 illam
213 5359 402 5437 accipiunt,
426 5359 473 5421 ita
497 5359 595 5421 datur
617 5358 843 5436 diligentibus,
865 5375 903 5421 eo
954 5358 1052 5436 juxta
1078 5355 1161 5420 illud
1188 5355 1412 5434 postrenus«
1438 5357 1617 5435 Principiis
1647 5361 1753 5436 obsta,

100 5461 186 5538 quod
217 5459 258 5520 in
284 5458 342 5518 illa
369 5457 555 5534 proficiunt.
583 5457 676 5519 Unde
701 5456 841 5533 legimus
868 5457 904 5520 in
959 5465 1034 5518 sero
1058 5455 1224 5518 medicina
1238 5456 1385 5534 paratur,
1402 5465 1476 5518 culn
1495 5456 1584 5518 mala
1602 5473 1663 5536 per
1680 5460 1757 5523 lon-

100 5556 291 5636 Evangelio
312 5555 399 5634 quod
424 5555 584 5618 talentum
610 5553 673 5617 fuit
695 5554 859 5617 sublatum
884 5569 903 5617 a
958 5569 1017 5631 gas
1036 5554 1375 5616 invaluere‘moras.»

100 5657 196 5732 pigro
213 5669 327 5725 servo,
348 5655 382 5716 11
404 5653 516 5716 datum
532 5651 582 5713 illi
598 5653 653 5730 qui
676 5653 742 5714 alia
760 5653 903 5732 quinque
998 5652 1248 5730 Chaldaeique
1259 5652 1751 5732 interpretaturquasidaamon,
