4142 6312
123 319 185 382 825
759 315 987 378 EPISTOLAE.
1012 315 1090 379 LIB.
1114 316 1153 378 11.
1719 321 1779 382 8211

123 477 277 542 salinarii
298 477 496 557 quicumque
511 476 635 542 fuerint
649 479 869 556 protempore
889 477 924 539 in
974 477 1065 553 juste
1087 491 1127 537 ac
1154 474 1292 554 pacifice
1318 473 1486 552 obtinetis,
1516 477 1550 540 et
1575 476 1611 541 tn
1630 479 1777 558 ejusdem

124 576 257 648 salech,
273 576 355 638 risis
370 575 491 638 litteris
510 575 650 638 fratrum
677 575 843 654 praedictae
864 575 926 636 do-
978 574 1068 650 regis
1093 574 1215 637 litteris
1245 573 1375 652 plenius
1404 574 1602 648 continetur,
1631 577 1726 640 robis
1746 579 1780 642 et

122 691 209 746 mus,
223 674 258 734 in
271 681 387 735 saneta
399 674 529 735 Pascha
539 673 716 751 praedictas
726 672 925 751 quingentas
979 688 1112 749 perros
1126 672 1239 734 domui
1250 674 1370 736 vestrae
1379 675 1576 738 auctoritate
1588 677 1777 754 Apostolica

122 788 256 834 marcas
265 770 395 848 argenti
404 771 529 834 eisdem
538 772 742 833 solverenon
752 771 922 833 omittant:
979 770 1226 842 confirmamus,
1240 774 1273 832 et
1285 772 1459 848 praesentis
1467 772 1580 850 scripti
1593 774 1778 852 patrocinio

122 871 275 948 alioquin
291 871 409 942 sciant,
418 886 453 932 se
463 870 499 932 in
514 870 599 931 iram
612 871 742 946 regiam
754 869 922 944 incidisse,
980 868 1232 930 communimus.
1248 868 1298 932 lid
1319 872 1478 946 majorem
1500 872 1611 932 autem
1633 871 1683 934 rei
1707 873 1780 934 evi-

124 984 224 1046 quam
239 967 332 1044 regia
357 969 514 1046 majestas
540 968 632 1029 nullo
660 984 734 1030 eam
750 967 926 1046 praemittet
980 965 1143 1038 dentiam,
1170 969 1321 1030 tenorem
1349 967 1536 1030 litterarum
1563 969 1712 1046 ipsarum
1736 971 1779 1032 de

123 1066 277 1128 inultam.
308 1067 351 1128 Ut
373 1066 477 1143 igitur
502 1067 574 1128 haec
604 1083 624 1128 a
649 1065 745 1128 nobis
776 1065 927 1128 liberali·
979 1065 1081 1126 verbo
1093 1064 1136 1126 ad
1149 1064 1457 1144 verbumJ'ussimus
1472 1067 1691 1143 praesentibus
1710 1085 1778 1130 an·

123 1164 194 1226 tate
216 1163 311 1239 regia
332 1164 447 1225 nostra
471 1165 727 1242 nostrorumque
750 1163 924 1235 baronum,
981 1163 1100 1224 notari.
1109 1163 1171 1236 Qui
1185 1163 1263 1226 talis
1278 1164 1345 1226 est:
1363 1167 1400 1224 ln
1415 1165 1549 1226 nomine
1565 1166 1694 1228 Sanctae
1703 1168 1781 1228 Tri-

127 1262 186 1338 qui
216 1260 388 1322 nobiscum
411 1261 447 1322 in
461 1262 692 1324 ultramarinis
712 1261 860 1339 partibus
875 1261 927 1322 di·
980 1261 1096 1322 nitatis
1111 1263 1144 1323 et
1166 1261 1346 1324 individuae
1371 1261 1519 1324 unitatis.
1545 1263 1695 1326 Andreas
1718 1265 1778 1326 Dei

125 1359 650 1436 vinotnnctemporisracabant
671 1359 819 1432 servitio,
836 1359 927 1420 Petri
980 1359 1089 1434 gratia
1127 1360 1330 1436 Hungariae,
1367 1362 1564 1434 Dalmatiae,
1607 1363 1778 1436 croatiae,

124 1457 283 1520 videlicet
300 1457 493 1518 deuriensis
508 1457 655 1536 episcopi
668 1462 701 1520 et
712 1458 846 1520 Thomas
857 1462 925 1518 Ar·
982 1459 1107 1528 Ramae,
1124 1457 1781 1537 831113,11311113313131311333133131

124 1555 272 1630 griensis
288 1555 396 1626 electi,
414 1555 576 1633 Dionysii,
598 1556 749 1632 magistri
764 1555 928 1618 Tavarni-
982 1553 1016 1614 in
1024 1556 1232 1632 perpetuum
1259 1556 1353 1618 Licet
1373 1556 1471 1633 juxta
1486 1556 1568 1618 illud
1583 1557 1779 1620 ¹ueridicum

125 1653 420 1716 corurnetcomitis
430 1654 631 1727 Novicastri,
644 1653 776 1717 Nicolai
797 1652 927 1716 comitis
981 1651 1103 1714 divinae
1117 1652 1271 1715 lectionis
1286 1653 1531 1726 documentum,
1547 1655 1637 1716 omni
1655 1655 1781 1732 petenti

127 1750 190 1811 filii
214 1753 328 1824 Borea,
360 1751 546 1828 smaragdi,
571 1752 691 1832 Moysi,
714 1752 791 1815 Jule
814 1751 927 1814 fratris
982 1750 1782 1829 tetribueadeleemosynarumlargitionemele·

127 1848 299 1920 selbolth,
313 1848 457 1912 etSebez
472 1849 604 1912 comitis
624 1850 684 1911 filii
697 1850 844 1919 Tbomae,
860 1852 928 1910 De·
982 1849 1225 1924 paucissimum,
1250 1848 1406 1911 videlicet
1431 1851 1570 1932 naturae,
1593 1865 1688 1926 opus,
1712 1869 1780 1914 non

124 1947 238 2008 metrii
267 1947 466 2020 senescalci,
492 1948 640 2010 Ladislai
672 1946 868 2009 marescalci
896 1948 929 2008 et
983 1946 1163 2008 secundum
1189 1963 1408 2024 personarum
1434 1947 1641 2010 differentias
1664 1951 1782 2010 tenea·

126 2044 272 2106 aliorum
297 2044 457 2106 nobilium
480 2046 662 2122 ilungariae
691 2045 928 2108 deliberatione
983 2059 1067 2117 mur,
1084 2043 1131 2106 ibi
1146 2045 1433 2122 tamenpraecipue
1448 2045 1609 2107 memoria
1630 2046 1782 2124 largien-

127 2142 280 2218 legitima
296 2141 528 2205 factadonatio
541 2145 932 2221 nostrisnostrorumqne
983 2141 1065 2205 tium
1084 2142 1120 2204 in
1142 2142 1282 2204 deciduo
1308 2143 1550 2206 recordationis
1569 2144 1665 2206 titulo
1689 2161 1784 2206 com-

130 2257 365 2302 successorum
377 2241 578 2318 temporibus
594 2242 686 2303 salva
697 2257 829 2320 semper
842 2241 930 2303 etin·
984 2239 1782 2320 mandatur,ubisollersetinsopitarecipientium

129 2339 506 2416 concussapermaneat,
518 2340 716 2415 praesentem
727 2341 759 2401 et
772 2339 874 2400 aliam
886 2339 927 2400 ad
984 2339 1160 2415 prudentia
1186 2338 1249 2415 piae
1276 2338 1462 2402 devotionis
1489 2341 1632 2401 fructum
1661 2340 1697 2401 in
1723 2341 1784 2404 Dei

131 2435 371 2498 abundantiam
387 2437 524 2514 majoris
546 2438 685 2499 casule
705 2437 859 2514 paginam
882 2437 930 2498 si·
983 2436 1115 2497 laudern
1131 2436 1336 2498 ethonorem
1361 2437 1591 2500 indesinenter
1614 2439 1783 2515 operatur.

129 2533 331 2610 gillincstri‚
344 2549 456 2596 aureae
466 2534 621 2596 videlicet
632 2534 743 2607 bullae,
760 2537 930 2598 caractere
985 2535 1065 2594 Cum
1080 2534 1183 2610 igitur
1195 2535 1292 2610 juxta
1308 2535 1428 2596 collata
1443 2535 1538 2596 nobis
1553 2535 1712 2598 divinitus
1728 2551 1785 2597 re-

130 2630 272 2692 fecimus
287 2631 451 2705 roborari,
466 2648 606 2710 quarum
617 2649 717 2694 unam
729 2633 840 2695 domui
851 2633 932 2694 hos·
985 2632 1071 2707 galis
1079 2631 1453 2696 excellentiaebeneficia
1463 2632 1602 2710 largiori
1610 2649 1679 2710 prae
1689 2635 1785 2696 caete·

131 2730 248 2806 pilulis
267 2730 302 2790 in
330 2731 473 2793 terrram
498 2731 604 2811 Syriae
626 2731 835 2805 tradidimus,
850 2730 932 2793 reli·
986 2730 1033 2792 ris
1049 2731 1284 2793 munificentiae
1295 2731 1404 2794 studio
1417 2747 1517 2808 super
1527 2747 1650 2808 egenos
1661 2731 1695 2793 et
1706 2747 1785 2808 pau·

131 2843 234 2903 quam
255 2843 335 2889 vero
357 2829 481 2890 nostrae
511 2828 698 2905 posteritati
722 2830 931 2891 ostensuram
989 2843 1086 2905 peres
1098 2828 1271 2891 intendere
1281 2828 1471 2900 debeamus,
1492 2828 1611 2890 debitae
1623 2829 1788 2890 circums-

134 2925 171 2986 in
200 2925 372 3002 ilungaria
395 2947 402 2986 ι
428 2926 466 2987 ut
493 2926 574 2987 fides
607 2925 778 2988 donationi
808 2927 931 2988 nostre
986 2925 1149 3000 pectionis
1163 2925 1407 3002 providentiam
1418 2924 1614 2986 adhibentes
1629 2925 1787 2986 animad-

134 3022 363 3092 adbiberetur,
377 3022 489 3084 domui
499 3023 674 3100 hospitalis
683 3024 818 3100 dignum
832 3023 933 3084 duxi-
985 3021 1158 3093 vertimus,
1194 3021 1240 3084 ibi
1273 3037 1333 3083 nos
1371 3021 1491 3083 debere
1522 3022 1631 3099 potius
1663 3024 1787 3083 nostrae

134 3134 211 3178 mus
224 3117 526 3191 transmittendam,
538 3123 601 3180 etc.
614 3117 667 3199 (ct
680 3117 816 3200 supra).
986 3119 1175 3196 largitionis
1190 3119 1341 3182 surculos
1355 3119 1577 3192 interserere,
1601 3119 1657 3180 ubi
1673 3120 1706 3180 et
1717 3121 1786 3180 Deo

172 3216 264 3277 Nulli
295 3232 385 3292 erge,
412 3217 488 3288 etc,
513 3218 637 3279 nostrae
667 3216 929 3279 confirmationis
987 3217 1376 3284 servientiumnumerus
1395 3217 1604 3294 augmentari
1619 3218 1653 3279 et
1677 3217 1782 3279 divini

131 3313 328 3392 infringere,
353 3316 415 3376 etc.
440 3313 475 3373 Si
491 3315 564 3392 quis
588 3317 711 3387 autem,
726 3319 789 3376 etc.
813 3316 932 3378 Datum
987 3315 1252 3378 nominiscultus
1267 3317 1299 3378 et
1313 3315 1465 3392 gloriain
1477 3314 1711 3390 generationes
1730 3330 1786 3390 ge-

133 3412 291 3473 Laterani
313 3414 372 3473 Vll
397 3410 464 3472 kal.
477 3413 567 3490 julii,
590 3413 805 3490 pontificatus
824 3412 932 3476 nostri
988 3416 1197 3478 nerationum
1213 3414 1316 3492 possit
1337 3412 1479 3476 feliciter
1498 3412 1631 3474 dilatari
1647 3434 1654 3473 ε
1668 3428 1784 3476 uerum

133 3525 223 3572 anno
236 3510 393 3572 secundo.
989 3511 1332 3591 quiasacratissimam
1343 3511 1475 3573 domum
1482 3510 1663 3588 Hospitalis
1673 3511 1787 3574 Sancti

451 3651 619 3741 GCCXH
987 3607 1788 3686 lobannisBaptistaedederusalem,proutantea

988 3708 1210 3770 didiceramus
1225 3705 1351 3776 auditu,
1375 3721 1448 3767 curn
1469 3705 1510 3766 ad
1532 3707 1661 3766 Sanctae
1676 3707 1788 3766 Terrae

132 3789 185 3849 Ad
198 3787 408 3863 1113111113
423 3787 456 3848 et
477 3787 609 3862 fratres
622 3789 744 3848 11111111
758 3787 934 3861 assectans
989 3805 1174 3868 suessorum
1208 3789 1430 3875 accessimus,
1458 3802 1600 3864 diversis
1630 3803 1789 3864 virtutum

363 3883 701 3959 fflssfflSOWWtanoe·
989 3902 1144 3982 operibus
1158 3902 1193 3963 in
1216 3901 1318 3964 totius
1337 3900 1592 3962 christianitatis
1605 3901 1789 3977 proficuum

430 3996 638 4072 2611111118·
990 4003 1023 4064 et
1054 4003 1214 4064 bonorem
1246 3999 1515 4078 resplendescere
1551 3999 1788 4074 cognovimus,

253 4103 384 4170 1111111111,
401 4104 468 4154 nss.
482 4103 746 4168 1111311131111.
760 4103 812 4169 aa]
990 4101 1089 4179 hujus
1103 4098 1321 4161 sacratissimi
1344 4097 1476 4174 collegii
1488 4097 1557 4159 toto
1576 4095 1676 4158 corde
1687 4097 1790 4160 totis-

134 4200 934 4278 Eisdemconflrmatpossessioneselprivilegiaquedam
991 4214 1054 4277 que
1066 4197 1193 4258 viribus
1208 4196 1377 4258 inhiantes
1387 4195 1564 4264 desiderio,
1579 4195 1702 4258 divtnae
1719 4195 1793 4274 pie-

326 4303 341 4348 1
364 4305 435 4365 ¹080
450 4291 748 4364 111118111111111111111·
990 4295 1197 4359 tatisintuitu
1206 4295 1242 4358 in
1250 4293 1510 4372 redemptionem
1522 4295 1644 4356 animae
1653 4297 1789 4368 nostrae,

174 4400 343 4463 Honorius
358 4399 534 4477 episcopus
547 4415 664 4460 servus
675 4415 847 4462 servorum
863 4399 934 4474 Dei,
991 4400 1025 4458 et
1044 4395 1232 4457 animarum
1262 4392 1545 4470 praedecessorum
1578 4393 1790 4466 nostrorum,

135 4497 266 4560 dilectis
281 4497 397 4562 filiis...
415 4497 576 4574 magistro
599 4499 632 4558 et
646 4497 805 4560 fratribus
820 4498 937 4560 domus
992 4493 1181 4556 memoratae
1208 4491 1325 4553 domus
1341 4490 1468 4553 meritis
1484 4491 1517 4552 et
1530 4489 1719 4551 interventu
1733 4505 1794 4552 ve·

133 4595 311 4674 hospitalis
321 4594 645 4674 Hierosolymitanae,
658 4595 798 4658 salutem
812 4597 846 4659 et
856 4612 939 4674 apo-
993 4593 1083 4654 niam
1099 4591 1185 4669 apud
1195 4592 1298 4652 Deum
1316 4588 1475 4664 consequi
1487 4586 1669 4664 cupientes,
1684 4603 1791 4665 quas-

134 4694 289 4756 stolicam
303 4693 581 4757 benedictionem.
994 4691 1068 4752 dam
1076 4690 1197 4758 nostrae
1205 4686 1393 4764 largitionis
1404 4685 1600 4747 donationes
1613 4685 1646 4746 et
1655 4687 1793 4750 eleemo-

177 4793 260 4853 Cum
274 4791 400 4854 anobis
416 4792 552 4870 petitur,
563 4793 625 4854 ete.
640 4792 832 4870 Eapropter,
849 4793 937 4854 etc...
994 4805 1095 4867 synas
1110 4787 1234 4854 sancte
1248 4785 1361 4847 domui
1377 4783 1534 4860 hospitali
1551 4784 1591 4845 de
1605 4786 1794 4848 Jerusalem

135 4903 244 4964 usquc
258 4905 410 4952 assensu.
426 4889 602 4952 Redditum
614 4893 724 4952 Portae
739 4889 779 4952 de
795 4893 937 4968 Supran,
994 4887 1029 4948 in
1052 4901 1169 4948 manus
1196 4884 1309 4946 fratris
1331 4881 1471 4973 Guarini
1499 4882 1541 4944 de
1562 4883 1673 4946 Monte
1697 4885 1795 4946 acuto

136 4987 194 5064 qui
218 4987 321 5050 Bobet
345 4987 479 5060 dicitur,
502 4989 535 5050 et
548 4991 684 5061 terram,
701 5005 774 5066 quae
788 4990 839 5050 est
852 4988 940 5052 inter
995 4983 1091 5046 dictae
1114 4983 1237 5046 sancte
1259 4981 1376 5043 domus
1395 4980 1572 5058 hospitalis
1593 4981 1795 5044 venerabilis

137 5088 282 5147 Dravam
296 5087 330 5147 et
351 5085 514 5163 Chergou,
534 5085 630 5148 vobis
654 5101 729 5147 curn
749 5085 940 5149 nemoribus
995 5081 1169 5160 magistri,
1206 5081 1239 5143 et
1281 5079 1430 5140 omnium
1472 5077 1613 5142 fratrum
1647 5078 1795 5156 ejusdem

138 5182 172 5244 et
197 5181 273 5242 aliis
302 5180 512 5258 pertinentiis
546 5181 616 5243 suis
647 5197 668 5244 a
696 5181 871 5252 carissimo
905 5183 939 5243 in
995 5180 1112 5243 domus
1131 5178 1345 5256 praesentium
1359 5193 1399 5239 ac
1412 5177 1600 5240 futurorum
1609 5177 1649 5238 ad
1666 5193 1747 5237 usus
1763 5177 1796 5239 et

138 5277 347 5340 Christofllio
360 5278 614 5343 nostroAndrea
626 5279 747 5342 illustri
760 5295 839 5355 rege
852 5282 942 5340 Hun·
995 5277 1242 5357 proprietatem,
1259 5277 1292 5338 31
1306 5276 1347 5337 ad
1359 5279 1415 5354 jus
1426 5277 1618 5338 memoratae
1632 5273 1749 5334 domus
1763 5276 1796 5337 et

138 5376 244 5451 gariae
253 5375 386 5454 pietatis
402 5375 537 5438 obtentu
545 5376 677 5450 collata,
692 5393 823 5440 necnon
838 5377 942 5442 liber·
996 5377 1036 5438 ad
1059 5375 1269 5454 possesiones
1294 5375 1470 5452 perpetuas
1494 5371 1703 5434 decrevimus
1725 5371 1797 5436 fore

138 5475 237 5546 tates,
264 5473 488 5535 immunitates
510 5474 544 5536 et
562 5477 788 5553 exemptiones
797 5476 941 5538 saeoula-
997 5473 1198 5550 largiendas.
1220 5474 1290 5536 Nec
1303 5471 1481 5543 immerito,
1500 5487 1575 5532 cum
1593 5470 1664 5532 illie
1677 5487 1796 5550 perso-

139 5575 228 5635 rium
252 5573 464 5634 exactionum
488 5572 530 5633 ab
554 5573 670 5636 eodem
698 5590 778 5652 rege
799 5574 894 5636 vobis
909 5576 943 5638 et
996 5571 1280 5649 naliterbospitali
1296 5569 1478 5631 viderimus
1492 5570 1703 5632 innumerum
1714 5586 1799 5648 pau-

141 5669 334 5732 bominibus
348 5670 469 5732 vestris
491 5670 648 5744 indultas,
670 5671 756 5735 sicut
775 5688 814 5734 ea
830 5672 942 5736 omnia
997 5687 1111 5748 perum
1126 5669 1246 5731 coetum
1261 5667 1487 5745 diurnopastu
1500 5667 1647 5746 quotidie
1662 5669 1798 5730 susten-
