3984 6306
269 357 328 418 au
734 347 911 410 nononis
934 347 979 407 111
1000 345 1149 406 orum.
1168 373 1206 392 -
1222 339 1455 404 ssnuoivus.
1832 344 1877 406 su

274 513 375 577 Stetit
396 527 458 592 per
482 510 603 576 auxilii
635 509 932 590 praeparationem.
973 506 1105 569 Unde..
1121 519 1209 566 nere.
1227 500 1322 565 Unde
1342 500 1470 564 David:
1491 502 1650 564 volueres
1667 503 1739 564 cult
1753 502 1881 578 etplsees

271 612 465 686 Stephanus
491 627 571 673 cum
590 609 826 685 lapidaretur,
840 605 1068 669 αῖθεῖῖευῖιῖθο
1121 604 1244 664 uteru.
1273 599 1398 662 Goelum
1427 598 1593 662 sidereum
1616 599 1667 661 est
1689 597 1723 660 in
1749 615 1806 677 quo
1830 601 1881 662 lixa

271 711 373 768 caelos
390 707 529 781 opertos
544 706 578 767 et
591 707 713 768 lesum
727 701 877 764 stentem
896 701 1068 762 caeceris
1122 701 1199 762 sunt
1219 699 1341 770 sidera,
1366 698 1464 770 idest,
1492 697 1608 760 stella.
1639 699 1685 758 De
1708 713 1767 774 quo
1789 695 1880 758 beatus

271 810 336 872 Det
349 803 432 884 (Aet.
448 820 507 876 vu,
523 801 589 882 55).
1123 797 1302 874 Gregorius
1317 796 1365 858 ait
1381 818 1388 856 :
1405 812 1423 855 c
1442 799 1509 858 Aer
1524 795 1599 856 coeli
1623 795 1775 872 qualitate
1794 794 1882 872 dispo-

314 903 471 981 Sequitur
486 919 493 957 :
510 902 556 962 lit
569 913 734 962 cacumen
749 901 824 970 ejus
839 897 983 974 torpeus
1000 911 1070 958 cce·
1122 895 1223 967 uitur,
1236 897 1326 958 terra
1338 910 1417 956 vero
1429 909 1506 956 aere
1522 892 1882 954 foecundatur.»llndeiu

272 1000 587 1080 lum(Gen.xxv111,
607 995 671 1075 12).
689 996 897 1058 Pensandum
913 995 973 1065 esi,
995 992 1068 1054 ira·
1123 993 1264 1056 Genesi:
1289 993 1427 1054 Vocavtt
1446 995 1540 1056 heus
1565 991 1813 1064 tirumnwutum
1833 1006 1885 1052 cu-

271 1101 340 1161 tres
360 1096 579 1167 dilectissimi,
597 1095 680 1172 quod
702 1109 762 1171 per
786 1107 945 1156 cacumen
969 1091 1068 1153 scalae
1122 1097 1203 1156 tum.
1232 1090 1358 1152 Caelum
1382 1104 1574 1166 empyreum
1598 1089 1648 1150 est
1665 1088 1700 1149 in
1721 1103 1780 1164 quo
1799 1087 1884 1164 angeli

273 1195 485 1272 triumphans
500 1193 693 1270 designatur
711 1191 871 1262 Ecclesia,
894 1188 1068 1267 cujusho-
1123 1188 1319 1252 consistunt.
1362 1189 1402 1254 ut
1441 1187 1563 1249 dicitur
1597 1202 1795 1264 empyreum,
1823 1185 1886 1246 idest

273 1294 391 1354 dierna
406 1292 461 1354 die
480 1307 553 1368 quae
569 1290 715 1352 militans
729 1289 780 1352 θεῖ
803 1287 951 1350 Ecclesia
974 1287 1071 1348 nata·
1123 1287 1257 1364 igneum
1286 1302 1305 1348 a
1334 1286 1521 1364 splendore,
1545 1300 1611 1348 non
1642 1301 1661 1346 θ
1692 1285 1805 1354 calore,
1828 1284 1887 1360 quia

274 1391 348 1454 litia
362 1389 451 1454 colit.
472 1390 511 1452 ut
524 1389 646 1465 triplex
661 1389 711 1450 ost
732 1386 877 1448 hominis
899 1384 1068 1447 nativitas.
1124 1384 1332 1462 splendidum
1363 1385 1415 1446 est
1445 1385 1545 1461 atque
1573 1399 1737 1446 serenum.
1773 1381 1887 1458 Dignun

274 1488 388 1552 Prima
411 1488 463 1549 est
480 1488 628 1562 naturae3
649 1483 793 1550 secunda
813 1484 950 1560 gratiae:
971 1482 1070 1544 teriia
1124 1483 1245 1561 quippe
1266 1482 1338 1555 iuit,
1361 1483 1396 1545 ut
1410 1481 1497 1544 sicut
1515 1481 1627 1557 angeli
1649 1481 1727 1542 sunt
1743 1479 1886 1556 splendidi,

274 1585 402 1662 glories.
429 1584 541 1648 Prima
555 1582 711 1651 nativitas
727 1583 778 1644 est
798 1581 834 1642 in
856 1580 991 1642 miseria
1009 1593 1071 1657 per
1123 1581 1171 1643 ita
1193 1580 1354 1643 haberent
1368 1579 1558 1658 splendidas
1573 1579 1771 1641 mansiones.
1791 1579 1830 1638 be
1842 1576 1889 1636 hoc

275 1683 417 1761 culpam,
435 1681 579 1744 secunda
591 1681 626 1742 in
632 1680 763 1760 justitia
776 1695 835 1757 per
845 1679 954 1750 tidem,
969 1678 1070 1740 tertia
1125 1679 1219 1750 coelo,
1242 1678 1357 1742 dicunt
1371 1677 1533 1750 doctores,
1558 1677 1645 1754 quod
1667 1677 1775 1738 statim
1792 1677 1824 1736 ut
1835 1673 1889 1734 iec-

275 1781 311 1841 in
322 1779 443 1856 gaudio
455 1795 514 1857 per
523 1778 697 1844 visionem.
713 1780 750 1838 ln
763 1778 867 1854 prima
882 1775 1072 1838 ostenditur
1125 1780 1194 1839 turo
1210 1776 1270 1846 est,
1287 1775 1415 1852 angelis
1428 1775 1592 1852 repletum
1605 1775 1665 1838 θεῖ
1684 1773 1774 1836 Unde
1787 1770 1889 1833 David:

275 1879 335 1940 Dei
353 1877 496 1956 justitia,
516 1876 553 1939 in
574 1875 719 1944 secunda
742 1873 803 1935 Dei
825 1873 1012 1944 clementia,
1035 1874 1071 1934 in
1126 1877 1345 1938 Coetumcoeli
1360 1877 1516 1946 Domino,
1534 1873 1630 1946 idest,
1647 1872 1731 1934 Filio
1746 1869 1890 1940 suodedit,

275 1975 374 2038 tertia
389 1973 702 2042 Deibenevolentia.
724 1974 761 2034 ln
774 1972 881 2050 prima
895 1971 946 2032 θεῖ
960 1970 1069 2048 culpa,
1126 1973 1163 2034 ut
1184 1971 1230 2032 ibi
1244 1971 1361 2047 regnet
1385 1987 1459 2033 cum
1481 1971 1596 2033 electis
1618 1971 1701 2032 suis.
1718 1969 1793 2030 Goeli
1815 1967 1892 2044 spiri-

277 2073 313 2134 in
328 2072 473 2134 secunda
490 2071 655 2144 meritum,
670 2070 705 2132 in
720 2071 817 2132 tertia
834 2069 1017 2147 praemium.
1034 2069 1073 2130 ut
1125 2069 1233 2132 tuales
1244 2072 1322 2132 sunt
1332 2071 1410 2142 tres,
1420 2069 1462 2132 de
1472 2069 1592 2147 quibus
1607 2084 1674 2132 uon
1685 2065 1891 2130 estdicendun

277 2171 324 2232 ita
339 2169 438 2233 tertia
453 2169 616 2236 emittitur
634 2183 694 2247 per
709 2169 859 2246 primam,
884 2166 940 2230 sed
964 2164 1071 2236 baba·
1127 2183 1186 2246 per
1201 2167 1395 2245 singularia.

276 2269 332 2331 tur
346 2283 406 2346 per
423 2267 611 2334 secundam.
630 2266 715 2332 Hinc
730 2264 861 2343 quidem
882 2269 1073 2326 sanctorum
1166 2265 1292 2328 Aliter:
1310 2267 1349 2330 Et
1364 2281 1522 2328 cacumen
1541 2269 1614 2344 ejus
1636 2268 1774 2342 tangens
1787 2262 1891 2325 coelun.

278 2365 446 2429 carnalem
461 2365 668 2432 nativitatem
684 2363 853 2429 celebrare
868 2378 934 2425 uon
950 2361 1070 2434 decuit,
1128 2365 1189 2426 llic
1201 2379 1281 2441 ergo
1295 2379 1354 2441 per
1367 2364 1485 2426 coelum
1498 2366 1587 2426 Deus
1599 2365 1699 2427 Pater
1712 2361 1891 2436 intelligitur,

279 2463 355 2541 quia
371 2463 537 2530 bominem
552 2462 588 2523 in
600 2461 689 2523 hunc
701 2461 834 2523 modum
844 2459 1074 2538 coinquinavit
1128 2462 1168 2523 de
1191 2477 1254 2538 quo
1270 2461 1495 2539 scriptumest
1517 2462 1552 2524 in
1572 2463 1724 2540 psalmo:
1744 2464 1894 2524 Asumme

279 2576 338 2637 por
356 2560 498 2638 culpam.
521 2561 632 2622 Prima
648 2559 737 2622 enim
753 2558 912 2621 nativitas
926 2558 978 2620 est
1002 2572 1067 2618 ma·
1127 2566 1209 2622 coelo
1236 2564 1389 2638 egressio
1416 2565 1502 2635 ejus.
1529 2563 1684 2637 ligressio
1715 2563 1794 2638 ejus,
1820 2555 1893 2624 idest,

278 2657 399 2719 ledicta
414 2658 492 2734 quia
503 2657 608 2722 trahit
626 2657 666 2718 ad
682 2657 833 2728 mortem,
845 2656 886 2717 do
900 2671 965 2733 qua
979 2657 1075 2718 Jere-
1128 2657 1286 2721 nativitas
1306 2657 1367 2720 lilii
1388 2660 1497 2737 ejusa
1519 2675 1650 2723 summo
1671 2659 1763 2730 coelo,
1785 2654 1894 2726 idest:

280 2755 366 2817 mins
388 2755 549 2832 propbeta
568 2755 831 2818 aitzlllaledtcta
853 2756 927 2814 dies
946 2757 984 2814 m
1006 2767 1074 2826 qua
1128 2757 1227 2818 Patre
1239 2755 1296 2833 qui
1311 2756 1484 2824 cacumine
1503 2757 1602 2819 scales
1622 2755 1822 2832 intelligitur,
1836 2749 1894 2828 qu:

278 2854 382 2916 uatus
393 2853 456 2927 lui,
473 2853 588 2914 etates
601 2855 638 2913 tu
650 2866 718 2926 qua
731 2852 866 2927 peperit
885 2864 942 2912 me
959 2851 1074 2912 mater
1128 2869 1171 2917 ex
1185 2853 1359 2918 divinitate
1375 2854 1468 2916 Patri
1489 2854 1594 2918 Filius
1612 2853 1808 2931 coaequatur.
1826 2846 1896 2912 Unde

278 2965 358 3012 :aea
371 2965 440 3012 aar:
451 2951 498 3012 stt
508 2949 683 3012 benedicta
695 2946 832 3028 (Jerem.
848 2964 906 3022 xx,
924 2945 988 3028 14).
1127 2951 1305 3028 Apostolus
1318 2954 1397 3018 :Qut
1406 2967 1484 3012 cum
1495 2956 1532 3014 m
1545 2955 1662 3027 tamnu
1672 2954 1735 3015 Dei
1744 2950 1834 3020 esset,
1844 2959 1896 3006 mn

321 3047 473 3111 Secunda
485 3046 692 3110 benedicitur
701 3047 780 3125 quia
795 3045 947 3110 subvenit
962 3045 1071 3118 morti,
1128 3052 1290 3124 rapinam
1306 3050 1500 3112 arbitratus
1521 3050 1573 3112 θεῖ
1595 3065 1670 3112 θεεθ
1697 3065 1735 3112 εθ
1758 3049 1896 3122 oepmlem

281 3145 321 3206 de
342 3161 409 3222 qua
426 3147 572 3208 loannes
591 3167 599 3206 ε
620 3147 737 3208 Omnis
753 3148 813 3220 pul
833 3145 936 3206 uatus
955 3144 1007 3205 θεῖ
1027 3159 1074 3206 ece
1126 3150 1199 3209 Dee
1218 3144 1356 3225 (Philip.
1372 3161 1410 3218 11,
1427 3143 1473 3226 6).
1496 3148 1582 3210 Nam
1601 3147 1741 3225 aequalis
1763 3146 1810 3206 θεῖ
1825 3137 1897 3206 Patri

279 3247 364 3316 Deo,
377 3257 447 3304 aaa
463 3244 584 3317 peccat
603 3242 739 3322 (lloan.
757 3258 789 3314 v,
812 3241 875 3322 18).
899 3243 989 3303 lianc
1004 3241 1074 3318 spi·
1129 3242 1308 3306 secundum
1324 3243 1543 3316 divinitatem,
1557 3244 1669 3306 minor
1688 3245 1785 3312 Patre
1797 3252 1897 3304 secun-

279 3339 435 3403 ritualem
462 3339 668 3404 nativitatem
702 3339 847 3401 carnalis
873 3338 957 3416 legis
990 3338 1072 3400 doc·
1127 3341 1205 3403 dum
1220 3341 1471 3406 humanitatem.
1486 3343 1581 3415 Quia,
1598 3359 1675 3410 cum
1690 3343 1733 3404 sit
1747 3345 1836 3409 Deus,
1853 3347 1898 3411 pm

278 3439 332 3500 ior
352 3437 538 3514 ignorabat,
564 3439 660 3500 nocte
681 3437 819 3500 veniens
839 3435 882 3498 ad
902 3439 1016 3500 lesum
1038 3436 1074 3498 ut
1128 3437 1223 3504 nobis
1236 3438 1342 3506 iactus
1358 3440 1529 3513 esthemo,
1553 3441 1586 3502 et
1607 3455 1683 3502 cum
1699 3441 1743 3506 sit
1754 3434 1897 3500 Dominus,

279 3536 455 3599 doceretur
469 3535 510 3598 ab
525 3551 575 3598 eo.
595 3537 697 3608 Quem
712 3535 836 3600 veritas
853 3535 901 3597 sic
916 3534 1050 3599 instruit
1064 3551 1070 3590 :
1128 3536 1296 3614 pronubis
1310 3537 1417 3602 iactus
1429 3539 1479 3600 θεῖ
1492 3519 1619 3612 servus,
1633 3539 1669 3600 et
1683 3554 1757 3600 cum
1771 3535 1812 3597 sit
1824 3535 1899 3593 crea·

280 3635 504 3704 Quadratum
516 3635 568 3697 θεῖ
582 3649 835 3698 eccamecaro
845 3633 907 3706 θεῖ,
919 3635 1006 3708 quod
1016 3647 1074 3694 aa·
1127 3636 1180 3697 tor
1200 3651 1259 3712 pro
1279 3635 1374 3698 nobis
1393 3635 1500 3700 lactus
1524 3637 1575 3700 est
1593 3638 1761 3698 creatura.
1783 3636 1841 3698 Per
1856 3641 1900 3689 οῖ·

281 3734 354 3794 tum
373 3734 486 3796 estem
503 3733 631 3807 spiritu
653 3734 800 3807 spiritus
818 3733 869 3794 θεῖ
890 3729 999 3810 (toan.
1022 3747 1072 3798 111,
1128 3749 1247 3794 cumen
1282 3734 1382 3795 scalae
1416 3733 1539 3796 Christi
1571 3733 1686 3798 Deitas
1721 3727 1897 3807 designatur.

277 3828 323 3909 6.).
346 3831 457 3892 Tertia
479 3831 637 3894 nativitas
658 3831 708 3892 est
721 3830 828 3902 beata,
853 3830 931 3908 quia
946 3829 1072 3908 justum
1128 3831 1257 3892 dicente
1271 3830 1430 3910 Apostolo
1447 3852 1455 3892 :
1474 3833 1584 3906 Caput
1596 3835 1667 3894 utri
1682 3831 1842 3898 Christus,
1860 3837 1901 3884 ch·

277 3928 313 3988 in
328 3927 434 4003 gloria
449 3928 648 3990 remunerat.
669 3928 762 3990 Unde
777 3928 932 3990 dicuntur
946 3927 1073 3989 natalia
1125 3929 1188 4002 put
1202 3929 1318 3990 autem
1341 3929 1468 3992 Gltrtstt
1486 3933 1579 3991 Desa:
1600 3930 1651 3992 est
1669 3928 1700 4009 (1
1718 3931 1789 3990 Gor.
1811 3940 1852 3992 m,
1864 3917 1899 3996 3)-

278 4025 467 4087 sanctorum
500 4025 570 4086 dies
606 4023 715 4087 obitus
751 4039 881 4090 eorum,
923 4023 1071 4096 scilicet,
1128 4027 1291 4087 Cacumen
1311 4025 1424 4103 itaque
1445 4026 1544 4088 scalae
1559 4025 1680 4088 coelum
1702 4016 1900 4100 tangitque

279 4121 409 4199 quando
423 4122 548 4184 intrant
560 4121 595 4182 in
610 4121 751 4197 gloriam
764 4121 934 4184 aeternam.
949 4123 995 4182 Ι)θ
1008 4137 1073 4198 qua
1128 4123 1219 4184 Patri
1241 4122 1345 4184 Filius
1366 4139 1425 4201 per
1441 4123 1648 4186 divinitatem
1665 4139 1702 4186 se
1717 4137 1788 4186 esse
1808 4128 1901 4194 aequa·

278 4219 468 4296 Propheta:
485 4220 981 4292 aecttqmmeuemmaemo
1001 4221 1071 4294 tua,
1128 4221 1192 4282 lem
1213 4221 1357 4284 ostendit
1376 4221 1490 4284 dicens
1509 4239 1516 4277 :
1541 4226 1615 4300 Epo
1633 4223 1667 4284 et
1689 4223 1796 4284 Pater
1812 4225 1901 4278 uuum

277 4321 432 4389 Domine,
456 4319 493 4380 tu
515 4321 678 4380 saeculum
698 4319 814 4379 saeculi
832 4319 1017 4379 mumdum
1040 4319 1073 4380 te
1126 4333 1247 4380 stemus
1262 4317 1372 4398 (toan.
1386 4335 1420 4391 x,
1437 4317 1579 4399 30).·lsti
1594 4319 1706 4396 angeli
1727 4333 1786 4396 par
1798 4311 1901 4377 scalam

279 4415 348 4496 (Pa.
364 4416 415 4488 83,
437 4411 483 4494 5).
500 4416 540 4477 ut
554 4414 626 4475 haec
647 4415 698 4476 θεῖ
721 4414 869 4476 omnium
884 4417 1072 4479 sanctorum
1127 4416 1343 4479 ascendentes
1357 4419 1390 4480 et
1407 4417 1666 4492 descendentes;
1688 4409 1901 4478 descendentes

277 4513 446 4575 nativitas.
474 4515 566 4574 Tunc
593 4512 681 4574 enim
709 4528 788 4574 vore
812 4514 1010 4587 nascuntur,
1040 4516 1074 4577 et
1127 4513 1527 4590 compassionemiseriee,
1546 4511 1902 4582 ascendentesinsupe-
1956 4545 1957 4560 .

278 4612 374 4688 quiesi
389 4611 429 4674 ad
454 4626 527 4673 esse
542 4611 730 4683 trabuntur,
753 4626 827 4671 cum
850 4611 890 4672 ad
905 4610 999 4674 illum
1015 4613 1072 4690 qui
1127 4611 1253 4672 riorum
1269 4611 1558 4689 contemplatione.
1574 4609 1745 4687 affligitur
1756 4607 1899 4677 infirmus

277 4710 460 4779 inecaret,
475 4707 683 4788 perveniunt.
701 4708 813 4772 Primo
834 4710 984 4772 nascitur
998 4711 1071 4788 quis
1127 4706 1288 4785 affligitur
1313 4709 1454 4772 activus,
1485 4708 1548 4770 Sed
1580 4707 1733 4771 infirmus
1761 4700 1901 4778 affligitur
1956 4743 1957 4798 i

278 4809 313 4870 ut
330 4808 439 4882 vivat;
456 4806 601 4870 secundo
621 4807 658 4870 ut
672 4807 763 4886 juste
777 4807 879 4880 vivat,
897 4810 968 4886 jam
988 4807 1072 4870 alter
1126 4806 1287 4883 languore
1310 4808 1448 4885 peccati,
1465 4808 1499 4870 et
1513 4808 1628 4884 nequit
1649 4805 1834 4868 ascendere.
1850 4801 1902 4859 lc*
1956 4819 1957 4822 ’

276 4905 382 4967 tactus
395 4921 438 4966 ex
452 4906 569 4977 altere,
583 4905 620 4968 ut
634 4905 746 4968 dicore
761 4906 887 4982 possit:
909 4910 990 4969 Vivo
1010 4922 1071 4984 ego
1126 4903 1216 4967 tivus
1233 4905 1394 4982 affligitur
1406 4905 1636 4984 compassione
1651 4903 1804 4974 miseriae,
1819 4898 1848 4960 et
1864 4893 1902 4954 sio
1956 4941 1957 4944 ,

268 5007 348 5078 jam
372 5017 441 5064 unu
466 5017 563 5079 epo...
592 4999 711 5074 (Galat.
741 5020 778 5075 11,
805 5002 876 5083 20);
907 5004 1005 5067 tertio
1037 5005 1072 5068 ut
1127 5005 1256 5080 oportet
1266 5020 1343 5066 eum
1356 5003 1567 5067 descendere.

275 5100 371 5162 beate
385 5100 485 5172 vivat,
502 5098 538 5161 ut
552 5099 662 5162 dicere
675 5101 804 5178 possit:
826 5105 991 5180 viceepc.
1167 5103 1248 5162 'ires
1275 5101 1363 5162 enim
1398 5102 1475 5166 suut
1502 5101 1701 5176 descensus;
1728 5099 1846 5176 primus
1873 5088 1901 5147 in

317 5199 420 5260 Item:
444 5197 483 5258 st
503 5212 662 5258 cacumen
683 5201 755 5275 ejus
777 5199 918 5276 tangens
939 5200 1069 5262 coelum.
1126 5200 1287 5276 languore
1306 5199 1424 5277 culpae,
1448 5199 1612 5264 secundus
1634 5199 1669 5260 in
1693 5191 1902 5273 compassione
1956 5251 1957 5260 χ

278 5296 358 5358 Coeli
377 5295 437 5356 alii
457 5295 535 5357 Sllsst
557 5295 760 5372 corporales,
785 5297 845 5357 alii
867 5299 1068 5386 spirituales.
1125 5298 1281 5370 miseriae,
1299 5299 1416 5360 tertius
1440 5299 1473 5358 in
1489 5296 1688 5362 humilitatis
1703 5290 1900 5364 exhibitione·

276 5393 470 5471 Corporales
499 5393 577 5456 sunt
607 5393 676 5456 tres
711 5415 719 5454 ε
752 5394 895 5471 primum
930 5398 981 5459 est
1010 5413 1070 5459 ae·
1125 5398 1256 5458 Primus
1277 5395 1457 5466 descensus
1480 5397 1531 5458 θεῖ
1549 5395 1657 5471 culpa,
1675 5389 1834 5454 secundus
1850 5381 1902 5444 mi·

276 5509 388 5562 renim,
419 5492 599 5553 secumdum
628 5491 810 5566 sidereum,
837 5494 972 5556 tertium
1000 5511 1071 5556 am·
1125 5494 1317 5567 sericordia,
1340 5493 1460 5555 tertius
1482 5491 1724 5554 benevolentia.
1743 5491 1788 5550 Do
1810 5483 1900 5564 prino

277 5605 425 5672 pyreum.
456 5593 597 5651 bereum
621 5591 672 5654 θεῖ
692 5591 844 5669 superior
865 5607 943 5668 pars
968 5593 1067 5664 aeris,
1124 5594 1283 5670 scriptum
1298 5593 1368 5655 est:
1386 5595 1466 5654 Neu
1486 5592 1630 5654 avertas
1649 5591 1772 5668 factem
1785 5586 1901 5646 emma

275 5688 363 5760 unde
384 5687 539 5752 dicuntur
559 5704 639 5753 aves
664 5689 751 5762 coeli,
770 5691 847 5769 quia
874 5690 1009 5754 manent
1034 5691 1068 5752 in
1123 5709 1190 5766 me,
1220 5691 1254 5754 et
1273 5705 1333 5758 ero
1352 5693 1476 5762 elutius
1499 5687 1776 5758 descendentibus
1800 5684 1832 5743 tu
1853 5681 1899 5738 mn
