3960 6304
78 329 119 394 45

77 490 204 558 abbati,
215 487 244 551 si
268 491 379 552 tamen
405 488 561 552 sacerdos
586 487 696 564 fuerit,
724 491 876 569 proprios

76 587 225 651 novitios
237 587 444 656 benedicere,
461 589 495 649 et
506 588 573 649 alia
584 604 658 665 quae
673 587 714 649 ad
730 589 876 649 officium

77 703 177 748 suum
192 685 359 763 pertinent
371 701 539 758 exercere,
556 686 622 747 eta
645 685 749 756 vobis,
765 686 875 747 omnia

76 784 119 846 ab
141 784 209 845 alio
235 784 390 860 episcopo
419 783 589 860 percipere
614 799 687 860 quae
720 799 740 844 a
765 785 876 844 vestro

76 882 203 944 fuerint
215 880 363 942 indebite
377 880 551 956 denegata.
570 881 654 941 lllud
669 880 874 958 adjicientes,

76 981 166 1042 utin
188 977 390 1055 recipiendis
412 977 674 1056 professionibus
692 995 764 1056 quae
784 978 877 1040 abe-

76 1077 222 1139 nedictis
245 1061 300 1138 vel
325 1075 559 1138 benedicendis
581 1074 755 1137 abbatibus
775 1076 875 1137 exbi-

75 1173 210 1246 bantur,
222 1189 261 1236 ea
272 1173 608 1251 sintepiscopiforma
620 1173 877 1252 etexpressione

75 1271 494 1349 contentiqaaeaborigine
505 1270 633 1332 ordinis
642 1271 794 1332 noscitur
806 1271 878 1332 ins-

76 1370 190 1442 tituta,
209 1372 245 1431 ut
262 1369 391 1430 scilicet
414 1368 551 1430 abbates
571 1369 637 1446 ipsi
653 1369 746 1430 salvo
761 1368 877 1430 ordine

75 1482 139 1527 suo
156 1466 305 1544 profiteri
321 1465 472 1538 debeant,
486 1466 522 1527 et
544 1468 660 1527 contra
678 1465 801 1528 statuta
816 1482 875 1527 or-

76 1563 170 1625 dinis
185 1564 238 1626 sui
253 1563 379 1624 nullam
398 1563 639 1641 professionem
661 1563 772 1625 facere
787 1579 879 1625 com-

76 1661 260 1740 pellantur.
278 1664 343 1723 Pro
368 1660 676 1723 consecrationibus
699 1678 779 1723 vero
792 1662 879 1723 alta-

75 1760 170 1820 rium
184 1759 237 1821 vel
263 1759 490 1832 ecclesiarum,
508 1759 579 1820 sive
601 1775 660 1836 pro
672 1759 745 1821 oleo
762 1760 876 1822 sancto

73 1857 132 1919 vel
141 1856 291 1935 quolibet
300 1856 527 1919 ecclesiastico
538 1859 757 1930 sacramento,
766 1858 878 1918 nullus

74 1972 97 2016 a
120 1954 218 2018 vobis
233 1955 294 2016 sub
317 1953 452 2017 obtentu
474 1954 723 2017 consuetudinis
737 1955 790 2016 vel
811 1955 878 2017 alio

74 2052 179 2114 modo
193 2051 373 2130 quidquam
385 2051 506 2114 audeat
517 2051 725 2130 extorquere,
740 2053 797 2113 sed
806 2053 878 2114 baec

75 2151 196 2212 omnia
220 2151 324 2226 gratis
357 2148 452 2211 vobis
477 2148 652 2226 episcopus
680 2150 877 2211 diocesanos

73 2235 878 2326 impendatltlioquinliceatvobisquemcumqrre

74 2345 269 2408 malueritis
301 2345 500 2407 catholicum
537 2346 630 2407 adire
662 2346 875 2418 anstistitem‚

73 2445 225 2520 gratiam
252 2443 284 2506 et
319 2443 584 2506 communionem
609 2444 808 2520 apostoncae
825 2447 879 2506 Se·

73 2542 132 2602 dis
157 2541 349 2614 habentem,
375 2542 433 2621 qui
461 2543 575 2605 nostra
601 2541 705 2603 fretus
729 2543 878 2604 auctori-

74 2641 152 2702 tate
167 2638 262 2701 vobis
276 2638 362 2717 quod
382 2640 568 2717 postulatur
589 2639 769 2717 impendat.
786 2640 878 2712 Quod

126 2737 224 2798 sedes
236 2737 418 2799 dioecesani
436 2737 582 2816 episcopi
601 2737 685 2800 forte
697 2738 876 2811 vacaverit,

74 2836 219 2898 interim
236 2836 347 2897 omnia
369 2836 594 2898 ecclesiastica
617 2836 825 2898 sacramenta
858 2852 878 2896 a

75 2933 205 2996 vicinis
220 2934 385 3010 episcopis
400 2934 552 3011 accipere
573 2933 677 2995 libere
698 2935 731 2996 et
754 2933 879 3012 absque

75 3031 346 3094 contradictione
360 3031 505 3109 possitis,
523 3032 572 3094 sic
581 3034 691 3093 tamen
707 3032 743 3094 ut
757 3047 799 3093 ex
816 3033 878 3093 boc

75 3131 113 3192 in
130 3129 303 3207 posterum
316 3129 459 3207 propriis
474 3129 638 3207 episcopis
649 3130 776 3190 nullum
791 3146 880 3207 prae-

72 3228 247 3305 judicium
272 3227 459 3304 generetur.
485 3228 569 3299 Quia
603 3243 683 3289 vero
714 3227 878 3290 interdum

74 3325 293 3403 propriorum
315 3325 546 3402 episcoporum
567 3325 697 3403 copiam
722 3341 789 3387 non
811 3327 877 3388 ba-

73 3422 176 3496 betis,
195 3423 226 3483 si
254 3439 350 3500 quem
366 3423 568 3501 episcopum,
585 3426 745 3486 Romanae
768 3424 876 3498 Sedis

75 3523 114 3583 ut
127 3521 289 3594 diximus,
313 3523 455 3598 gratiam
477 3521 510 3583 et
531 3522 797 3583 communionem
816 3523 879 3584 ba-

72 3617 225 3690 bentem‚
242 3618 275 3680 et
288 3619 329 3680 de
344 3635 407 3696 quo
421 3619 553 3696 plenam
577 3619 728 3681 notitiam
747 3617 876 3681 babea-

73 3717 131 3788 tis,
148 3731 285 3792 parvos
299 3716 442 3778 transire
457 3716 643 3792 contigerit,
659 3716 701 3778 ab
719 3733 757 3778 eo
780 3717 879 3778 bene-

74 3813 878 3885 dictionesvasorumetvestium,consecrationes

73 3911 250 3984 altarium,
266 3911 491 3972 ordinationes
506 3911 743 3972 monachorum
763 3911 879 3974 aucto-

73 4009 180 4071 ritate
207 4008 404 4085 Apostolicae
427 4008 521 4070 Sedis
551 4009 699 4085 recipere
724 4008 875 4070 valeatis.

74 4109 188 4169 Porro
205 4106 234 4166 si
242 4105 389 4183 episcopi
401 4107 455 4167 vel
465 4105 524 4168 alii
537 4106 753 4168 ecclesiarum
769 4109 879 4169 recto-

75 4219 134 4266 res
151 4204 189 4264 in
214 4203 451 4266 monasterinm
477 4205 624 4265 vestrum
643 4203 695 4265 vel
718 4219 877 4281 personas

75 4301 165 4364 inibi
192 4301 389 4364 constitutas
412 4302 658 4379 suspensionis
683 4317 878 4364 excommu-

74 4399 262 4462 nicationis
270 4400 323 4461 vel
337 4399 504 4462 interdicti
519 4399 717 4462 sententiam
731 4401 879 4476 promul-

75 4497 250 4576 gaverint,
263 4497 333 4560 sive
344 4496 444 4558 etiam
456 4497 492 4558 in
507 4497 730 4558 mercenarios
738 4499 876 4572 vestros,

76 4611 142 4674 pro
158 4610 200 4656 eo
215 4593 301 4671 quod
314 4593 475 4666 decimas,
499 4593 585 4655 sicut
599 4594 722 4655 dictum
737 4595 797 4666 est,
812 4611 878 4656 non

76 4691 286 4772 persolvitis,
316 4691 387 4754 sive
410 4691 523 4768 aliqua
557 4691 731 4752 occasione
764 4707 879 4753 eorum

77 4807 157 4869 quae
173 4789 216 4850 ab
231 4788 412 4866 apostolica
425 4788 630 4864 benignitate
644 4787 737 4850 vobis
752 4789 879 4852 indulta

78 4889 171 4959 sunt,
190 4903 251 4948 seu
263 4885 492 4948 benefactores
507 4888 648 4957 vestros,
664 4901 724 4963 pro
740 4901 779 4947 eo
794 4887 879 4964 quod

78 4987 199 5064 aliqua
208 4983 303 5046 vobis
322 4983 483 5045 beneficia
493 4983 546 5044 vel
562 4981 719 5061 obsequia
732 5000 776 5045 ex
792 4985 881 5046 cari-

77 5087 151 5147 tate
177 5082 404 5160 praestiterint,
417 5082 470 5142 vel
491 5081 531 5142 ad
552 5080 770 5142 laborandum
785 5083 882 5163 adju-

77 5181 197 5268 verint
205 5181 241 5240 in
255 5179 322 5240 illis
336 5178 462 5248 diebus,
471 5179 505 5239 in
514 5177 633 5255 quibus
640 5195 697 5240 vos
710 5179 879 5253 laboratis,

79 5283 115 5342 at
139 5277 200 5339 alii
221 5277 395 5348 feriantur,
415 5276 563 5337 eamdem
588 5277 784 5337 sententiam
800 5294 880 5354 per-

80 5374 237 5446 tulerint,
245 5374 351 5451 ipsam
365 5375 523 5451 tanquam
541 5373 656 5434 contra
669 5373 762 5435 Sedis
775 5377 882 5452 Apos-

79 5470 879 5548 tolicaeindultaprolatamduximusirritandam.

82 5571 155 5632 Nec
178 5570 300 5631 litterae
322 5569 388 5630 illae
411 5567 599 5630 firmitatem
619 5567 774 5642 habeant,
798 5578 880 5646 quas

84 5667 188 5733 tacito
201 5667 334 5730 nomine
350 5665 581 5730 Cisterciensis
592 5666 880 5729 ordinisetcontra

635 404 640 414 ,
714 315 944 393 crismam.
968 324 1047 390 tre.
1071 325 1097 390 r,

1688 323 1727 382 46

931 465 1081 550 tenorem
1097 486 1353 564 apostolicorum
1370 483 1619 562 privilegiorum
1629 499 1727 545 cons-

930 593 1036 656 titerit
1053 593 1236 670 impetrari.
1259 593 1425 654 Praeterea
1453 608 1527 652 cum
1553 607 1726 651 commune

930 690 1141 754 interdictum
1167 689 1395 766 terraefuerit,
1412 689 1512 750 liceat
1529 688 1623 749 vobis
1636 687 1727 749 nibi-

931 790 1074 850 lominus
1087 789 1122 849 in
1143 787 1256 850 vestro
1271 787 1484 859 monasterio,
1504 786 1649 847 exclusis
1661 801 1726 847 ex-

930 885 1181 949 commrmicatis
1201 886 1233 947 et
1256 885 1454 958 interdictis,
1480 885 1592 946 divina
1616 883 1727 945 officia

931 984 1114 1046 celebrare.
1152 983 1231 1044 Pac-i
1271 998 1401 1060 quoque
1429 983 1462 1044 et
1493 981 1727 1059 tranquillitati

931 1081 1050 1142 vestrae
1076 1080 1215 1158 paterna
1243 1082 1278 1140 in
1305 1079 1474 1156 posterum
1502 1078 1726 1139 sollicitudine

931 1178 1105 1255 providere
1131 1178 1292 1249 volentes,
1314 1177 1511 1238 auctoritate
1537 1175 1727 1252 apostolica

930 1275 1156 1352 probibemus
1170 1276 1206 1337 ut
1217 1274 1305 1336 infra
1314 1275 1488 1336 clausuras
1503 1273 1652 1334 locorum
1665 1290 1724 1334 seu

931 1373 1147 1450 grangiarum
1171 1374 1357 1436 vestrarum
1370 1372 1482 1433 nullus
1503 1371 1655 1447 rapinam
1668 1388 1727 1432 seu

932 1470 1054 1532 furtum
1067 1471 1188 1544 facere,
1213 1471 1324 1547 ignem
1336 1485 1514 1548 apponere,
1532 1470 1727 1546 sanguinem

932 1567 1080 1640 fundere,
1093 1566 1260 1629 bominem
1281 1568 1405 1629 temere
1420 1583 1538 1645 capere
1550 1567 1603 1629 vel
1623 1567 1728 1628 inter-

932 1665 1043 1737 ficere,
1058 1681 1117 1726 seu
1124 1665 1316 1727 violentiam
1329 1665 1450 1726 audeat
1460 1681 1627 1726 exercere.
1641 1667 1737 1742 Prae-¹

931 1764 1024 1826 terea
1047 1778 1162 1824 omnes
1186 1763 1355 1825 libertates
1389 1765 1423 1824 et
1452 1763 1678 1825 immunitates
1707 1780 1727 1824 a

933 1859 1235 1938 praedecessoribus
1260 1860 1396 1930 nostris,
1413 1861 1572 1922 Romanis
1588 1861 1729 1922 Pontifi-

933 1958 1039 2031 cibus,
1056 1959 1165 2021 ordini
1179 1961 1291 2021 vestro
1307 1974 1495 2031 concessas,
1522 1975 1582 2020 nec
1598 1974 1664 2019 non
1680 1959 1726 2018 li-

932 2055 1078 2119 bertates
1097 2057 1131 2119 et
1148 2056 1375 2132 exemptiones
1401 2056 1603 2118 secularium
1623 2072 1727 2118 exac-

931 2155 1058 2217 tionum
1082 2171 1101 2216 a
1126 2155 1260 2231 regibus
1282 2155 1315 2216 et
1342 2154 1548 2232 principibus
1573 2155 1626 2216 vel
1650 2154 1727 2215 aliis

933 2253 1084 2314 fidelibus
1098 2253 1344 2315 rationabiliter
1364 2253 1458 2315 vobis
1480 2253 1626 2314 indultas
1646 2269 1728 2314 auc-

932 2349 1268 2427 toritateApostolica
1277 2349 1511 2411 confirmamus
1520 2350 1727 2426 etpraesentis

934 2447 1050 2524 scripti
1060 2446 1235 2524 privilegio
1249 2448 1501 2509 communimus.
1510 2446 1727 2508 Decernimus

934 2561 1024 2622 ergo,
1037 2546 1073 2607 ut
1085 2545 1168 2606 nulli
1188 2544 1322 2606 omnino
1338 2544 1509 2606 hominum
1523 2545 1622 2606 liccat
1636 2560 1726 2621 prae-

933 2641 1036 2705 fatum
1049 2642 1287 2704 monasterium
1307 2642 1432 2704 temere
1444 2642 1648 2720 perturbare,
1670 2644 1728 2704 aut

933 2745 1006 2820 ejus
1022 2740 1251 2818 possessiones
1270 2740 1413 2812 auferre,
1430 2741 1483 2801 vel
1498 2739 1626 2802 ablatas
1645 2740 1729 2802 reti·-

933 2855 1025 2912 nere,
1042 2839 1204 2912 minuere,
1216 2854 1276 2900 seu
1284 2837 1485 2915 quibuslibet
1495 2837 1727 2918 vexationibus

933 2935 1086 3012 fatigare,
1109 2935 1167 2997 sed
1190 2936 1302 2997 omnia
1322 2935 1453 3011 integra
1475 2936 1725 3005 conserventur,

933 3050 1047 3096 eorum
1060 3050 1120 3112 pro
1133 3050 1272 3111 quorum
1284 3033 1524 3109 gubernatione
1539 3049 1579 3094 ac
1595 3034 1730 3095 susten·
1798 3071 1802 3078 ·

933 3133 1057 3195 tatione
1084 3147 1242 3194 concessa
1270 3131 1346 3192 sunt
1381 3131 1496 3191 usibus
1529 3132 1726 3193 omnimodis

934 3229 1117 3308 profutura,
1134 3229 1227 3292 salva
1243 3228 1336 3290 Sedis
1359 3229 1558 3307 apostolicae
1575 3229 1728 3293 auctori-

932 3331 1010 3390 tate.
1027 3328 1061 3388 Si
1076 3343 1140 3404 qua
1152 3326 1255 3402 igitur
1276 3327 1312 3388 in
1332 3325 1478 3388 futurum
1500 3327 1727 3388 ecclesiastica

933 3425 1135 3486 secularisve
1154 3440 1296 3501 persona
1317 3424 1404 3485 banc
1423 3425 1545 3485 nostrae
1566 3425 1729 3486 constitu-

931 3523 1032 3588 tionis
1060 3521 1215 3600 pagiuam
1239 3522 1348 3583 sciens
1370 3524 1485 3584 contra
1506 3538 1580 3583 eam
1603 3521 1727 3584 temere

933 3621 1046 3681 venire
1074 3619 1261 3691 tentaverit,
1287 3620 1431 3680 secundo
1460 3620 1600 3681 tertiove
1634 3635 1726 3681 com-

933 3719 1068 3789 monita,
1086 3717 1151 3777 nisi
1161 3718 1290 3778 reatum
1302 3732 1398 3776 suum
1409 3731 1555 3790 congrua
1568 3716 1725 3777 satisfac-

932 3816 1022 3877 tione
1040 3813 1235 3884 correxerit,
1256 3813 1428 3890 potestatis
1453 3813 1654 3889 honorisque
1674 3814 1727 3874 sui

932 3911 1093 3988 dignitate
1112 3911 1236 3983 careat,
1253 3925 1411 3986 reamque
1426 3925 1462 3970 se
1477 3909 1590 3971 divino
1598 3911 1733 3986 judicio.

932 4011 1076 4072 existere
1087 4009 1127 4070 de
1147 4007 1335 4086 perpetrata
1350 4007 1524 4084 iniquitate
1538 4010 1725 4083 cognoscat,

932 4111 996 4170 eta
1016 4106 1242 4169 sacratissimo
1260 4120 1398 4182 corpore
1424 4120 1463 4165 ac
1483 4105 1645 4180 sanguine
1667 4105 1732 4166 Dei.

932 4207 965 4269 et
978 4205 1110 4267 Domini
1124 4203 1352 4280 Redemptcris
1369 4202 1479 4287 nostri
1501 4205 1581 4265 Jesu
1604 4202 1727 4265 Cbristi

913 4305 1042 4366 aliena
1055 4301 1238 4378 dabatque
1257 4301 1293 4362 in
1314 4301 1462 4363 extremo
1484 4301 1637 4362 examine
1658 4301 1730 4362 dis-

931 4397 1727 4475 trictaeultionisubjaceatflunctisautemeidem

933 4500 1006 4561 loco
1029 4513 1089 4558 sua
1112 4499 1190 4574 jnra
1214 4495 1423 4558 servantibus
1450 4495 1493 4555 sit
1516 4511 1582 4571 pax
1597 4496 1727 4556 Domini

933 4595 1039 4659 nostri
1049 4598 1129 4657 lesu
1144 4593 1277 4665 Christi,
1296 4594 1458 4669 quatenus
1472 4593 1505 4652 et
1519 4591 1573 4652 hic
1585 4591 1729 4654 fructum

933 4695 1028 4756 bonae
1053 4693 1194 4754 actionis
1218 4690 1413 4766 percipiant,
1429 4687 1461 4750 et
1485 4688 1571 4766 apud
1596 4689 1759 4751 ‹listric-·¹

933 4794 1002 4856 tum
1006 4786 1296 4869 Judicempraemia
1304 4785 1725 4862 aeternaepacisinveniant.

934 4893 1050 4950 Amen.
1063 4890 1179 4949 Amen.
1193 4888 1308 4946 Amen.

975 4989 1042 5062 Ego
1055 4982 1233 5054 Honorius,
1247 4979 1419 5042 catholicae
1430 4979 1586 5042 Ecclesiae
1600 4981 1734 5058 episco-

912 5147 913 5150 ,
935 5100 1007 5162 pus,
1025 5080 1219 5158 subscripsi.

975 5183 1042 5256 Ego
1056 5179 1225 5250 Nicolaus,
1238 5176 1446 5238 Tusculanus
1457 5176 1642 5253 episcopus,
1657 5176 1734 5238 sub-

936 5292 1180 5450 scggglduido
1196 5370 1422 5433 Praenestinus
1445 5369 1629 5446 episcopus,
1652 5370 1733 5431 sub-

936 5487 1256 5644 scssgffhugohnus,
1281 5564 1442 5626 Ostiensis
1463 5565 1495 5625 et
1515 5563 1733 5626 velletrensis

936 5666 1122 5744 episcopus,
1138 5661 1330 5738 subscripsi.
