3986 6304
86 303 135 368 137
700 299 930 364 EPISTOLAE.
954 300 1033 363 L1B.
1057 299 1081 361 1.
1664 298 1724 359 238

87 461 299 530 sacratissimo
321 475 460 538 corpore
493 463 526 524 ei
553 463 716 540 sanguine
734 463 867 526 Domini
926 462 1073 540 quicum
1092 477 1159 521 non
1173 458 1279 537 possit
1297 457 1418 538 ubique
1433 458 1654 536 personaliter
1668 459 1725 522 in·

89 561 180 624 nostri
189 563 265 624 iesu
276 559 398 622 Christi
409 561 539 626 allenus
554 560 624 634 ilat,
637 561 669 623 et
679 561 745 624 nist
758 577 868 624 emen·
925 561 1062 632 teresse,
1077 559 1145 635 agit
1155 557 1349 636 plerumque
1362 573 1421 637 per
1431 557 1515 620 alios
1528 558 1618 619 vices
1631 573 1722 630 suas,

89 658 204 722 daverit
215 673 288 719 cum
300 657 385 721 Juda
397 659 557 722 traditore
572 659 608 720 in
622 659 754 722 inferno
767 659 868 737 parti·
926 660 962 720 ut
983 658 1031 719 sic
1051 656 1198 723 membra
1218 657 1349 734 singula
1364 657 1520 718 uirtutem
1533 655 1651 733 capitis
1666 669 1724 717 re·

91 755 273 834 cipationem
282 756 413 830 habeat,
426 759 460 818 et
469 757 555 836 quod
569 757 679 818 facere
690 773 869 836 praesump-
926 757 1136 835 praesentent.
1158 757 1208 817 lix
1227 755 1289 816 boc
1309 755 1420 833 itaque
1439 754 1518 826 luit,
1545 754 1630 832 quod
1656 769 1723 815 non

90 855 160 917 serit
170 854 297 916 irritum
311 854 355 916 sit
370 854 402 918 et
414 855 591 917 evanescat
610 857 642 917 et
658 855 795 934 insuper
809 871 870 918 sex
925 857 994 916 tam
1008 868 1160 932 personae
1174 851 1376 914 venerabilis
1392 851 1505 914 iratrIs
1517 851 1623 913 nostri
1638 855 1724 913 Lun-

91 952 182 1015 millia
203 951 393 1027 solidorum,
410 955 443 1015 et
461 953 535 1015 auri
554 952 716 1016 talentum
735 969 870 1031 compo·
926 952 1038 1014 densis
1059 951 1302 1028 archiepiscopi
1324 950 1489 1022 meritum,
1511 964 1610 1027 quam
1632 949 1724 1012 lruc-

91 1052 148 1114 nat.
161 1052 236 1112 Haec
250 1063 330 1112 vero
342 1052 436 1114 carta
451 1053 485 1114 S.
501 1053 545 1113 M.
563 1053 596 1114 C.
612 1053 648 1114 L.
668 1053 744 1113 VIII
759 1051 792 1113 et
806 1051 869 1112 luit
925 1051 994 1112 tum
1008 1050 1063 1128 qui
1077 1048 1252 1127 provenire
1265 1047 1386 1126 poterit
1398 1047 1585 1108 animarum
1607 1047 1722 1109 sedula

92 1147 231 1209 roborata
245 1148 348 1210 indie
367 1149 481 1211 sancto
497 1148 635 1211 Paschae
649 1164 763 1212 mense
778 1148 870 1226 apri·
926 1148 1152 1210 moderatione
1168 1147 1344 1226 pensantes
1358 1146 1449 1209 uices
1462 1145 1592 1207 nostras
1604 1147 1673 1207 tam
1688 1147 1723 1208 in

93 1246 183 1319 lis‚id
203 1249 264 1320 est,
281 1247 357 1309 VIII
386 1245 548 1308 kalendas
572 1247 669 1320 maii,
686 1247 768 1308 luna
789 1248 870 1322 XV3
927 1246 1095 1308 Lundensi
1132 1263 1231 1326 quam
1264 1247 1300 1308 in
1339 1245 1515 1324 Upsalensi
1540 1243 1722 1321 prouinciis

90 1343 873 1407 annolncarnationisDominIcaemillcsimocen-
927 1345 1034 1407 eidem
1074 1344 1326 1423 arciriepIscopo
1371 1343 1527 1406 duximus
1571 1341 1724 1404 commit-

89 1442 192 1504 testmo
203 1439 267 1522 (sic
285 1441 320 1502 tn
337 1441 416 1522 llis.)
427 1442 605 1519 vigesimo,
623 1441 806 1504 indIctione
818 1457 874 1502 se-
925 1443 1054 1518 tendas,
1076 1445 1112 1506 ut
1125 1443 1165 1505 de
1180 1443 1263 1522 ipsis
1277 1442 1421 1504 fructum
1436 1441 1556 1503 aderat
1579 1441 1636 1518 qui
1657 1456 1724 1502 non

90 1535 193 1612 cunda,
210 1555 414 1601 concurrens
430 1542 484 1614 1v,
500 1541 606 1619 epact
628 1541 733 1614 nulla,
761 1539 873 1618 ponti-
927 1541 1023 1620 perit,
1046 1542 1078 1604 et
1093 1542 1146 1604 sui
1165 1541 1309 1603 nominis
1329 1541 1509 1604 redolentis
1524 1539 1636 1617 opinio
1652 1553 1726 1599 res-

89 1637 191 1698 ileatus
202 1638 315 1699 autem
331 1637 456 1700 domini
469 1639 595 1716 Ugonis
608 1639 758 1717 ejusdem
770 1637 874 1700 eccle·
927 1639 1013 1718 piret
1023 1640 1158 1702 odorem
1171 1641 1244 1716 agri
1257 1639 1357 1717 pleni,
1378 1638 1432 1701 cui
1445 1637 1604 1700 Dominus
1621 1635 1725 1711 bene-

90 1734 137 1796 siae
155 1735 301 1814 episcopi
319 1751 407 1802 anno
426 1739 534 1810 sexta,
555 1753 617 1813 ego
636 1736 753 1813 regina
784 1735 874 1797 Tha·
927 1739 1022 1800 dixit.
1039 1737 1183 1800 Proinde
1198 1738 1233 1800 in
1249 1738 1302 1799 bis
1318 1753 1390 1816 quae
1411 1737 1452 1798 ad
1468 1751 1562 1798 suam
1584 1735 1725 1796 audien-

89 1833 166 1892 rasia
198 1833 339 1908 gloriosi
370 1834 582 1912 imperatoris
610 1833 767 1895 Ildelonsi
803 1833 873 1895 fllia
927 1837 1008 1900 tiam
1018 1836 1059 1897 de
1069 1837 1237 1914 praedictIs
1250 1835 1431 1914 provinciis
1442 1832 1637 1896 deseruntur
1649 1847 1726 1893 era·

89 1928 162 1990 hauc
184 1931 310 1992 cartam
333 1930 525 1995 testamenti
553 1949 613 1994 seu
631 1932 766 1994 cautum
789 1947 871 2009 pro·
927 1935 1062 1997 minatis
1071 1951 1131 1996 seu
1142 1933 1283 2012 cognttis
1292 1949 1402 1996 causae
1413 1929 1725 2008 meritlsdiligenter

89 2028 158 2104 priis
171 2027 251 2090 meis
275 2029 427 2090 manibus
443 2045 509 2092 una
529 2047 604 2093 cum
627 2047 791 2094 consensu
810 2031 873 2094 tilii
927 2033 1032 2095 malos
1048 2034 1210 2102 coerceat,
1232 2034 1264 2094 et
1281 2033 1412 2110 iniquos
1430 2032 1463 2092 et
1477 2029 1574 2108 iuxta
1590 2029 1724 2090 modurn

89 2125 143 2186 mei
156 2125 313 2188 ildefonsi
328 2127 361 2190 at
374 2127 518 2190 tiliarum
533 2145 682 2192 mearum
696 2129 826 2192 Uraicae
840 2132 873 2192 ct
927 2129 1032 2208 culpae
1045 2131 1206 2193 canentes
1220 2129 1383 2194 districtio
1401 2129 1532 2206 culpam
1547 2126 1646 2189 terlat
1660 2126 1722 2188 de-

90 2222 215 2286 sanctiae
227 2223 364 2286 roboro.
381 2241 400 2286 a
926 2229 1119 2308 linquentis,
1136 2229 1184 2292 ita
1201 2228 1288 2307 quod
1303 2228 1448 2290 illibatas
1464 2227 1574 2290 servet
1589 2223 1724 2286 cuilibet

121 2337 203 2400 Nulli
216 2355 300 2416 ergo
315 2339 462 2414 omnipo,
478 2341 594 2404 elom„
615 2343 739 2404 nostrae
754 2342 872 2405 confir.
922 2330 1000 2405 jura
1013 2343 1084 2400 sua,
1102 2327 1135 2391 et
1159 2327 1189 2389 si
1208 2326 1250 2390 ab
1268 2323 1379 2404 aliquo
1394 2325 1435 2387 ab
1450 2325 1523 2402 ipso
1538 2321 1725 2399 archiepis-

91 2436 239 2510 mationis,
256 2438 312 2499 ete
313 2481 374 2498 .....
391 2437 516 2516 Siquis
532 2440 655 2508 autem,
674 2439 736 2502 etc,
752 2439 872 2504 patum
926 2440 1008 2502 copo
1050 2422 1150 2486 luerit
1182 2424 1382 2502 appellatum
1416 2419 1568 2483 deserens
1603 2419 1723 2480 honori

91 2531 238 2608 balenam,
255 2535 289 2596 11
299 2533 460 2598 kalendas
470 2535 642 2608 februarii,
658 2537 871 2615 pontificatus
927 2521 1233 2600 sedisapostolicae
1249 2522 1336 2584 sicut
1350 2519 1447 2583 debet
1460 2519 1639 2582 terminum
1654 2518 1724 2578 sta-

91 2631 180 2692 nostri
193 2647 284 2696 anno
298 2633 417 2711 primo.
925 2619 996 2683 tuat
1008 2619 1202 2699 appellanti,
1223 2617 1312 2681 inira
1332 2635 1429 2698 quem
1445 2617 1511 2679 nisi
1525 2615 1724 2695 appellatio-

926 2734 1002 2781 nem
1026 2735 1120 2781 suam
1147 2718 1249 2781 luerit
1274 2718 1486 2796 prosecutus
1512 2718 1660 2796 extunc
1688 2713 1729 2802 in

926 2817 1060 2894 negotio
1077 2819 1152 2896 ipsa
1173 2817 1298 2896 praeuia
1312 2817 1443 2878 ratione
1456 2812 1625 2893 procedat.
1642 2814 1723 2874 Cum

405 2896 544 2988 CXCII
927 2917 1038 2976 autem
1062 2914 1240 2991 contigerit
1274 2912 1563 2990 archiepiscopum
1598 2925 1725 2970 memo-

925 3011 1036 3074 ratum
1057 3011 1162 3075 dictas
1185 3011 1376 3090 pronuncias
1406 3011 1545 3072 visitare
1568 3021 1724 3086 procura-

925 3111 1034 3174 tiones
1047 3111 1159 3188 exigat
1171 3109 1369 3184 moderatas,
1386 3108 1419 3171 et
1441 3109 1469 3170 sl
1485 3123 1549 3185 qua
1561 3105 1724 3168 benoncia

924 3211 1018 3273 tanto
1034 3211 1183 3288 tempore
1201 3207 1405 3276 vacaverint,
1428 3206 1515 3285 quod
1536 3204 1577 3266 ad
1597 3219 1660 3264 nos
1680 3203 1723 3264 sit

926 3323 1041 3370 eorum
1065 3307 1198 3370 collatio
1225 3306 1406 3369 secundum
1435 3304 1557 3367 statuta
1585 3302 1725 3363 Latera-

134 3166 179 3233 11
196 3176 372 3236 Valerium
390 3177 609 3252 Upscianscm
620 3180 818 3254 episcopam

280 3272 316 3334 ct
326 3272 567 3350 suprapancea
581 3275 668 3348 ejas.

926 3406 1040 3468 nensis
1056 3405 1196 3468 concilii
1209 3403 1374 3478 devoluta,
1391 3402 1492 3465 liceat
1508 3401 1572 3480 ipsi
1585 3399 1724 3462 archie-

359 3491 485 3552 10‘f2bi·
508 3493 586 3552 ¹²¹⁷·
927 3505 1063 3583 piscopo
1101 3504 1252 3582 personis
1282 3501 1412 3565 idoneis
1451 3502 1525 3580 ipsa
1560 3497 1722 3561 conferre.

211 3635 373 3704 [mm
386 3636 455 3691 vigi,
467 3635 728 3702 Aqq10,q‚p‚q⁶3,]
927 3602 1096 3665 Praeterea
1118 3601 1192 3680 plus
1219 3601 1406 3663 animarum
1432 3593 1581 3677 periculo
1600 3611 1724 3674 praeca·

926 3717 1016 3774 vere,
1033 3715 1131 3778 quam
1151 3698 1257 3760 eidem
1277 3697 1528 3774 archiepiscopo
1546 3693 1723 3772 providere

925 3792 1724 3872 volentes,auctoritatepraesentiumindulgentes

929 3896 963 3958 ut
983 3896 1082 3958 liceat
1099 3893 1162 3956 sibi
1183 3893 1225 3955 iis
1247 3893 1359 3972 quiin
1383 3907 1545 3954 canonem
1560 3888 1636 3952 latae
1653 3905 1726 3950 sen·

927 3993 1040 4057 tentiae
1063 3991 1262 4063 inciderunt,
1282 4005 1403 4052 munus
1419 3987 1638 4051 absolutionis
1660 3985 1725 4048 im-

928 4092 1085 4171 pendere,
1101 4089 1167 4166 nisi
1185 4090 1253 4152 tam
1268 4087 1369 4152 luerit
1389 4088 1536 4152 enormis
1554 4100 1723 4158 excessus,

25 3851 26 3910 l
92 3860 221 3935 ilgnillcat
239 3879 273 3922 sc
288 3863 411 3922 Andree
428 3861 574 3921 bundensi
592 3861 808 3935 archiepiscopo
827 3860 870 3918 vi-

25 3955 26 4008 }
120 3964 162 4010 ces
180 3968 246 4012 suas
264 3961 326 4011 tam
347 3953 376 4010 in
400 3951 545 4011 lundensi
562 3965 648 4026 quem
669 3951 700 4038 in
722 3949 873 4023 Upsalensi

25 4019 27 4024 ⁸
121 4043 265 4111 prounens
278 4041 468 4101 committens.

929 4190 1014 4269 quod
1041 4188 1176 4267 propter
1196 4187 1406 4250 atrocitatem
1433 4185 1583 4265 injuriae,
1609 4184 1645 4246 ut
1668 4183 1727 4246 alii

125 4281 152 4340 1⁸
173 4280 229 4360 qui
251 4282 334 4346 facit
361 4281 498 4360 angelos
524 4296 603 4344 suos
635 4281 772 4360 spiritus
799 4297 874 4344 cum
926 4285 1117 4351 terreantur
1144 4285 1295 4363 exemplo
1313 4285 1489 4348 adsedem
1506 4285 1572 4346 sint
1592 4285 1728 4361 Aposto-

25 4419 26 4424 1
94 4374 200 4454 singuli
215 4381 283 4444 Sint
297 4379 339 4442 ad
351 4376 544 4442 'ministeria
564 4379 722 4458 deputati,
734 4395 795 4457 per
817 4393 875 4442 00⁸
928 4386 1027 4448 ilcam
1037 4383 1236 4448 destinandi.
1251 4383 1299 4448 Ad
1315 4385 1389 4446 haec
1401 4399 1475 4445 cum
1486 4381 1727 4458 crucesignatis

96 4479 236 4550 ⁰l0r³lur
252 4495 323 4540 811ae
338 4478 565 4558 disspositionis
580 4492 750 4550 arcanum,
766 4477 875 4538 idem·
929 4484 987 4562 qui
994 4483 1119 4546 luerint
1130 4483 1165 4544 in
1178 4482 1360 4561 provinciis
1369 4481 1545 4544 antedictIs
1559 4479 1727 4540 inhabiles

95 4585 238 4646 quernus
253 4575 384 4638 stabilis
408 4576 442 4638 θῑ
459 4575 740 4637 incommutabilis
761 4589 877 4654 perse·
930 4599 973 4645 ex
992 4580 1205 4645 facultatibus
1228 4579 1287 4644 aut
1309 4577 1462 4657 perscnIs
1480 4577 1522 4640 ad
1541 4577 1727 4638 subsidium

94 4681 207 4748 illins,
233 4674 333 4754 110111
351 4674 425 4737 vult
442 4673 561 4736 dividit
579 4672 732 4750 Singulis,
755 4674 788 4734 et
806 4672 877 4734 dis·
930 4683 1041 4744 Terrae
1055 4679 1184 4741 Sanctae
1201 4677 1265 4738 sibi
1282 4675 1392 4748 liceat,
1408 4690 1483 4736 cum
1498 4674 1656 4753 expedire
1670 4674 1727 4736 vi-

97 4771 197 4842 pensu
230 4771 412 4835 secundum
447 4771 569 4834 secreti
610 4771 663 4833 sui
697 4771 876 4832 consilium
931 4778 1026 4851 dent,
1041 4775 1320 4854 daspensarerota
1335 4773 1615 4853 peregrinationis
1627 4772 1730 4835 umus

96 4865 249 4932 umversa.
270 4871 346 4933 Non
363 4870 463 4932 allter
477 4869 586 4932 autem
602 4869 670 4932 imo
684 4868 754 4930 lere
775 4868 877 4930 simili
930 4876 966 4937 in
981 4873 1072 4938 aliud
1090 4873 1304 4935 commutata.
1327 4873 1364 4933 ln
1383 4871 1436 4934 his
1456 4871 1566 4934 autem
1589 4885 1633 4933 cx
1652 4871 1728 4933 abts

98 4963 210 5028 ratione
246 4983 395 5046 praesens
429 4967 583 5040 ecclesia,
621 4983 695 5046 quae
727 4967 878 5044 peregri-
931 4989 1006 5052 quae
1036 4969 1261 5051 pontificalem
1284 4969 1424 5047 exigunt
1448 4969 1645 5046 gravitatem
1681 4971 1732 5032 sic

97 5062 180 5125 latur
188 5065 224 5126 111
238 5066 338 5128 terris
352 5065 395 5128 ad
410 5066 517 5128 instar
534 5064 637 5138 illius,
655 5065 879 5144 (1113θὶ111311-
933 5070 1154 5150 saepedictum
1167 5067 1456 5146 archiepIscopum
1468 5083 1640 5146 speramus
1653 5083 1734 5132 auc·

97 5153 212 5225 diorum
222 5163 408 5227 aeternitate
416 5163 609 5242 trIumplrat,
621 5163 733 5241 plures
744 5162 878 5225 ordines
932 5173 1005 5234 tore
1030 5169 1169 5231 nomme
1196 5183 1430 5246 processurum
1464 5167 1550 5245 quod
1584 5166 1730 5229 osticium

25 5345 26 5354 Ν
98 5251 192 5334 luet
216 5261 258 5324 ue
277 5261 396 5341 quibus
420 5261 450 5324 is
470 5261 527 5340 qm
553 5276 744 5338 supremum
768 5259 878 5322 locum
933 5267 1069 5332 creans
1082 5265 1145 5328 sna
1160 5265 1396 5330 samonuumis
1410 5264 1588 5345 pastoralis
1608 5265 1649 5326 au
1665 5264 1730 5327 no-

96 5349 228 5420 obticet
220 5376 255 5422 m
270 5360 384 5423 eadem
399 5359 456 5422 uni
471 5358 633 5439 praecipit,
646 5358 680 5422 et
693 5357 878 5438 illejubcn·
933 5379 1050 5427 norem
1067 5361 1128 5424 Dei
1146 5361 1180 5425 et
1202 5361 1360 5424 Ecclesia
1388 5363 1547 5424 Romanae
1567 5359 1729 5437 proficiet,

98 5447 131 5510 tis
146 5457 332 5535 exsequitur
354 5457 570 5520 uoluntatem.
594 5458 741 5535 Cumque
763 5456 877 5519 crateri
933 5476 973 5522 ac
996 5458 1138 5522 salutem
1161 5457 1354 5534 operabItur
1382 5456 1579 5518 animarum.
1614 5457 1734 5518 Datum

25 5541 27 5580 l
98 5551 192 5613 uocati
215 5554 316 5616 sint
306 5571 342 5617 m
366 5556 494 5634 partem
517 5553 763 5627 sollicitudinis,
790 5569 878 5616 uuus
933 5554 1105 5625 Laterani,
1129 5551 1284 5614 kalendis
1310 5549 1487 5623 februarii,
1522 5549 1737 5628 pontificatus

101 5643 195 5712 tamen
214 5653 387 5730 praeminet
407 5667 450 5716 ex
471 5651 678 5732 plenitudine
693 5651 878 5731 potestatis,
934 5649 1138 5712 nostrianno
1150 5647 1269 5724 primo.
