4082 6342
110 387 168 446 ³⁵31?

478 549 545 642 XL

109 708 163 768 Aa
180 704 335 768 abbatem
356 707 398 766 de
423 705 614 776 0191111119,
631 703 906 777 9191111991119-

150 820 234 865 rum
261 805 303 864 de
316 803 488 864 Mostadto
502 803 537 865 et
550 803 758 878 manistram
776 805 908 862 991911-

151 913 233 960 rum
247 898 413 960 Xcucton.

404 1001 441 1060 30
449 1009 522 1075 9911.
534 1002 612 1060 litt.

143 1118 256 1182 [aegest.
272 1115 317 1168 lib.
330 1117 360 1176 li,
373 1117 447 1182 epist.
459 1115 721 1168 caullaudante
736 1115 770 1166 dn
781 1113 875 1182 risit]

110 1221 661 1298 11911911111919119Β111111919119911
678 1220 707 1281 ln
729 1211 907 1282 sacerdotem

350 1312 475 1370 ordinari
489 1314 672 1387 compellant.

150 1430 329 1503 Honorius,
360 1429 435 1505 919,
462 1431 592 1493 dilectis
620 1429 699 1492 tiliis
730 1426 840 1492 abbati
867 1429 907 1492 de

110 1529 282 1590 Grandim.
311 1530 516 1592 xanctonen.
542 1527 693 1602 dioecesi,
718 1528 909 1606 archipres-

110 1626 227 1704 bytero
252 1626 292 1688 de
309 1627 521 1700 Mastadio...,
543 1628 577 1691 91
598 1626 755 1704 magistro
771 1625 907 1687 schola-

111 1741 187 1785 ram
202 1723 365 1786 xancton.
937 1711 938 1716 ἵ

150 1822 299 1883 Dilectus
326 1822 416 1883 illius
435 1824 473 1884 A.
491 1821 701 1900 Burdigalen.
728 1821 908 1884 canonicus

110 1919 236 1981 nostris
250 1919 387 1982 auribus
398 1919 573 1993 intimavit,
586 1919 672 1999 quod
688 1919 766 1981 licet
775 1922 811 1980 L.
824 1921 909 1981 Bur-

111 2016 258 2092 digalen.
275 2017 419 2078 decanus
434 2020 506 2097 jam
521 2035 540 2079 a
558 2017 731 2079 duodecim
753 2017 850 2078 annis
876 2015 909 2078 et

110 2115 201 2176 ultra
229 2114 414 2192 possederit
446 2114 661 2188 decanatum,
685 2130 773 2194 saepe
798 2113 908 2176 tamen

110 2211 259 2274 monitus
287 2213 395 2276 noluit
423 2213 458 2275 in
481 2213 710 2292 presbyterum
748 2213 906 2275 ordinari.

110 2311 192 2370 Cum
203 2311 306 2386 igitur
319 2311 355 2372 in
371 2311 588 2374 Lateranensl
610 2311 752 2374 concilio
772 2310 909 2388 provida

110 2406 213 2470 fuerit
225 2407 462 2471 deliberatione
474 2409 644 2482 statutum,
657 2409 694 2472 111
703 2407 820 2470 decani
833 2407 910 2468 fun-

109 2503 235 2583 gantur
259 2505 367 2569 officio
394 2507 587 2579 sacerdotis,
613 2506 805 2570 discretioni
828 2522 907 2568 ves-

110 2608 172 2667 trae
186 2620 246 2683 per
255 2605 444 2682 apostolica
459 2603 581 2681 scripta
594 2605 800 2676 mandamus,
824 2619 909 2681 qua-

109 2709 208 2766 tenus
223 2702 396 2781 praefatum
420 2701 581 2764 decanurn
597 2703 633 2764 ut
654 2702 727 2764 sine
751 2702 910 2764 dilatione

114 2800 274 2878 qualibet,
291 2800 421 2862 statutis
440 2799 655 2877 temporibus,
669 2815 704 2862 se
720 2800 755 2861 in
772 2798 911 2878 presby-

109 2901 221 2960 terum
241 2897 343 2959 faciat
356 2897 516 2970 ordinari,
534 2897 713 2960 monitione
725 2898 908 2974 praemissa,

110 3011 173 3073 per
187 2993 445 3057 subtractionem
466 2993 619 3057 beneficii
640 2995 832 3066 decanatus,
853 3012 911 3056 su-

109 3088 201 3155 biato
225 3092 459 3170 appellationis
481 3092 666 3165 obstaculo,
691 3093 907 3170 compellatis.

111 3191 226 3253 Testes
242 3191 362 3264 antem,
389 3191 464 3262 etc,
488 3191 589 3252 nullis
608 3191 728 3252 litteris
748 3190 911 3252 obstanti-

112 3289 175 3350 bus
213 3288 336 3365 preater
370 3303 543 3350 assensum
576 3289 731 3366 partium.
761 3289 852 3361 Quod
882 3289 909 3350 si

112 3403 179 3450 non
196 3401 321 3458 omnes,
338 3386 414 3459 etc,
427 3386 491 3449 duo
507 3387 664 3448 vestrum.
693 3386 909 3448 1191111119-

111 3485 167 3557 tri,
185 3485 223 3546 13
238 3483 397 3546 kalendas
408 3483 552 3546 octobris
568 3499 657 3546 anno
672 3484 828 3547 secundo.

470 3653 557 3742 XLI

132 3805 185 3864 Ad
201 3803 356 3866 abbatem
370 3807 404 3867 S.
420 3805 665 3866 Bartholomaet
682 3805 840 3866 11991911.
857 3803 891 3866 91

192 3903 228 3965 S.
245 3905 348 3980 1111111
364 3902 488 3964 Pontis
501 3904 657 3964 dtoecests
669 3904 829 3964 Noctem.

403 4023 622 4097 3099111111.
662 4017 665 4023 ’

145 4137 263 4203 [itemst.
275 4137 364 4200 libii,
379 4137 454 4203 epist.
465 4138 518 4190 111,
531 4137 589 4189 lies.
603 4137 640 4189 La
650 4137 727 4190 Porta
739 4137 879 4204 derisit]

112 4242 453 4317 1199991911111111111999
470 4259 556 4318 super
574 4243 726 4317 praebenda
741 4244 771 4302 in
789 4243 909 4303 ecclesia

318 4333 414 4390 Sancti
427 4333 561 4391 Germani
573 4332 706 4391 ambian.

153 4449 322 4511 Honorius
355 4449 485 4512 dilectis
516 4449 594 4511 illiis
624 4449 737 4512 Sancti
765 4450 910 4514 Bartho-

113 4545 225 4608 lomaei
244 4548 396 4609 Noviom.
416 4549 448 4610 91
468 4547 580 4610 Sancti
600 4547 698 4625 langii
718 4546 832 4609 Pontis
852 4545 912 4609 ab·

112 4643 257 4718 batibus,
283 4645 317 4708 et
330 4645 434 4723 priori
456 4645 567 4708 Sancti
590 4645 688 4723 Eligit
704 4645 818 4709 Pontis
841 4647 912 4708 iio-

112 4743 258 4804 viomen.
275 4743 439 4806 dioecesis.

153 4839 273 4902 Dilecti
294 4839 391 4902 filii...
415 4838 529 4909 abbas,
546 4842 579 4902 et
598 4839 780 4902 conventus
799 4839 911 4902 Sancti

112 4937 278 5000 Jobannis
301 4937 496 5000 ambianen.
514 4938 843 5000 premonstratensis
862 4953 913 5000 or·

114 5035 213 5107 dinis,
241 5035 436 5097 transmissa
451 5034 547 5096 nobis
562 5034 721 5112 petitione
742 5035 910 5097 monstra-

114 5134 209 5204 runt,
237 5133 441 5210 quodquam
462 5133 558 5209 juxta
587 5133 797 5210 privilegium
826 5133 912 5210 quod

113 5230 320 5292 monasterio
344 5230 655 5293 Praemonstratensi
676 5246 790 5292 eorum
812 5229 912 5308 capiti

115 5343 135 5390 a
152 5327 237 5392 Sede
251 5328 440 5404 Apostolica
454 5329 579 5406 stipsis
594 5343 614 5391 a
633 5327 728 5391 bonae
744 5327 912 5389 memoriae

115 5427 153 5486 P.
168 5425 258 5488 1111111
274 5426 388 5488 Sancti
402 5426 565 5499 Marcelli,
588 5425 781 5505 presbytero
802 5425 914 5487 cardi-

115 5524 197 5596 nali,
214 5525 294 5586 tunc
308 5525 508 5602 Apostolioae
524 5525 619 5586 Sedis
638 5525 757 5600 legato,
784 5524 914 5602 specia-

116 5620 193 5684 liter
207 5622 259 5684 ast
273 5621 448 5692 indultum,
464 5625 502 5686 ut
518 5624 554 5684 in
569 5639 684 5685 eorum
708 5622 858 5685 ecclesiis
872 5621 913 5682 de

116 5720 187 5780 suis
214 5721 387 5782 canonicis
419 5721 594 5783 instituant
622 5720 826 5797 capellanos,
857 5717 914 5798 qui

736 335 964 442 91191911.
989 375 1065 438 nra.
1090 377 1130 437 n.

1700 381 1758 442 518

960 537 1148 599 dioecesano
1161 537 1225 599 loci
1240 537 1280 600 de
1296 538 1534 616 spiritualibus,
1551 537 1662 603 abbati
1677 557 1756 604 vero

961 635 1000 697 de
1013 635 1252 712 temporalibus
1270 636 1412 700 debeant
1433 639 1652 714 respondera;
1669 639 1756 701 idem

960 733 1062 794 abhas
1081 733 1255 811 qnamdam
1269 737 1528 796 concanonicum
1543 753 1639 797 suurn
1660 753 1757 798 vene-

961 825 1059 892 rabili
1082 830 1179 893 fratri
1199 832 1349 893 nostro...
1377 833 1571 895 Ambianen.
1600 835 1756 912 episcopo

961 929 1001 989 ad
1026 929 1201 991 ecclesiam
1227 929 1338 992 Sancti
1366 931 1521 992 Germani
1546 930 1754 1004 ambianen,

961 1041 1058 1104 quam
1077 1027 1186 1107 bonae,
1197 1027 1365 1089 memoriae
1380 1028 1440 1089 Tb.
1456 1028 1651 1091 Ambianen.
1669 1032 1759 1107 apis-

961 1137 1062 1201 copus
1084 1124 1125 1186 da
1139 1136 1304 1186 consensu
1320 1125 1458 1202 capituli
1473 1124 1537 1186 sibi
1557 1127 1612 1203 pia
1629 1126 1757 1188 libera-

960 1221 1053 1284 litate
1067 1221 1219 1294 donarat,
1246 1238 1306 1300 per
1319 1223 1466 1300 eJusdem
1488 1225 1683 1286 monasterii
1707 1241 1759 1286 ca·

962 1322 1098 1383 nonicos
1123 1321 1377 1398 procurandam,
1408 1321 1441 1383 at
1467 1321 1563 1384 bonae
1590 1323 1758 1384 memoriae

960 1419 1014 1478 W.
1051 1421 1186 1482 Romen.
1224 1419 1494 1497 archiepiscopus
1532 1419 1756 1492 confirmavit,

961 1515 1047 1578 sicut
1070 1531 1113 1578 ex
1140 1531 1256 1578 eorum
1284 1515 1405 1579 litteris
1433 1532 1596 1595 apparere
1624 1517 1757 1592 dicitur,

962 1613 1121 1675 canonice
1145 1614 1389 1691 praesentasset,
1415 1615 1493 1692 qnia
1520 1615 1608 1676 idern
1630 1616 1760 1692 episco-

962 1723 1024 1788 pus
1046 1712 1154 1789 ipsum
1170 1712 1211 1774 ad
1225 1727 1298 1773 eam
1313 1711 1486 1774 admittere
1501 1713 1573 1774 sina
1588 1727 1689 1774 causa
1704 1729 1762 1774 19-

961 1807 1113 1870 tionabili
1124 1802 1319 1885 denegabat,
1331 1807 1489 1886 praefatus
1499 1809 1601 1870 abbas
1612 1810 1759 1872 sentiens

962 1919 1163 1968 9999911111
1183 1907 1420 1969 monasterium
1442 1906 1563 1969 exinde
1584 1906 1758 1970 1191119919

961 2003 1111 2080 gravari,
1148 2006 1299 2067 nostram
1329 2003 1532 2067 9111911191
1568 2005 1757 2083 appellavit.

962 2102 1099 2163 interim
1113 2115 1193 2164 vero
1209 2102 1431 2179 appellatione
1445 2102 1593 2178 legitime
1615 2103 1662 2164 919
1678 2119 1761 2181 pan-

963 2198 1072 2272 dente,
1102 2202 1138 2261 B.
1167 2199 1309 2262 clericus
1333 2199 1373 2262 de
1398 2201 1580 2278 praemissis
1609 2201 1760 2266 omnibus

962 2312 1030 2357 non
1061 2296 1189 2359 faciens
1223 2299 1438 2370 mentionem,
1473 2299 1506 2360 91
1534 2296 1763 2361 fraudulenter

963 2409 1145 2471 suggerens
1161 2396 1246 2472 qnod
1263 2395 1414 2472 praedicti
1433 2394 1535 2456 abbas
1557 2397 1589 2457 et
1612 2412 1761 2458 conven-

963 2492 1016 2553 tus
1039 2496 1256 2554 memoratam
1279 2491 1455 2554 ecclesiam
1469 2508 1530 2569 per
1548 2509 1625 2554 91199
1649 2493 1762 2555 claus-

963 2589 1066 2650 trales
1081 2588 1228 2651 fecerant
1236 2595 1302 2666 'per
1314 2588 1503 2667 quindecim
1517 2606 1623 2653 annos
1642 2593 1676 2654 et
1689 2607 1763 2654 am-

964 2685 1052 2763 plius
1076 2686 1228 2760 detineri,
1254 2703 1320 2748 non
1340 2687 1494 2750 curantes
1516 2704 1589 2750 eam
1611 2689 1762 2751 99119119

964 2799 1116 2860 personae
1141 2783 1281 2858 idoneae,
1309 2801 1382 2862 quae
1408 2785 1443 2846 in
1464 2786 1549 2863 ipsa,
1566 2787 1664 2864 prout
1682 2804 1763 2849 cura

964 2879 1080 2956 exigit,
1097 2879 1291 2954 deserviret,
1314 2897 1416 2958 quum
1440 2881 1476 2943 in
1503 2883 1643 2945 veritate
1671 2884 1762 2945 illam

964 2976 1088 3039 diritius
1104 2977 1241 3056 pacifice
1256 2978 1493 3056 possedissent,
1506 2980 1585 3041 ad...
1600 2980 1764 3043 archidia-

964 3088 1083 3136 conum
1104 3074 1293 3138 Atrebaten.
1319 3077 1351 3136 et
1374 3079 1445 3153 ejus
1467 3076 1612 3154 collegas
1632 3080 1762 3140 nostras

964 3171 1092 3236 litteras
1103 3171 1301 3249 impetravit,
1317 3174 1363 3246 ut,
1377 3174 1406 3233 si
1418 3173 1506 3236 esset
1516 3175 1574 3248 ita,
1586 3175 1762 3238 ecclesiam

964 3271 1071 3347 ipsam
1096 3269 1159 3331 sibi
1186 3269 1385 3344 conferrent,
1413 3271 1653 3336 nonobstante
1678 3291 1763 3354 11119-

965 3367 1040 3428 dam
1068 3367 1286 3444 induigentia,
1310 3385 1374 3448 qua
1399 3370 1490 3448 ipsos
1511 3369 1633 3434 abusos
1656 3371 1761 3435 fuisse

965 3464 1112 3538 dicebat,
1143 3467 1275 3544 proviso
1298 3467 1411 3529 tamen
1436 3483 1478 3529 ne
1506 3469 1593 3532 idem
1620 3471 1763 3534 clericus

964 3565 1049 3626 alios
1074 3563 1214 3628 baberet
1236 3564 1394 3638 redditus,
1423 3563 1543 3642 quibus
1569 3583 1649 3628 cura
1677 3568 1763 3632 foret

965 3664 1151 3724 animarum
1174 3676 1316 3723 annexa.
1343 3661 1478 3724 Praefati
1493 3679 1572 3726 vero
1593 3665 1763 3728 archidia-

965 3774 1078 3832 conns,
1105 3761 1138 3821 91
1158 3762 1230 3837 ejus
1245 3759 1392 3835 collegae,
1413 3761 1511 3836 prout
1532 3762 1628 3824 91911
1642 3763 1762 3841 eipius

965 3857 1073 3919 debito
1099 3855 1314 3929 favorabiles,
1347 3871 1408 3917 199
1437 3857 1642 3920 mandatoris
1668 3877 1764 3922 men-

963 3955 1049 4027 tem,
1080 3968 1142 4016 nec
1174 3955 1397 4016 conditionem
1427 3954 1545 4017 litteris
1578 3959 1762 4036 appositam

965 4051 1189 4125 attendentes,
1226 4051 1391 4129 1199191111
1425 4053 1611 4116 litterarum
1640 4056 1761 4134 hujus-

965 4150 1053 4212 modi
1080 4150 1292 4228 saepedictam
1314 4151 1497 4212 ecclesiam
1513 4153 1620 4214 eidem
1642 4155 1763 4218 clerico

964 4263 1139 4326 perperam
1154 4248 1382 4325 contulerunt;
1408 4265 1428 4310 a
1451 4250 1568 4327 quibus
1583 4251 1683 4314 iidem
1699 4254 1762 4315 ab·

964 4345 1024 4408 bas
1039 4347 1071 4409 91
1085 4349 1266 4408 conventus
1278 4348 1459 4410 sentientes
1475 4348 1621 4412 indebite
1634 4366 1670 4411 se
1685 4367 1764 4428 gra-

964 4443 1049 4518 vari,
1065 4447 1213 4507 nostram
1233 4445 1437 4507 audientiam
1452 4448 1677 4525 appellarunt3
1703 4448 1761 4510 sed

965 4542 1015 4604 illl
1046 4543 1267 4622 appellatione
1296 4545 1494 4621 contempta,
1520 4560 1595 4606 eum
1614 4547 1760 4608 induxe-

965 4641 1043 4704 runt
1051 4640 1087 4702 in
1098 4630 1342 4719 possessionem
1355 4639 1461 4718 ipsius
1477 4642 1628 4705 ecclesiae
1638 4659 1761 4721 corpo-

964 4731 1514 4816 19191911991199991999199199,
1531 4755 1570 4802 ac
1585 4742 1763 4818 parocbia-

965 4851 1025 4898 nos
1060 4834 1251 4898 earumdem
1276 4835 1505 4913 multipliciter
1534 4825 1765 4916 aggravanda

966 4935 1074 5006 Quare
1101 4931 1249 5010 saepefati
1273 4931 1375 4994 abbas
1400 4935 1433 4996 91
1457 4939 1638 5000 conventus
1666 4939 1762 5001 nobis

966 5031 1136 5093 humiliter
1157 5029 1397 5108 supplicarunt,
1414 5033 1642 5112 multiplicatis
1658 5037 1763 5100 inter-

966 5127 1173 5192 cessionibus
1193 5127 1422 5204 plurimorum,
1440 5131 1496 5210 qui
1513 5147 1612 5212 super
1627 5134 1690 5198 hoc
1705 5153 1761 5198 eos

967 5228 1036 5289 stris
1055 5225 1255 5290 testimoniis
1278 5225 1492 5306 adjuvabant,
1515 5233 1552 5292 ut
1575 5249 1674 5310 quum
1702 5250 1763 5296 ne-

966 5319 1049 5387 mi'ni
1079 5323 1283 5403 patrocinari
1317 5325 1434 5389 debeat
1472 5343 1551 5389 91119
1581 5330 1693 5404 dolus,
1730 5335 1763 5394 et

966 5423 1111 5501 deceptis
1144 5423 1272 5486 soleant
1295 5425 1374 5501 jura
1395 5424 1540 5502 publica
1572 5423 1766 5504 subvenire,

967 5519 1175 5584 indemnitati
1189 5521 1336 5598 ejusdem
1363 5523 1557 5585 monasterii
1577 5539 1677 5604 super
1700 5528 1763 5592 boc

967 5619 1450 5697 dignaremurmisericorditer
1461 5623 1644 5698 providere.
1661 5627 1764 5702 Igitur

967 5719 1031 5780 etsi
1045 5716 1197 5795 occupati
1212 5731 1292 5794 erga
1319 5718 1461 5795 plurima
1485 5721 1518 5784 91
1539 5721 1673 5796 turbati,
1700 5741 1762 5784 ne-
