4106 6328
237 531 273 578 x1
700 513 834 576 bontNt
857 513 1097 576 HIERONYMI
1118 513 1296 574 BOTTINO
1320 513 1427 571 t'l'sl.
1839 527 1888 574 till

237 675 265 730 iu
286 674 403 730 scientia
427 671 587 746 theologica
609 687 694 744 quam
717 671 843 745 pluribus
865 671 948 730 aunis
969 685 1035 729 cum
1090 670 1237 744 incompti,
1245 683 1330 742 quam
1340 679 1369 728 ut
1379 669 1506 742 periculo
1514 677 1726 742 exponerentur
1734 669 1871 742 pereundi
1878 687 1887 742 ;

236 771 337 845 plausu
359 771 463 828 docuit.
493 771 568 828 Talis
593 777 654 828 erat
679 771 733 839 vir,
760 770 808 842 qui
834 768 1035 841 multiplicibus
1089 767 1283 841 multiplicatis
1305 767 1497 839 impressione
1517 765 1740 840 exemplaribus,
1761 766 1887 826 luturum

237 868 354 925 obrutus
377 867 530 936 laboribus,
553 883 602 940 per
626 869 730 926 multos
751 882 843 924 annos
865 867 1036 924 successivis
1090 879 1154 922 esse
1170 871 1200 922 ut
1213 865 1370 922 excitentur
1384 865 1438 921 viri
1457 863 1543 933 docti,
1562 863 1611 936 qui
1630 863 1796 923 inchoatum
1814 880 1889 939 opus

236 965 315 1023 horis
335 980 419 1023 curas
437 979 504 1022 suas
523 965 660 1037 impendit
676 963 810 1022 eruendis
830 979 865 1021 ex
884 964 1035 1036 pulveroso
1090 962 1239 1035 perliciaut
1252 967 1282 1020 et
1305 961 1453 1020 absolvant
1470 961 1499 1018 in
1519 960 1663 1034 publicum
1683 963 1820 1020 Ecclesiae
1834 963 1884 1021 bo·

236 1062 338 1123 Codice
369 1063 555 1120 sermonibus
581 1062 698 1119 lionorii
729 1064 785 1130 ΙΙΙ,
821 1061 1035 1134 pretiosissimis
1090 1075 1169 1130 uum,
1189 1059 1265 1132 quud
1293 1060 1323 1116 in
1347 1057 1487 1130 ejusmodi
1514 1059 1600 1116 rebus
1622 1059 1707 1118 unice
1722 1059 1887 1118 habendum

236 1176 315 1229 sune,
333 1161 438 1232 quippe
459 1161 488 1216 in
503 1159 606 1232 quibus
620 1158 729 1232 lutgeat
746 1157 840 1216 adbuc
853 1160 987 1232 vigorosa
1007 1165 1036 1215 et
1090 1170 1149 1230 pre
1162 1156 1254 1214 oculis
1268 1163 1364 1227 est3et
1378 1155 1503 1228 quando,
1521 1155 1617 1216 oblata
1630 1165 1790 1231 opportuna
1803 1172 1887 1216 occa·

235 1258 373 1316 naturalis
396 1265 524 1314 veterum
551 1260 665 1314 Patrum
691 1257 868 1329 eloquentia,
895 1271 958 1329 que
986 1269 1032 1314 sc·
1089 1255 1180 1323 sione,
1196 1268 1254 1311 non
1268 1260 1371 1326 praesto
1384 1253 1546 1312 estbcuum
1557 1253 1716 1326 perlectum
1729 1254 1886 1328 quodolie·

236 1357 335 1428 quiure
364 1361 447 1412 etate
474 1353 663 1411 artifletostori
691 1354 889 1426 enervrorique
921 1352 1035 1410 dicendi
1089 1359 1176 1420 ratur,
1190 1349 1396 1408 conserendum
1411 1365 1477 1410 esse
1499 1350 1568 1410 illud
1582 1351 1659 1424 quod
1677 1353 1814 1426 suppetit,
1830 1369 1889 1426 quo

236 1453 337 1526 generi
349 1453 443 1510 locum
455 1452 550 1509 cessit.
567 1449 726 1508 Dolendum
741 1449 867 1524 prolecto
882 1452 1034 1524 egregium
1090 1449 1204 1507 taudem
1215 1449 1251 1506 sd
1272 1449 1430 1522 perlectum
1451 1448 1558 1507 bouum
1578 1449 1760 1510 ascendatur.
1779 1453 1890 1510 luvitus

236 1551 329 1608 virum
351 1543 479 1607 ultimam
502 1563 618 1605 manum
641 1547 820 1621 expoliendis
845 1548 900 1606 illis
918 1548 1031 1606 Sermo·
1088 1547 1162 1605 cessi
1178 1547 1272 1619 potius
1295 1560 1380 1618 quam
1395 1547 1530 1604 consensi
1552 1547 1672 1604 aliorum
1691 1551 1844 1606 seutentiae
1859 1557 1889 1608 et

235 1647 319 1704 uibus
345 1648 476 1719 uotisque
497 1645 666 1720 opportunis
689 1645 863 1702 illustrandis
889 1659 1034 1719 apponere
1089 1644 1241 1715 instantias,
1256 1651 1341 1716 utque
1356 1645 1471 1701 Bottiuii
1486 1645 1722 1718 manuscriptum,
1743 1647 1828 1718 quale
1852 1647 1889 1705 ab

234 1759 292 1802 uon
311 1744 447 1817 potuisse.
471 1742 527 1801 Sed
551 1741 729 1800 adoraudum
748 1743 800 1801 Dei
823 1741 974 1800 consilium
993 1742 1032 1800 ita
1087 1743 1150 1816 ipso
1165 1742 1295 1799 relictum
1308 1739 1411 1810 luerat,
1427 1740 1530 1799 tradidi
1544 1741 1780 1801 doctaeSocietati
1795 1759 1811 1801 a
1824 1745 1885 1802 vul·

236 1843 425 1914 disposuerat.
1087 1839 1191 1914 gaudis
1209 1837 1289 1897 libris
1303 1839 1499 1908 ecclesiaticis,
1516 1853 1639 1912 sperans
1657 1853 1772 1914 quoque
1788 1841 1886 1900 erudi-

269 1941 337 1996 Post
351 1937 458 1996 obitum
472 1937 623 1996 clarissimi
637 1937 778 2008 viri,cum
794 1951 860 2010 spes
875 1951 932 1994 uou
948 1935 1031 1995 allul·
1087 1945 1131 1996 tos
1156 1937 1234 1994 viros
1253 1937 1331 1994 illam
1352 1944 1559 2009 componentes
1581 1943 1667 2010 atque
1689 1939 1887 2012 promovendo

234 2043 317 2112 geret
336 2034 443 2092 inlelici
463 2035 518 2092 buc
539 2041 708 2108 tempestate
722 2034 860 2108 vulgandi
879 2049 962 2108 opus,
978 2033 1033 2092 boc
1086 2034 1222 2093 Ecclesia
1233 2033 1309 2091 bono
1317 2033 1438 2103 deditos,
1454 2047 1512 2092 uon
1525 2049 1633 2107 paucos
1647 2035 1745 2109 operis
1756 2035 1888 2096 deiectus

234 2134 392 2206 sepositum
421 2133 568 2202 remansit,
589 2141 674 2206 capto
698 2131 820 2190 consllio
845 2131 1031 2204 exspectandi
1087 2131 1146 2190 lore
1158 2137 1347 2200 correcturos,
1355 2143 1475 2188 necnon
1485 2132 1888 2205 pluremuedesiderabsntur

234 2231 568 2304 circumstantiasmagis
578 2231 726 2303 propitias,
734 2229 836 2303 quibus
843 2229 961 2303 expoliri
970 2243 1032 2302 pos·
1086 2228 1276 2302 suppleturos,
1294 2241 1349 2301 qua
1361 2227 1392 2285 iu
1402 2241 1434 2286 re
1449 2236 1479 2287 ut
1494 2231 1602 2302 possim
1617 2245 1682 2290 esse
1701 2232 1885 2306 reprehensi·

235 2335 279 2388 set
296 2336 325 2387 et
346 2328 454 2401 perlici,
468 2327 544 2400 quod
559 2327 730 2400 perturbatis
745 2327 825 2385 bisce
843 2326 1030 2401 temporibus,
1085 2325 1160 2394 bilis,
1174 2333 1250 2384 certe
1262 2325 1382 2384 intentio
1394 2323 1560 2384 conterendi
1573 2343 1631 2386 uon
1646 2329 1718 2388 nibil
1730 2329 1766 2388 ud
1777 2331 1886 2389 bonum

233 2425 371 2498 dispersis
393 2425 462 2482 uiris
485 2425 629 2500 religiosis
646 2433 674 2482 et
688 2425 718 2482 in
747 2425 868 2482 summis
890 2425 1032 2499 angustiis
1086 2439 1238 2482 commuue
1251 2423 1303 2482 lult
1318 2434 1405 2484 recta.
1417 2427 1498 2498 Quod
1513 2429 1537 2487 si
1549 2435 1645 2486 autem
1655 2429 1886 2501 prestantissimi

233 2523 407 2593 constitutis,
422 2531 451 2580 et
472 2523 597 2580 maxime
607 2521 724 2596 direptis
743 2521 934 2592 bibliothecis,
950 2529 980 2580 ut
996 2521 1031 2579 ab
1084 2522 1137 2578 uiri
1152 2537 1186 2580 sc
1201 2525 1342 2598 magistri,
1357 2527 1523 2601 imprudens
1547 2533 1576 2584 et
1598 2541 1808 2600 praeproperus,
1827 2541 1886 2584 nou

235 2621 330 2693 aliquo
349 2619 438 2694 digne
451 2627 641 2692 praestaretur,
655 2627 716 2677 erat
732 2619 879 2678 moraliter
895 2619 1028 2692 impossi·
1086 2619 1165 2688 satis,
1177 2627 1208 2678 ut
1217 2623 1375 2694 oportebat,
1387 2631 1508 2683 terrente
1520 2625 1714 2682 consuluerim
1725 2625 1885 2694 memoriae,

234 2717 301 2776 bila.
320 2718 357 2775 dt
372 2731 448 2775 auno
474 2717 601 2790 proxime
624 2715 732 2789 elapso,
747 2717 800 2774 uiri
816 2717 895 2774 omui
908 2731 1029 2774 venera·
1086 2716 1216 2776 dillleiles
1227 2725 1312 2793 atque
1327 2722 1431 2796 inique
1446 2723 1531 2797 plane
1546 2721 1652 2781 luctum
1667 2729 1805 2780 excusent
1817 2729 1887 2781 tem

233 2817 312 2875 tione
344 2813 425 2888 digni
457 2813 605 2888 inopinato
637 2814 769 2872 insistere
798 2821 962 2888 coeperunt,
1001 2821 1032 2873 ut
1087 2829 1186 2887 porum
1210 2818 1442 2892 circumstantiae,
1466 2827 1494 2878 et
1521 2821 1558 2894 pii
1585 2821 1648 2894 ejus
1676 2819 1748 2877 mibi
1769 2821 1885 2878 veniam

233 2912 379 2984 exemplar
392 2913 617 2986 manuscriptum
631 2912 789 2969 traderetur
802 2912 936 2970 Societati
948 2927 963 2969 a
977 2927 1029 2985 pu·
1085 2912 1245 2972 concedant
1256 2931 1367 2996 manes,
1385 2918 1497 2991 qulbus,
1517 2919 1647 2976 omnium
1662 2917 1811 2977 cbristiaui
1831 2920 1883 2976 bo·

233 3009 374 3068 blicandis
389 3009 468 3068 libris
490 3009 703 3068 ecclesiasticis.
727 3010 916 3084 Responsioui
930 3024 1029 3067 exem·
1085 3011 1172 3069 minis
1199 3012 1327 3072 laborum
1357 3015 1454 3085 linem,
1483 3031 1582 3073 veram
1607 3016 1638 3074 iu
1671 3030 1729 3073 nou
1758 3016 1884 3074 desitura

235 3107 298 3182 plur
319 3121 377 3166 nou
396 3121 461 3166 esse
483 3115 683 3181 preparatum,
700 3107 802 3165 deesse
825 3107 919 3167 adbuc
942 3107 1030 3166 multa
1085 3111 1185 3166 aeterni
1195 3109 1354 3187 inlluitique
1365 3113 1481 3172 luminis
1493 3115 1735 3187 contemplatione
1746 3128 1887 3188 apprecor

236 3221 300 3278 uuae
316 3205 443 3278 suppleri
458 3201 605 3275 deberent,
622 3205 815 3280 opponebant,
839 3207 944 3264 melius
966 3221 1031 3263 csse
1066 3205 1263 3294 *felicitatem

234 3311 264 3360 ut
280 3303 433 3362 Sermones
459 3303 587 3374 Honorii,
603 3303 663 3376 jam
678 3302 726 3362 diu
741 3303 863 3377 quesiti,
886 3303 1031 3379 prodirent
1689 3307 1741 3367 Str.

424 3533 520 3590 Rornae,
535 3531 576 3584 die
589 3533 621 3584 20
635 3533 695 3584 febr.
711 3533 779 3584 tcta.
