3960 6304
268 338 310 400 se
887 326 1063 391 eunoun
1084 327 1130 390 111
1151 325 1299 390 ornan.
1838 341 1865 398 i,

271 495 368 568 savit,
380 491 687 556 archidiaconatum
700 489 808 568 ipsum
822 487 930 550 eidem
944 504 1069 567 praepo
1123 487 1212 552 esset
1225 487 1394 554 subiciens
1412 491 1453 554 ad
1473 491 1634 569 agendum
1647 493 1679 556 et
1691 509 1724 556 se
1735 497 1870 560 contuma-

271 595 335 656 sito
350 591 548 654 auctoritate
558 589 746 665 legationis,
768 603 833 666 qua
856 586 1066 664 fungebatur,
1124 588 1207 648 citer
1218 588 1304 650 idem
1317 591 1341 650 Ι.
1359 590 1518 668 aiudicio
1534 590 1722 665 absentavit,
1736 591 1871 658 humiliter

272 690 466 762 concedens,
497 687 584 750 sicut
611 703 654 748 ex
689 687 795 764 ipsius
823 685 1069 764 archiepiscopi
1124 685 1302 762 postulavit
1322 703 1341 750 a
1358 687 1464 762 nobis,
1488 691 1524 752 ut
1539 689 1873 768 publicatisattcstatio-

272 787 404 856 litteris,
427 803 510 865 quas
534 786 567 848 ei
586 801 686 863 super
700 785 764 846 hoc
778 782 975 855 contulerat,
996 797 1070 844 ma·
1124 785 1221 848 nibus
1245 801 1355 849 causae
1379 787 1477 850 tinem
1498 788 1668 866 imponere
1688 789 1872 866 dignaremur.

273 885 391 948 nifeste
411 883 594 958 constabat,
612 883 653 944 ad
669 879 755 961 quod
772 881 880 943 dictus
898 883 923 943 Ι.
945 897 988 942 ex
1010 879 1071 940 ad·
1124 889 1193 948 Nos
1208 887 1319 950 autem
1336 885 1443 948 eidem
1462 903 1574 950 causae
1593 887 1759 966 protracte
1781 888 1876 950 diutius

273 1001 371 1046 verso
383 983 567 1060 respondit,
589 982 673 1059 quod
688 981 863 1058 episcopus
884 978 1070 1040 antedictus
1125 985 1223 1046 tinem
1238 985 1409 1062 imponere
1428 987 1608 1062 cupientes,
1631 987 1775 1048 dilectum
1799 986 1877 1047 filiun

273 1087 351 1146 ante
370 1082 579 1152 sententiam,
595 1095 693 1158 quam
709 1095 785 1156 lars
806 1078 947 1140 adversa
962 1077 997 1138 in
1018 1076 1072 1154 ll)-
1125 1084 1275 1146 nostrum
1293 1087 1329 1146 L.
1344 1084 1395 1147 tit.
1414 1087 1446 1146 S.
1464 1085 1579 1146 Crucis
1594 1085 1807 1163 presbytemm
1823 1101 1879 1146 oar-

274 1199 347 1242 sum
371 1181 492 1242 asserit
517 1179 586 1240 iore
606 1179 719 1245 latam,
739 1177 781 1238 ad
798 1177 913 1238 sedem
928 1175 1071 1253 aposto·
1126 1182 1271 1243 dinalem
1288 1181 1329 1243 ad
1349 1183 1454 1260 ipsius
1469 1198 1580 1245 causae
1595 1183 1785 1245 decisionem
1797 1182 1878 1244 eidem

275 1280 376 1341 licam
385 1277 606 1356 appellavitet
618 1291 806 1354 quanquam
814 1274 1071 1352 appellationem
1125 1280 1280 1359 episcopo
1293 1280 1449 1342 duximus
1466 1281 1719 1358 adjungendum,
1736 1281 1787 1359 qui
1799 1280 1879 1341 attes-

276 1394 372 1440 suam
385 1377 486 1438 tuerit
498 1391 557 1454 per
570 1375 818 1452 procuratorem
830 1373 986 1434 idoneum
999 1387 1072 1448 pro·
1126 1379 1308 1441 tationibus
1321 1378 1354 1440 et
1365 1378 1623 1454 allegationibus
1638 1395 1677 1440 ac
1690 1379 1783 1441 totius
1797 1394 1881 1439 cause

275 1477 412 1538 secutus
427 1475 460 1537 et
474 1474 561 1535 idem
584 1474 720 1534 nuntius
732 1471 832 1533 fuerit
844 1469 1023 1548 impeditus
1035 1469 1071 1530 in
1127 1476 1254 1540 meritis
1268 1475 1445 1552 diligenter
1457 1475 1627 1554 inspectis,
1644 1493 1739 1554 quum
1749 1475 1883 1536 constaret

276 1575 343 1646 via,
361 1573 468 1635 dictus
483 1573 709 1650 praedecessor
727 1571 841 1631 noster
858 1569 965 1646 ipsum
981 1568 1074 1646 post·
1127 1575 1176 1636 eis
1195 1575 1263 1637 tam
1290 1589 1349 1651 per
1372 1574 1603 1648 instrumenta,
1625 1591 1720 1653 quam
1737 1589 1790 1652 per
1807 1574 1882 1636 testes

277 1671 410 1734 modum
425 1685 484 1748 pro
496 1685 564 1731 sure
578 1669 759 1732 uoluntatis
774 1667 913 1730 arbitrio
923 1667 1073 1744 recipere
1127 1672 1280 1734 inductos
1303 1671 1519 1733 ildesemenS.
1549 1674 1738 1751 episcopum
1761 1686 1796 1733 eo
1822 1674 1886 1731 tem·

276 1770 385 1831 noluit
399 1769 452 1830 vel
474 1768 589 1829 audire
604 1769 637 1829 et
656 1769 723 1830 tam
745 1766 808 1828 hoc
830 1781 928 1844 quam
943 1765 1074 1841 apisco-
1128 1787 1219 1848 pore,
1244 1785 1309 1848 quo
1324 1770 1463 1832 eontulit
1483 1770 1783 1832 archidiaconatum
1806 1785 1885 1830 cano·

277 1885 354 1945 pum
369 1869 517 1944 tempore
532 1865 720 1928 collationis
740 1865 888 1942 potuisse
903 1862 1074 1924 archidia-
1128 1870 1203 1930 nico
1223 1883 1311 1946 saepe
1329 1865 1396 1930 iate
1417 1868 1766 1930 excommunicationis
1782 1864 1885 1927 uinculo

278 1967 433 2027 conatum
443 1965 551 2040 ipsum
562 1961 855 2041 deiureeonserre,
870 1959 1075 2039 proponebat
1128 1965 1234 2028 luisse
1255 1964 1449 2028 innodatum
1476 1981 1537 2027 nec
1556 1981 1632 2027 eum
1655 1963 1825 2026 constiterit
1841 1978 1886 2038 ap·

276 2079 315 2125 se
336 2079 396 2141 per
421 2065 523 2124 testes
550 2061 687 2122 idoneos
724 2059 951 2137 probaturum.
981 2057 1074 2120 Unde
1128 2063 1284 2142 pellasse,
1298 2079 1358 2124 nec
1368 2063 1623 2141 appellationem
1641 2079 1735 2125 suam
1744 2061 1820 2122 inira
1830 2060 1888 2122 ten·

279 2175 380 2239 quum
404 2160 468 2222 sibi
492 2175 559 2220 non
582 2158 700 2220 debeat
714 2157 883 2234 imputari,
902 2155 959 2234 qui
979 2155 1074 2232 prin·
1129 2177 1191 2239 pus
1204 2161 1389 2238 legitimum
1403 2163 1624 2238 prosecutum,
1636 2159 1744 2238 ipsum
1754 2157 1888 2220 archidia-

278 2260 386 2336 cipem
399 2257 597 2334 compellere
612 2272 678 2317 non
693 2255 810 2333 potuit,
822 2255 859 2316 ut
873 2269 1007 2316 causam
1020 2268 1075 2330 ap·
1130 2260 1285 2321 conatum
1299 2257 1543 2320 sententialiter
1552 2257 1782 2336 adjudicarunt
1794 2269 1888 2332 praepo

279 2355 468 2434 pellationis
485 2355 520 2415 in
534 2353 768 2416 consistorium
783 2368 879 2414 suum
894 2351 1075 2414 secundum
1130 2358 1194 2419 sito
1207 2357 1384 2420 antedicto.
1405 2357 1475 2418 Nos
1490 2356 1593 2434 igitur
1611 2357 1758 2434 ipsorum
1781 2353 1888 2415 senten

279 2469 404 2515 morem
428 2453 561 2530 iuberet
583 2450 739 2524 conferri,
771 2450 866 2528 petiit
894 2449 1075 2511 canonicus
1130 2457 1209 2518 tiam
1222 2457 1329 2517 ratam
1342 2454 1501 2517 habentes
1523 2454 1718 2518 discretioni
1732 2453 1836 2516 vestrae
1847 2463 1889 2528 pel·

280 2549 488 2628 supradictus
501 2550 699 2611 sententiam
710 2547 1074 2620 excommunicationis,
1130 2554 1319 2632 Apostolica
1354 2553 1478 2630 scripta
1511 2551 1725 2618 mandamus,
1761 2549 1890 2628 quatenus

280 2649 394 2726 utpote
413 2648 487 2725 post
510 2647 765 2724 appellationem
782 2645 1012 2723 interpositam
1034 2644 1075 2706 ad
1131 2651 1281 2714 eumdem
1296 2651 1510 2728 praepositum
1529 2649 1564 2710 in
1584 2650 1691 2728 ipsius
1705 2647 1890 2711 archidiaca

281 2745 505 2822 apostolicam
526 2744 643 2805 sedem
662 2743 915 2820 promulgatam.
934 2743 983 2804 Ad
1004 2742 1076 2804 baec
1130 2751 1229 2811 natus
1242 2747 1711 2826 corporalempossessionem,
1724 2745 1837 2808 sublato
1849 2758 1891 2803 cu-

283 2842 455 2919 respondit
474 2841 670 2919 praepositus
690 2841 887 2912 antedictus,
906 2840 992 2917 quod
1014 2839 1077 2902 etsi
1126 2846 1264 2926 juslibet
1276 2845 1546 2908 contradictionis
1558 2845 1591 2906 et
1600 2842 1824 2923 appellationis
1836 2839 1892 2900 obs·

283 2937 443 3020 praefatus
464 2938 651 3016 episcopus,
677 2939 775 3016 prout
789 2937 1000 2999 adversarius
1019 2953 1078 2998 as·
1130 2945 1251 3016 oculo,
1268 2943 1432 3005 inducatis
1447 2944 1480 3007 et
1493 2943 1580 3004 tueri
1600 2943 1725 3004 curetis
1743 2937 1890 3004 inducam,

284 3037 366 3100 serit
379 3037 421 3098 ad
436 3035 667 3114 allellaiifflis
682 3035 864 3098 remedium
880 3035 1075 3109 ⁰011V012rib
1132 3040 1390 3105 contradictores
1405 3057 1465 3119 per
1485 3055 1663 3102 censuram
1674 3036 1890 3101 eclesiasticum

282 3134 538 3212 appellationem
555 3135 667 3195 tamen
683 3149 776 3195 suam
792 3149 859 3195 non
880 3132 943 3194 fuit
956 3133 1077 3194 nedum
1132 3139 1353 3218 appellatione
1369 3138 1562 3216 postposita,
1575 3135 1815 3216 compescendo.
1825 3128 1892 3204 Quod

282 3231 372 3293 inira
390 3245 513 3292 annum
539 3231 606 3291 imo
623 3247 685 3292 nec
710 3221 798 3292 inira
824 3230 1077 3309 quadriennium
1132 3237 1161 3298 si
1181 3252 1248 3298 non
1265 3253 1379 3298 omnes
1394 3236 1438 3298 iis
1453 3235 1678 3314 exsequendis
1693 3235 1840 3298 interesse
1851 3241 1894 3305 po-

284 3343 343 3406 per
371 3344 407 3389 se
432 3327 484 3388 vel
510 3329 759 3405 procuratorem
785 3328 940 3389 idoneum
962 3343 1080 3404 prose·
1132 3335 1276 3408 tueritis,
1293 3333 1358 3396 duo
1376 3334 1577 3397 vestrumea
1592 3333 1806 3394 nihilominus
1820 3340 1894 3388 exse

284 3427 391 3495 cutus,
407 3440 510 3504 quare
525 3425 652 3487 nullum
667 3423 780 3487 debuit
791 3425 831 3487 de
852 3425 1078 3503 appellatione
1133 3433 1287 3511 quantur.
1312 3432 1431 3493 Datum
1453 3433 1565 3494 Romae
1581 3431 1670 3510 apud
1693 3429 1836 3492 sanctum
1848 3425 1895 3484 Pe-

284 3525 358 3602 ipsa
384 3523 591 3586 commodum
613 3524 794 3601 reportare,
824 3539 926 3601 quum
945 3539 1012 3585 non
1036 3522 1077 3584 ad
1131 3531 1231 3602 irum,
1252 3531 1327 3591 vill
1348 3527 1484 3590 kalend.
1505 3527 1703 3602 decembris,
1719 3521 1895 3606 pontificatus

285 3637 355 3684 suae
373 3621 599 3699 oppressionis
611 3620 807 3695 subsidium,
824 3621 882 3683 sed
897 3621 937 3682 ad
953 3621 1080 3699 iniqui·
1133 3627 1238 3691 nostri
1253 3641 1342 3690 anno
1356 3625 1475 3704 primo.

283 3720 362 3782 tatis
387 3718 579 3797 presidium
607 3718 739 3782 duxerit
759 3719 1003 3796 appellandum.
1030 3721 1078 3782 nd

284 3817 489 3895 probandum
506 3819 617 3878 autem
632 3817 824 3894 episcopum
845 3818 1078 3880 excommuni-

284 3916 393 3978 catum
407 3915 556 3992 tempore
569 3913 756 3976 collationis
771 3913 885 3988 fuisse,
895 3915 963 3977 tam
976 3915 1079 3978 testes
1470 3877 1593 3964 LXIX

284 4012 433 4084 induxit,
460 4027 558 4088 quam
586 4010 713 4072 litteras
737 4013 978 4090 archiepiscopi
1009 4030 1081 4075 me-

285 4109 416 4172 morati.
438 4111 543 4181 Quum
559 4108 668 4169 autem
680 4108 752 4170 haec
774 4110 890 4171 atalia
909 4111 1079 4188 proposita
1227 4087 1279 4146 Λα
1300 4083 1522 4145 Hermum
1542 4084 1829 4156 mmmmm

285 4207 427 4268 luissent
439 4221 551 4267 coram
564 4205 765 4268 subdiacono
779 4207 967 4284 supradicto
979 4209 1081 4270 idem·
1420 4183 1644 4242 mmmm·

287 4321 350 4383 que
373 4320 438 4365 non
459 4302 621 4381 potuisset
639 4306 774 4382 propter
787 4304 970 4368 absentiam
986 4323 1080 4368 suam
1430 4293 1465 4351 ²⁶
1476 4307 1542 4350 ΠΟΥ·
1555 4292 1635 4350 ¹²¹⁶·

286 4401 440 4464 meritum
456 4401 561 4479 ipsius
585 4417 694 4464 causae
714 4403 952 4480 praedecessori
967 4406 1080 4467 nostro
1187 4416 1315 4480 inuolues,
1331 4417 1495 4468 monumenta
1506 4413 1649 4479 sangaris,
1664 4419 1684 4464 t.
1698 4415 1718 4472 l,
1730 4427 1755 4478 p.
1766 4412 1788 4472 s,
1799 4406 1859 4471 ati

285 4497 423 4569 referre,
446 4497 552 4559 dictus
574 4497 799 4574 praedecessor
817 4514 951 4560 causam
973 4500 1080 4578 ipsam

287 4595 472 4659 venerabili
495 4595 592 4657 tratri
611 4597 725 4656 nostro
749 4595 909 4658 albanen.
925 4597 1080 4675 episcopo

286 4695 453 4756 commisit
466 4694 587 4756 iterum
602 4693 812 4766 audiendam,
829 4695 864 4755 in
877 4698 973 4773 cujus
989 4711 1080 4774 prae·

287 4793 394 4855 sentia
407 4792 574 4870 praedictis
589 4791 742 4853 omnibus
757 4791 992 4855 sufficientera
1010 4809 1082 4870 par·

286 4891 375 4952 tibus
399 4890 553 4965 allegatis
569 4893 601 4950 et
619 4905 720 4951 causa
740 4891 837 4968 plene
852 4891 1004 4953 discussa
1024 4907 1083 4953 eo·
1175 4884 1343 4946 Honorius
1365 4883 1539 4958 episcopus
1557 4883 1632 4952 etc,
1655 4872 1831 4942 venerabili
1847 4867 1899 4928 lra-

289 4987 362 5048 dem
377 4986 621 5064 praedecessore
634 4989 746 5050 nostro
755 4989 888 5050 interim
900 4990 989 5050 viam
1002 4991 1082 5050 uni·
1135 4983 1242 5046 tri.....
1252 4972 1899 5056 archiepiscocolccsnsisalutemetapos·

288 5101 396 5147 versae
410 5085 522 5146 carnis
545 5085 709 5160 ingresso,
734 5087 930 5165 saepedictus
950 5091 975 5149 Ι.
1002 5104 1082 5166 pro·
1136 5075 1555 5144 tolicambenedictionem.
1862 5159 1867 5170 ¹

288 5184 443 5245 curatore
455 5183 583 5245 tantum
594 5182 636 5244 ad
652 5185 894 5262 impetrandum
910 5187 943 5248 et
954 5187 1084 5248 contra·
1178 5181 1284 5256 Super
1306 5175 1466 5237 familiam
1482 5171 1612 5235 Domini
1636 5169 1823 5234 constitutus
1845 5172 1898 5220 ur-
1949 5183 1950 5274 q

288 5282 464 5344 dicendum
485 5281 634 5354 dimisso,
657 5282 793 5344 licentia
812 5299 878 5345 non
893 5284 1080 5362 impetrata,
1137 5276 1381 5354 cumspectione
1410 5271 1509 5334 debes
1533 5269 1675 5334 sollicita
1701 5260 1855 5330 meditari,
1875 5251 1900 5360 tt
1949 5279 1950 5350 i

288 5379 438 5442 recessit.
454 5379 661 5458 Eiquoniam
677 5379 719 5442 lis
733 5379 841 5443 tuerat
855 5383 1040 5444 contestata
1051 5383 1083 5444 et
1137 5375 1303 5453 respicere
1332 5372 1450 5432 merita
1473 5369 1690 5440 subditorum,
1721 5365 1755 5427 ut
1785 5352 1898 5467 singulis
1949 5367 1950 5460 ρ

30 5543 31 5550 ρ
287 5481 357 5541 tam
377 5479 417 5538 de
436 5493 537 5540 causa
557 5477 625 5539 tam
647 5494 706 5556 per
720 5479 822 5541 testes
837 5495 936 5556 quam
951 5495 1010 5557 per
1024 5481 1081 5541 in·
1138 5473 1317 5536 secundum
1336 5467 1567 5532 necessitatem
1591 5464 1756 5544 propriam
1770 5461 1800 5522 θῑ
1815 5452 1899 5566 ΨΨ·
1949 5511 1950 5534 2

30 5607 31 5686 q
291 5577 474 5638 strumenta
489 5576 647 5654 liquebat,
660 5593 737 5655 pars
756 5577 935 5656 praepositi,
957 5594 1082 5656 procu·
1137 5575 1203 5636 tem
1225 5569 1388 5649 stipendia
1407 5565 1611 5630 haereditatis
1624 5561 1791 5626 dominicae
1804 5551 1898 5615 distu-
1949 5579 1950 5610 i

291 5677 401 5737 ratore
425 5675 529 5752 partis
558 5675 869 5754 adversaerepulso,
891 5692 992 5754 quum
1016 5694 1082 5740 non
1138 5673 1327 5747 buasaequa
1344 5668 1451 5731 lance.
1469 5667 1550 5726 Cum
1572 5663 1684 5740 igitur,
1702 5657 1783 5721 sicut
1801 5643 1898 5714 nostris

1135 4562 1357 4634 Areniepiscopo
1371 4560 1530 4629 colocensi,
1543 4565 1575 4619 ut
1592 4557 1732 4616 beneficia
1749 4567 1837 4614 curam
1852 4543 1896 4642 uni·

1170 4666 1283 4709 marum
1300 4665 1358 4707 uon
1377 4648 1510 4708 habentia
1531 4661 1673 4706 annexam
1693 4645 1799 4704 clericis
1812 4637 1898 4696 idoneo

1171 4742 1320 4814 assignare
1334 4739 1432 4812 possit.
