3988 6308
82 362 133 442 av

79 515 211 596 temptari
225 513 336 576 nolitis
352 514 474 592 quanto
493 513 564 576 zelo
580 514 740 577 Dominus
752 519 850 580 Jesus

80 615 209 679 Christus
226 611 340 688 diligat
359 628 514 690 sponsam
534 630 641 683 suam,
665 615 850 676 biassilien.

78 712 212 777 videlicet
225 710 409 784 ecclesiam,
431 711 570 774 matrem
590 714 852 791 vestram,quam

80 831 135 875 non
156 811 253 872 solum
273 810 431 887 tanquam
453 810 576 886 ingrati
597 811 658 872 11111
682 812 850 889 spernitis,

79 910 228 973 sedetiam
243 908 278 970 ut
292 908 439 985 privigni
454 911 487 971 et
500 910 563 970 tilii
583 911 697 983 alieni,
715 913 852 972 extenso

79 1010 151 1072 collo
164 1009 194 1069 et
206 1007 313 1068 erecta
326 1007 456 1068 cervice
471 1008 625 1086 persequi
640 1008 723 1070 adeo
741 1009 853 1086 impu-

79 1109 178 1170 denter
199 1105 231 1167 et
251 1106 400 1181 graviter
423 1123 489 1168 non
513 1107 649 1176 timetis,
676 1107 762 1184 quod
786 1107 853 1168 nisi

78 1223 127 1268 vos
141 1205 178 1266 ad
193 1203 420 1280 poenitentiam
435 1205 494 1266 Dei
519 1205 749 1267 misericordia
764 1205 854 1268 velut

78 1305 203 1366 Niniven
221 1303 423 1381 expectaret,
444 1303 624 1365 formidare
645 1304 788 1382 possetis
812 1321 854 1366 ns

78 1401 225 1466 civitatem
237 1402 384 1463 vestram
396 1401 489 1464 iuror
504 1402 710 1464 subverteret
723 1403 854 1464 Domini

78 1501 149 1562 sicut
163 1499 334 1560 Sodomam
353 1501 386 1563 et
400 1502 606 1562 Gomorram.
623 1505 764 1563 Gravem
781 1501 856 1579 qui-

78 1597 139 1660 dem
156 1597 354 1660 venerabilis
375 1597 490 1660 fratris
509 1599 615 1661 nostri
636 1599 800 1677 episcopi,
822 1601 856 1662 01

77 1695 251 1758 dilectorum
273 1697 416 1759 illiorum
434 1699 496 1774 Ug.
515 1698 685 1776 praepositi
705 1698 738 1760 et
757 1699 853 1776 capi-

78 1795 126 1855 tuli
138 1795 314 1857 Massilien.
329 1796 515 1874 recepimus
529 1797 757 1873 quaestionem,
773 1813 855 1874 quos

77 1909 126 1954 101
138 1894 197 1970 ipsi
211 1893 312 1972 impie
327 1896 563 1972 persequentes
579 1895 612 1957 et
628 1895 855 1972 possessiones

76 2006 109 2052 ac
125 1993 185 2079 alia
205 1992 294 2054 bona
315 2009 431 2055 eorum
452 2010 512 2071 per
534 1993 726 2056 violentiam
751 2009 854 2055 occu-

25 2107 26 2118 *
75 2091 186 2165 pantes,
199 2107 287 2153 nova
300 2083 440 2170 pedagia
456 2095 489 2154 et
503 2092 660 2154 collectas
673 2093 788 2154 contra
800 2095 855 2169 jus

74 2203 238 2263 commune,
256 2206 322 2252 nec
341 2206 409 2251 non
426 2191 460 2253 et
478 2191 593 2253 contra
609 2191 732 2253 statuta
754 2206 857 2267 gene-

74 2285 142 2346 ralis
152 2288 301 2361 Concilii,
319 2289 460 2366 rippam,
474 2289 600 2366 portus,
616 2289 689 2350 vias
705 2288 856 2366 publicas
887 2291 888 2298 ’

72 2382 99 2445 01
117 2400 288 2448 commune
308 2387 417 2448 lorum
438 2388 505 2451 tam
529 2388 627 2463 burgi
648 2403 748 2464 quam
769 2387 856 2448 0111-

73 2481 139 2542 tatis
160 2485 310 2561 ipsorum
339 2485 529 2547 hominibus
554 2485 725 2547 inhibetis.
752 2488 857 2547 Sano-

72 2581 167 2642 tuaria
195 2583 333 2644 Domini
360 2586 529 2662 tamquam
557 2583 751 2646 orthodoxae
780 2583 856 2644 ildei

73 2681 265 2757 corruptores
292 2697 362 2744 non
395 2681 519 2759 absque
544 2681 720 2743 manifesta
746 2681 858 2759 suspi-

73 2775 155 2839 cione
186 2781 365 2857 pravitatis
396 2779 564 2842 haereticae
592 2781 742 2852 violatis,
773 2779 856 2842 locis

74 2875 164 2935 sacris
182 2877 214 2940 et
230 2877 357 2939 Christi
379 2877 542 2939 ministris
577 2877 802 2954 blasphemias
824 2878 858 2939 et

72 2984 207 3036 enormes
231 2975 379 3053 injurias
400 2975 592 3052 irrogando.
615 2977 730 3052 Nuper
756 2975 857 3037 etiam

73 3066 146 3130 sicut
158 3086 199 3131 ex
213 3071 380 3134 dictorum
393 3073 552 3150 episcopi,
569 3073 628 3148 Ug.
643 3071 812 3149 praepositi
825 3075 858 3134 01

73 3167 196 3242 capituli
215 3169 353 3247 lugubri
376 3171 540 3232 relatione
564 3171 713 3232 dolentes
737 3170 858 3232 didici-

73 3277 144 3337 mus,
161 3266 194 3327 in
207 3268 339 3331 tantam
358 3269 525 3331 insaniam
539 3268 750 3346 prorupistis,
771 3269 857 3347 quod

71 3359 228 3428 induentes
236 3367 452 3445 tyrannidem
463 3367 579 3429 contra
589 3370 705 3440 Deum,
715 3367 751 3428 in
762 3383 858 3444 quos-

71 3456 134 3520 dam
147 3463 371 3544 presbyteros
386 3465 555 3538 diaconos,
573 3465 605 3528 et
617 3465 704 3526 alios
717 3465 857 3527 clericos

69 3560 201 3623 vestibus
219 3565 330 3626 sacris
345 3564 490 3636 indutos,
508 3579 623 3626 cruces
641 3565 675 3626 et
688 3563 859 3625 eucharis·

71 3654 138 3718 tiam
156 3659 358 3734 deserentes,
376 3661 541 3724 violentas
560 3677 678 3723 manus
696 3660 857 3739 usquead

70 3753 251 3820 effusionem
280 3760 458 3836 sanguinis
483 3759 662 3837 injecistiS,
684 3761 718 3821 et
743 3759 857 3820 fractis

70 3849 281 3920 irreverenter
298 3858 456 3920 crucibus
471 3859 564 3935 ipsis,
581 3859 615 3920 et
628 3857 803 3935 prostratis
822 3857 857 3916 in

69 3947 189 4026 terram,
213 3959 369 4018 sanctam
391 3956 629 4018 eucharistiam
648 3954 684 4017 in
706 3955 858 4017 crucifixi

70 4052 292 4116 contumeliam
309 4054 543 4127 conculcastis,
563 4053 735 4132 sacrisque
749 4053 857 4115 vesti-

68 4141 119 4206 bus
129 4149 275 4221 laniatis,
289 4152 468 4214 ecclesiam
478 4153 585 4213 sancti
598 4152 771 4214 Laurentii
781 4151 859 4211 dum

68 4240 97 4302 in
108 4261 143 4307 ea
158 4249 413 4312 celebrarentur
423 4249 582 4327 mysteria
595 4249 719 4318 divina,
730 4250 767 4309 in
779 4265 860 4310 con-

67 4339 211 4421 temptum
226 4349 302 4417 Dei,
321 4348 354 4410 et
367 4349 555 4409 animarum
568 4349 753 4410 vestrarum
769 4347 861 4424 pert-

69 4440 176 4517 culum,
191 4446 327 4508 violare
340 4463 424 4507 ausu
439 4445 569 4507 nefario
582 4445 857 4522 praesumpsistis3

68 4537 96 4597 et
111 4539 149 4600 iis
164 4544 324 4606 omnibus
341 4560 409 4605 non
424 4544 583 4616 contenti,
601 4542 755 4620 praefatos
771 4543 862 4620 epis-

68 4648 173 4713 copum
198 4643 232 4704 et
256 4642 463 4720 capitulum,
487 4642 627 4703 clericos
652 4643 686 4703 et
708 4641 860 4705 homines

68 4739 248 4800 eorumdem
263 4741 409 4802 diversis
422 4741 529 4802 modis
543 4740 690 4816 affligere
705 4755 772 4801 non
788 4755 862 4800 ces-

65 4833 146 4897 satis.
161 4839 247 4910 Quia
262 4839 371 4916 igitur
389 4839 480 4900 zelus
499 4854 560 4900 nos
579 4837 721 4901 comedit
742 4838 860 4899 domus

67 4929 128 5004 Dei,
148 4936 180 4998 et
199 4954 308 5015 super
327 4952 389 4997 nos
408 4935 586 5013 opprobria
607 4936 862 5013 exprobantium

70 5027 123 5091 sibi
136 5035 271 5108 cadunt,
286 5035 393 5097 tantae
408 5033 675 5112 praesumptionis
688 5033 862 5096 audaciam

71 5125 182 5192 clausis
198 5132 311 5194 oculis
327 5133 532 5210 pertransire
548 5132 709 5206 nolentes,
727 5133 864 5194 univer-

67 5225 147 5289 sitati
160 5233 286 5293 vestrae
303 5247 365 5308 per
381 5231 570 5308 Apostolica
585 5230 708 5306 scripta
724 5231 863 5292 tirmiter

67 5336 284 5414 precipiendo
303 5338 512 5410 mandamus,
535 5338 697 5414 quatenus
711 5336 751 5398 ab
770 5339 864 5424 ipso-

68 5445 131 5492 rum
145 5437 311 5515 episcopi,
332 5438 392 5513 Ug.
410 5436 591 5514 praepositi,
613 5437 646 5497 ot
662 5435 814 5513 capituli,
832 5437 864 5496 et

68 5523 228 5595 hominum
255 5549 396 5595 suorum
421 5533 706 5595 molestationibus
731 5534 863 5611 ponitus

69 5625 269 5704 desistentes,
291 5631 335 5692 de
354 5633 457 5694 illatis
478 5632 543 5694 sibi
562 5631 705 5702 damnis,
729 5647 864 5708 posses-

69 5723 208 5792 sionibus
223 5729 370 5804 invasis,
389 5731 422 5792 et
441 5731 516 5792 aliis
532 5729 673 5792 diversis
690 5730 863 5805 gravami-

691 357 922 418 EPISTOLAE.
945 357 1024 419 LIB.
1048 359 1072 417 Ι.

1646 359 1706 419 298

907 516 1002 579 nibus
1017 517 1185 604 irrogatis,
1203 517 1423 591 contumeliis,
1439 519 1472 580 et
1486 518 1621 596 injuriis
1636 519 1705 580 eis-

907 615 991 690 dem,
1008 617 1109 677 immo
1127 619 1206 688 Dee,
1226 632 1323 694 quem
1342 617 1490 692 graviter
1506 617 1703 690 offendistis,

907 715 942 775 in
961 715 1052 792 ipsos
1081 715 1129 777 ita
1153 715 1302 792 plenarie
1327 715 1521 777 satisfacere
1545 731 1707 792 procure-

906 812 962 886 tis,
980 813 1065 890 quod
1086 813 1248 874 exhibitio
1270 812 1508 875 satisfactionis
1531 814 1705 890 condignae

908 912 1014 988 oulpae
1027 911 1170 973 redimat
1181 911 1384 988 qualitatem.
1402 913 1472 973 Nos
1485 913 1572 972 enim
1586 912 1706 973 dilecto

909 1009 977 1070 tilio
998 1010 1111 1072 nostro
1131 1009 1314 1071 Bertrando
1332 1010 1420 1071 tituli
1439 1010 1628 1072 sanctorum
1643 1013 1705 1074 Jo-

909 1108 1029 1169 hannis
1040 1108 1073 1171 et
1086 1108 1182 1170 Pauli
1195 1108 1388 1186 presbytero
1404 1108 1578 1181 cardinali,
1594 1112 1706 1186 Apos-

908 1206 982 1267 licaa
1003 1207 1098 1268 Sedis
1116 1207 1237 1283 legato,
1256 1207 1381 1268 nostris
1399 1205 1515 1267 damus
1530 1206 1650 1268 litteris
1671 1207 1707 1267 in

909 1304 1084 1378 mandatis
1102 1305 1148 1377 ut,
1161 1305 1226 1365 nisi
1234 1319 1292 1366 vos
1309 1305 1484 1382 praeceptis
1502 1304 1625 1365 nostris
1641 1320 1706 1366 cu-

909 1403 1064 1465 raveritis
1084 1403 1234 1476 obedire,
1251 1403 1471 1465 temeritatem
1488 1403 1634 1464 vestram
1650 1417 1708 1479 per

909 1503 1287 1566 excommunicationem
1309 1503 1344 1563 in
1367 1517 1526 1580 personas
1547 1501 1579 1562 et
1598 1501 1708 1562 inter-

910 1600 1032 1662 dictum
1044 1601 1225 1674 interram,
1241 1600 1371 1662 sublato
1383 1599 1615 1677 appellationis
1627 1599 1708 1660 obs-

909 1700 1031 1769 taculo,
1052 1701 1189 1761 auctore
1203 1699 1354 1771 Domine,
1371 1699 1484 1760 taliter
1508 1697 1654 1773 corrigat
1677 1696 1710 1759 et

910 1799 1060 1874 castiget,
1078 1798 1164 1874 quod
1179 1797 1290 1860 vestra
1305 1797 1467 1858 correctio
1487 1796 1563 1857 aliis
1584 1795 1708 1856 similia

910 1897 1133 1975 praesumendi
1160 1896 1336 1956 audaciam
1364 1895 1565 1957 interdicat:
1583 1894 1701 1954 1011011

911 1995 997 2074 quod
1013 1996 1042 2056 si
1055 2010 1116 2055 nec
1131 1995 1180 2055 sic
1195 1993 1358 2055 duxeritis
1371 2010 1391 2054 a
1404 1993 1497 2054 tanta
1510 1991 1711 2054 temeritatis

911 2094 1052 2156 audacia
1066 2092 1209 2165 resilire,
1227 2092 1427 2169 pontificalis
1448 2089 1619 2168 dignitatis
1642 2091 1708 2152 ho·-

910 2208 1007 2263 nore,
1032 2207 1097 2269 quo
1119 2191 1167 2252 sic
1186 2190 1280 2251 abuti
1297 2190 1472 2262 videmini,
1496 2188 1709 2250 denuntiabi-

911 2305 984 2351 mus
998 2304 1057 2350 vos
1074 2304 1147 2349 esse
1163 2287 1354 2366 privandos.

951 2389 1069 2449 Datum
1085 2385 1252 2458 Laterani,
1274 2385 1373 2447 tertio
1394 2383 1554 2446 kalendas
1577 2384 1705 2458 martii,

911 2485 1122 2564 pontificatus
1138 2483 1244 2546 nostri
1259 2499 1346 2545 anno
1363 2482 1481 2560 primo.

1214 2700 1404 2788 dcxciii

952 2895 1005 2954 Ad
1018 2894 1186 2954 decanum
1202 2891 1437 2965 010001101001
1452 2891 1666 2964 thcttcrvscs

1094 2991 1336 3052 Noviomcusts
1352 2990 1519 3050 dtccccsts.

1203 3147 1238 3204 28
1251 3144 1321 3203 febr.
1337 3145 1417 3203 1217.

953 3253 1060 3319 [aegest.
1076 3252 1122 3304 lib.
1133 3254 1154 3314 l,
1167 3252 1243 3318 epist.
1254 3251 1311 3302 293.
1326 3254 1383 3304 1111.
1395 3253 1432 3304 La
1443 3253 1521 3304 Porto
1530 3251 1565 3302 du
1576 3252 1671 3334 111011]

912 3419 947 3478 111
972 3419 1142 3492 magistrum
1162 3420 1193 3476 P.
1211 3417 1246 3475 de
1261 3417 1330 3490 Capi
1352 3417 1497 3486 clericum,
1514 3415 1560 3473 cui
1578 3416 1654 3488 Papa
1683 3413 1712 3470 in

949 3507 1076 3580 ipsorum
1093 3507 1226 3576 ecclesia,
1240 3505 1423 3580 praebendam
1434 3521 1522 3578 quum
1535 3504 1612 3562 nulla
1624 3517 1709 3562 vaea-

947 3603 999 3666 ret,
1016 3597 1225 3670 assignaverat,
1242 3596 1272 3653 in
1287 3596 1458 3653 canonicum
1475 3594 1637 3652 admittant.

952 3765 1132 3836 Honorius,
1160 3763 1235 3836 etc,
1266 3761 1395 3823 dilectis
1424 3760 1503 3821 tiliis
1529 3759 1655 3821 decano
1679 3757 1713 3820 01

913 3863 1058 3942 capitulo
1073 3861 1239 3937 Nigellen.
1257 3860 1453 3922 Noviomen.
1470 3856 1636 3919 dioecesis.

953 3961 1099 4024 Dilectus
1116 3960 1205 4021 iilius
1221 3958 1380 4034 magister
1391 3960 1430 4019 P.
1444 3957 1485 4018 de
1499 3956 1590 4033 Capi,
1608 3954 1712 4016 01011-

914 4077 983 4135 001,
1019 4075 1081 4121 sua
1114 4057 1210 4120 nobis
1243 4055 1471 4118 insinuatione
1504 4053 1712 4126 monstravit,

914 4159 1091 4238 quodcum
1108 4156 1202 4219 vobis
1218 4155 1408 4216 dederimus
1427 4154 1464 4214 in
1484 4151 1661 4224 mandatis,
1678 4152 1715 4213 ut

914 4249 1712 4329 eumdemincanonicumreciperitisetfratrem,

914 4371 973 4417 vos
988 4354 1021 4415 id
1037 4353 1170 4415 01110010
1187 4369 1254 4413 non
1270 4351 1425 4422 curastis
1443 4349 1521 4411 licet
1537 4363 1636 4425 super
1651 4348 1715 4408 hoc

915 4470 935 4516 a
959 4452 1089 4514 dilectis
1117 4451 1195 4511 111111
1221 4449 1340 4510 abbate
1364 4447 1471 4509 sancti
1492 4445 1655 4508 Jolrannis
1679 4444 1715 4504 in

914 4551 1030 4614 Vineis
1047 4551 1080 4611 et
1095 4549 1231 4624 collegis
1251 4546 1356 4624 ipsius
1376 4544 1508 4606 fueritis
1524 4541 1643 4604 moniti
1658 4541 1714 4602 di-

915 4638 1714 4726 ligenter,hujusmodiexcusationisobstaculum

916 4745 1170 4825 praetendentes,
1192 4742 1278 4821 quod
1305 4757 1380 4802 cum
1399 4739 1491 4800 nulla
1513 4739 1549 4800 in
1569 4737 1712 4799 ecclesia

915 4847 1027 4908 vestra
1049 4841 1228 4920 praebenda
1246 4839 1464 4910 vacaret,vos
1483 4835 1525 4898 ad
1547 4835 1717 4912 recipien-

917 4945 995 5005 dum
1016 4942 1162 5018 aliquem
1188 4939 1223 4999 in
1249 4936 1457 5008 canonicum,
1483 4951 1551 4996 uon
1573 4935 1717 4996 vacante

918 5039 1108 5120 praebenda,
1138 5037 1248 5099 dicitis
1278 5049 1344 5097 non
1372 5034 1491 5106 teneri,
1521 5048 1621 5110 super
1652 5031 1717 5093 hoc

919 5136 1191 5201 consuetudinem
1213 5135 1247 5196 et
1265 5133 1417 5211 quaedam
1436 5131 1624 5208 privilegia,
1642 5145 1716 5206 quae

919 5227 1717 5308 0001101100,1010101111000101101110010100010

919 5353 985 5398 non
1012 5333 1203 5403 creduntur,
1232 5329 1492 5408 superficialiter
1519 5323 1714 5402 allegantes.

919 5436 999 5495 Cum
1024 5433 1128 5508 igitur
1150 5430 1237 5508 quod
1260 5430 1300 5490 de
1319 5427 1457 5506 praefato
1480 5423 1641 5500 magistro
1663 5423 1717 5500 pie

919 5533 1115 5609 incepimus,
1146 5527 1290 5589 nolimus
1319 5525 1510 5601 relinquere
1539 5513 1719 5598 imperiec-

918 5632 999 5702 tum,
1017 5645 1069 5701 ne,
1085 5627 1171 5705 quod
1187 5627 1284 5698 absit,
1301 5625 1388 5686 idem
1402 5621 1458 5699 qui
1472 5621 1529 5682 diu
1541 5619 1719 5681 scholasti-

920 5730 967 5791 cis
992 5726 1189 5805 disciplinis,
1215 5723 1300 5785 sicut
1324 5719 1524 5798 accepimus,
1536 5717 1715 5788 insudavit,
