3982 6302
242 289 300 352 ael
709 289 885 354 HONORII
907 289 952 350 111
974 287 1122 350 OPERA.
1137 317 1178 336 -·
1193 289 1426 352 SERMONES.
1813 293 1862 354 392
1880 365 1882 372 y

242 449 408 526 significat
421 447 587 510 insaniam
599 447 734 519 iurans,
751 449 828 528 quia
843 445 1036 524 iracundus,
1092 448 1201 514 reddit
1215 466 1289 514 eam
1304 450 1440 524 claram,
1463 447 1560 520 idest,
1575 449 1659 514 bono
1674 465 1776 528 opere,
1792 451 1864 514 sicut

242 548 319 608 dum
335 547 524 625 frequenter
537 547 704 621 irascitur,
720 548 754 610 et
765 547 837 610 sine
851 563 952 609 causa
967 548 1039 610 tur-
1093 547 1201 612 eleum
1223 549 1331 612 reddit
1345 548 1463 612 faciem
1479 548 1627 618 nitidam,
1649 549 1679 610 si
1694 548 1788 610 luerit
1800 563 1866 626 per·-

241 644 350 718 batur,
383 645 524 707 daemoni
555 644 674 706 similis
704 648 772 718 est,
800 646 878 723 quia
909 645 1038 708 daemon
1093 650 1238 710 unctum.
1268 647 1361 709 Unde
1376 649 1409 709 et
1422 646 1551 724 antiqui
1571 645 1606 708 iu
1629 645 1752 708 festivis
1765 645 1866 707 diebus

240 745 371 822 quietus
387 745 475 805 stare
491 749 558 805 non
574 744 690 821 potest.
709 746 756 806 De
768 743 922 806 Chaldaea
938 761 1037 822 egre-
1092 745 1166 806 oleo
1181 743 1390 821 ungebantur
1408 743 1449 805 ed
1471 743 1633 805 decorem.
1658 745 1704 804 De
1724 743 1783 803 hoc
1803 742 1866 804 oleo

239 841 328 904 ditur
342 843 397 920 qui
413 842 548 904 dimittit
568 842 775 904 iracundiam
793 843 826 904 et
844 843 1037 905 mansuetus
1092 841 1258 903 diciturin
1270 842 1417 917 psalmo:
1434 842 1539 902 Unuctt
1550 843 1692 912 teneus,
1704 841 1868 901 Deiectum

238 939 388 1001 allicitur.
416 940 509 1002 Unde
537 940 641 1001 David
668 960 675 1000 ε
700 944 827 1003 Deeme
853 943 896 1003 cb
919 944 976 1002 irc
1003 941 1037 1003 ct
1091 943 1163 1001 oleo
1181 939 1311 1001 lactitiae
1325 937 1394 1018 (ΡΙ.
1411 942 1460 1011 44,
1477 936 1523 1017 8).
1548 937 1610 1010 Qui
1630 936 1700 998 vult
1719 952 1793 1012 ergo
1816 951 1867 996 sua

237 1041 432 1112 derelinque
453 1039 612 1110 [tererem
632 1035 700 1116 (ΡΙ.
725 1040 774 1110 36,
798 1035 843 1118 8).
865 1040 937 1100 Hoc
959 1036 1038 1102 iecit
1091 1051 1193 1114 opera
1210 1039 1278 1098 Deo
1295 1052 1369 1097 esse
1384 1037 1530 1114 accepta,
1547 1035 1668 1097 babeat
1681 1035 1784 1096 oleum
1799 1033 1869 1096 lati·
1980 1041 1981 1048 ’

235 1135 416 1207 Abrabam,
444 1135 497 1196 cui
517 1135 640 1197 dictum
660 1135 710 1197 est
736 1150 757 1195 a
782 1137 921 1198 Domino
938 1158 945 1196 :
962 1140 1036 1214 qu
1090 1134 1146 1197 tiae
1170 1134 1204 1195 in
1224 1150 1285 1196 suo
1302 1149 1394 1204 vase,
1411 1134 1506 1206 idest,
1523 1133 1558 1194 in
1578 1149 1638 1196 suo
1662 1132 1757 1196 corde
1772 1153 1779 1193 ι
1795 1135 1870 1198 Ouia

234 1237 403 1296 Dominus
415 1237 473 1307 qut
485 1235 592 1294 educi
607 1234 640 1295 te
652 1237 693 1294 de
707 1237 788 1295 Hor
799 1237 1035 1296 Chaldaeorum
1090 1237 1236 1296 btlcrem
1246 1233 1404 1294 datorem
1413 1232 1523 1308 carpat
1531 1236 1623 1293 Deus
1633 1230 1678 1312 (11
1685 1233 1755 1292 Gor.
1763 1246 1805 1302 rx,
1812 1227 1869 1308 27).

237 1329 333 1410 (Gen.
350 1346 405 1402 xv,
429 1327 474 1409 7).
501 1333 573 1391 Hur
586 1331 826 1408 interpretatur
840 1331 938 1408 ignis.
965 1334 1037 1394 Hur
1129 1331 1317 1408 Aliquando
1340 1330 1469 1407 lampas
1490 1333 1562 1408 eius
1584 1329 1795 1406 extinguitur,
1816 1328 1870 1388 hoc

235 1428 934 1507 chaldaeorumestinsaniairacundorum3
949 1431 1036 1492 unde
1091 1431 1151 1501 est,
1178 1429 1299 1490 bonum
1328 1445 1411 1507 opus
1439 1444 1459 1490 a
1486 1431 1553 1491 Deo
1581 1427 1783 1506 reprobatur.
1818 1423 1872 1496 Qui

237 1526 370 1606 quidam
386 1527 519 1604 sapiens
535 1526 621 1589 dixit
635 1527 721 1604 quod
737 1528 1035 1592 interiraoundum
1091 1528 1180 1588 enim
1201 1527 1324 1589 bonum
1350 1543 1432 1605 opus
1456 1526 1536 1589 iacit
1559 1543 1633 1588 oum
1656 1525 1800 1596 tristitia,
1827 1521 1873 1584 vel
1980 1587 1981 1591 ,

236 1609 433 1685 e'tinsanum
448 1623 533 1686 nillil
548 1624 670 1688 differt.
1090 1642 1150 1702 pro
1164 1641 1250 1687 vana
1270 1625 1388 1703 gloria,
1410 1640 1476 1686 non
1496 1627 1643 1688 meretur
1655 1624 1801 1700 gloriam,
1824 1619 1874 1682 sed
1981 1681 1982 1684 ,

277 1722 440 1800 Spelunca
459 1723 509 1784 est
527 1720 622 1785 labor
644 1724 721 1786 vitae
740 1724 869 1797 activae,
890 1723 926 1785 in
940 1728 1035 1802 cujus
1090 1724 1186 1786 iram.
1210 1723 1363 1785 Charitas
1385 1723 1517 1785 sincera
1532 1723 1654 1785 dicitur
1668 1722 1784 1792 oleum,
1806 1718 1874 1796 quia
1980 1721 1981 1728 ’

236 1820 358 1882 ostium
380 1821 547 1899 speluncae
569 1821 677 1884 stabat
691 1821 793 1894 Elias,
808 1821 939 1900 quando
953 1821 1037 1885 vidit
1091 1821 1176 1884 sicut
1195 1817 1304 1883 oleum
1320 1823 1370 1883 est
1385 1821 1623 1883 nutrimentum
1646 1819 1732 1897 ignis
1749 1819 1784 1880 in
1801 1817 1876 1877 lam-

236 1917 377 1994 gloriam
403 1918 473 1980 Dei.
500 1919 704 1998 Quicumque
719 1936 805 1998 vergo
828 1921 900 1983 vult
921 1919 1036 1983 videre
1091 1919 1185 1998 pade,
1208 1918 1256 1981 ita
1270 1918 1417 1980 charitas
1432 1921 1484 1980 est
1507 1917 1763 1981 instrumentum
1780 1913 1874 1993 justi-

235 2017 376 2093 gloriam
400 2016 471 2090 Dei,
500 2017 533 2079 et
560 2019 694 2094 gustare
717 2033 816 2098 quarn
844 2019 957 2082 suavis
986 2021 1037 2082 est
1090 2018 1146 2079 tiae
1161 2017 1195 2078 in
1214 2015 1301 2080 bona
1323 2017 1527 2095 operatione.
1553 2019 1695 2095 Lampas
1719 2014 1789 2076 sine
1810 2011 1876 2073 oleo

236 2116 412 2188 Dominus,
441 2114 537 2179 debet
565 2117 679 2194 egredi
707 2118 748 2180 de
776 2118 945 2196 spelunca,
972 2120 1036 2181 hoc
1091 2132 1157 2179 non
1172 2115 1278 2194 potest
1292 2116 1424 2192 lucere;
1441 2114 1564 2178 bonum
1579 2131 1663 2193 opus
1677 2114 1750 2175 sine
1770 2109 1875 2173 chari-

237 2215 297 2286 est,
314 2213 354 2274 ad
371 2215 500 2292 tempus
514 2215 680 2279 dimittere
693 2215 841 2278 laborem
856 2217 933 2280 vitae
949 2217 1036 2279 acti·
1089 2217 1158 2277 tate
1172 2229 1239 2276 non
1264 2214 1370 2292 potest
1391 2213 1546 2292 cuiquam
1562 2213 1731 2291 prodesse.
1758 2211 1803 2272 De
1822 2207 1878 2268 boc

235 2327 297 2384 vae,
328 2313 361 2374 et
376 2311 465 2374 stare
479 2313 515 2374 in
535 2314 631 2387 ostio,
654 2314 750 2387 idest,
776 2316 811 2376 in
826 2316 1034 2394 contempla·
1091 2313 1164 2376 oleo
1186 2312 1266 2374 dicit
1281 2311 1437 2374 Salomon
1453 2312 1488 2372 ln
1509 2310 1746 2374 Ecclesiastico
1764 2305 1879 2370 :Omni

235 2409 336 2471 tionis
349 2410 469 2484 studio,
492 2411 642 2474 vacando
657 2413 812 2487 orationi,
833 2413 980 2488 lectioni,
1004 2415 1037 2476 et
1091 2411 1246 2487 tempore
1273 2411 1480 2478 vestimento
1506 2411 1567 2472 tua
1588 2408 1663 2471 strat
1685 2407 1826 2469 candida
1851 2399 1881 2464 et

235 2507 454 2570 meditationi.
472 2509 521 2570 Ad
534 2510 619 2588 quod
633 2526 694 2572 nos
710 2511 866 2573 admonet
880 2513 983 2574 David
999 2513 1035 2572 in
1090 2515 1201 2572 oleum
1215 2511 1256 2570 de
1270 2509 1381 2584 capite
1397 2509 1454 2569 tuo
1471 2521 1540 2568 nou
1558 2507 1696 2579 deficiat
1711 2501 1822 2584 (Eccli.
1836 2515 1879 2570 ΙΙΙ,

236 2606 362 2684 psalmo
385 2605 498 2668 dicens
518 2627 525 2667 :
548 2609 718 2670 Vocoteet
732 2611 1037 2684 creciacensem
1091 2604 1136 2687 8).
1160 2606 1364 2668 Vestimenta
1393 2604 1534 2666 candida
1561 2604 1639 2665 sunt
1667 2602 1755 2666 bona
1776 2613 1880 2676 opera.

236 2707 356 2765 strevis
370 2702 686 2783 estDomirrus(Ps.
702 2707 752 2778 45,
770 2705 834 2784 il).
1092 2703 1248 2765 Candidis
1280 2702 1486 2765 vestimentis
1516 2701 1670 2764 induitur
1704 2699 1761 2778 qui
1795 2693 1882 2757 bonis

278 2799 435 2879 Sequitur
454 2822 462 2862 :
482 2803 635 2876 Quinque
656 2817 703 2864 ecc
721 2806 772 2864 eis
795 2804 897 2865 erant
917 2805 1035 2878 fctum.
1092 2801 1247 2880 operibus
1261 2801 1460 2876 adornatur3
1477 2799 1535 2862 sed
1548 2799 1631 2860 nihil
1649 2798 1784 2877 prodest
1796 2791 1884 2857 indui

237 2899 276 2958 In
291 2897 397 2959 tribus
416 2899 554 2976 apparet
568 2897 704 2962 iatuitas
721 2900 888 2976 virginum
904 2900 1036 2964 inanem
1092 2899 1242 2962 candidis
1256 2899 1474 2970 vestimentis,
1491 2897 1520 2959 si
1538 2897 1630 2959 deest
1645 2898 1757 2959 oleum
1781 2889 1885 2956 chari-

237 2995 379 3070 gloriam
408 2997 627 3074 quaerentium
644 3018 652 3058 ε
667 2997 703 3058 in
725 2997 886 3061 brevitate
908 3001 1038 3078 tempo-
1092 2999 1182 3067 tatis,
1212 2997 1299 3061 sicut
1317 2997 1402 3059 nihil
1431 2995 1555 3074 proluit
1579 2995 1770 3072 virginibus
1794 2989 1886 3054 iatuis

237 3093 319 3154 ralis
334 3093 461 3170 gloriae,
474 3094 509 3155 in
522 3095 702 3158 amissione
712 3097 875 3159 mercedis
891 3097 1034 3171 aetemae,
1092 3096 1180 3175 quod
1196 3096 1368 3173 lampades
1380 3093 1569 3168 habuerint,
1586 3109 1689 3172 quum
1706 3092 1814 3156 oleum
1826 3102 1887 3150 non

239 3191 274 3252 in
296 3191 347 3252 ira
367 3190 488 3254 divinae
507 3192 674 3256 vindictae.
693 3195 739 3256 De
761 3196 867 3272 prima
891 3195 926 3257 in
951 3196 1037 3257 libro
1093 3194 1317 3272 sumpserunt.

238 3289 300 3351 iob
318 3310 325 3350 :
342 3293 435 3351 Luras
459 3293 648 3364 impiorum
672 3295 786 3354 breuis
806 3295 869 3366 est,
892 3295 927 3356 et
945 3310 1036 3371 qau—
1134 3293 1178 3354 Ut
1195 3292 1305 3354 autem
1332 3307 1432 3370 opera
1456 3292 1569 3354 nostra
1594 3289 1663 3354 sint
1686 3284 1889 3367 beneplacita
1988 3327 1989 3334 .

239 3388 580 3462 dtumbqpocritoeod
589 3389 828 3464 instarpuncti
840 3388 916 3469 (iob
925 3389 1036 3470 xx,5).
1093 3394 1171 3463 Dec,
1194 3390 1303 3452 oleum
1325 3406 1391 3452 nou
1415 3389 1547 3452 deliciet
1569 3389 1744 3468 decapite
1767 3387 1887 3453 nostro,
1988 3461 1989 3468 ἶ

239 3485 286 3544 De
305 3482 449 3544 secundo
465 3482 499 3543 in
514 3483 829 3560 evangeli02Amerc
843 3488 917 3548 dtco
930 3491 1035 3560 codic,
1093 3489 1187 3561 idest,
1205 3488 1245 3549 de
1265 3489 1387 3550 mente.
1416 3487 1647 3550 Misericordia
1671 3503 1753 3551 vero
1775 3483 1890 3547 dicitur

238 3581 446 3655 recepemarct
458 3584 653 3644 mercedem
667 3597 768 3645 suom
782 3581 913 3662 (Mattb.
929 3601 974 3658 rr,
990 3585 1035 3665 5).
1093 3588 1213 3660 oleum,
1230 3586 1307 3663 quia
1321 3585 1407 3648 sicut
1421 3584 1530 3646 oleum
1546 3587 1597 3648 est
1607 3586 1796 3648 remedium
1811 3596 1890 3646 con-

238 3681 286 3740 De
300 3680 398 3742 tertio
418 3681 523 3741 isaias
538 3701 546 3740 ι
560 3682 673 3756 Sccper
691 3683 949 3746 adolescentulis
963 3686 1038 3758 eires
1092 3689 1144 3748 tra
1166 3684 1287 3746 multas
1307 3683 1517 3746 infirmitates
1539 3685 1702 3761 corporis,
1728 3685 1776 3747 ita
1796 3680 1893 3744 mise-

237 3791 307 3839 rore
321 3779 495 3840 letabitur
514 3782 693 3852 Barcinus,
711 3782 751 3842 el
771 3784 982 3856 pupillorum
1004 3783 1047 3844 et·
1092 3783 1238 3846 ricordia
1260 3783 1310 3846 est
1333 3782 1517 3844 remedium
1540 3784 1656 3844 contra
1683 3779 1892 3844 infirmitates

236 3878 425 3937 viduarum
451 3891 520 3938 nera
552 3879 785 3952 miserebitur,
815 3883 896 3955 quta
926 3883 1039 3944 ornam
1093 3883 1228 3956 mentis,
1243 3882 1354 3954 idest,
1380 3881 1495 3943 contra
1524 3879 1651 3943 scelera
1677 3881 1714 3944 et
1741 3878 1892 3959 peccata3

237 3973 416 4048 nppocrrra
430 3973 822 4054 esretacquam(1s.1x,
841 3974 905 4056 17).
1094 3981 1171 4057 quia
1192 3995 1253 4057 per
1273 3979 1536 4041 misericordiam
1558 3978 1657 4042 homo
1678 3979 1894 4042 mundatura

280 4068 435 4145 Sequitur
455 4071 1036 4146 zatqumqoepruuemes.1ntri-
1094 4077 1433 4154 peccatispraeteritis
1453 4077 1485 4138 et
1506 4076 1693 4139 custoditur
1715 4093 1736 4140 a
1762 4073 1893 4138 tuturis.

196 4157 199 4162 ’
239 4165 301 4228 bus
317 4165 454 4243 apparet
468 4166 643 4242 prudentia
657 4167 819 4229 bonorum
837 4191 843 4229 :
860 4171 895 4230 in
911 4172 1039 4232 securi·
1093 4178 1139 4236 De
1152 4175 1216 4235 boc
1230 4172 1304 4235 oleo
1319 4174 1354 4236 in
1368 4173 1454 4236 libro
1476 4178 1603 4251 Regum
1622 4175 1710 4240 dixit
1732 4176 1835 4238 vidua
1856 4168 1895 4232 ad

239 4264 308 4326 tate
327 4263 552 4335 conscientiae,
573 4263 608 4326 in
630 4264 834 4341 protectione
855 4269 1038 4346 map'estatis
1094 4272 1225 4334 liliam:
1245 4275 1324 4335 Non
1342 4274 1465 4336 habebo
1483 4289 1623 4349 ριῖηεηῖ,
1638 4278 1710 4337 istst
1729 4273 1898 4349 quactum

240 4361 374 4433 divinae,
404 4360 440 4421 in
464 4360 683 4440 acquisitione
707 4364 868 4426 mercedis
892 4365 1036 4427 aeternae.
1090 4374 1239 4446 pupibus
1264 4371 1376 4446 potest
1398 4385 1524 4445 cepere
1543 4374 1672 4446 soranae
1697 4375 1738 4434 ira
1761 4373 1895 4447 hydria,

240 4462 287 4521 De
299 4459 404 4537 primo
419 4458 577 4521 Salomon
594 4460 736 4522 :Iactus
749 4461 788 4522 ut
802 4467 853 4524 leo
866 4466 1040 4538 confidens
1094 4469 1128 4530 et
1139 4483 1268 4544 porum
1281 4471 1347 4532 olet
1359 4473 1397 4530 m
1408 4470 1537 4542 lecytho
1550 4467 1612 4548 (ΙΙΙ
1630 4471 1713 4546 Reg.
1730 4485 1817 4542 xvu,
1835 4463 1897 4545 12).

240 4561 366 4633 cosque
389 4557 527 4620 terrore
545 4557 614 4619 ertt
636 4555 749 4637 (Prov.
773 4574 893 4630 xxviii,
915 4559 960 4641 l).
993 4564 1039 4626 De
1094 4566 1245 4643 Pugillus
1259 4566 1376 4628 farinae
1391 4567 1427 4628 in
1446 4566 1564 4644 hydria
1586 4568 1636 4629 est
1650 4583 1815 4630 mensura
1831 4563 1900 4642 spi-

240 4656 385 4718 secundo
418 4655 453 4717 in
486 4655 571 4718 libro
606 4655 785 4733 sapientiae
821 4679 829 4719 z
858 4661 1038 4722 Justormm
1093 4664 1225 4726 ritualis
1251 4663 1367 4741 gratiae
1389 4665 1423 4726 in
1445 4665 1568 4737 anima,
1596 4663 1674 4742 quia
1700 4665 1794 4728 sicut
1822 4661 1901 4726 dicit

239 4757 368 4816 animae
382 4757 419 4816 to
438 4769 546 4817 maru
566 4756 628 4816 Det
645 4755 727 4817 sarri
743 4753 834 4832 (Sap.
853 4771 906 4826 ΙΙΙ,
923 4754 967 4836 1).
993 4755 1040 4819 De
1093 4761 1271 4839 Apostolus
1301 4781 1311 4821 ε
1343 4763 1528 4836 Unicuique
1550 4761 1709 4824 cestrum
1736 4764 1824 4825 date
1850 4758 1900 4822 est

239 4851 338 4912 tertio
358 4850 479 4912 ibidem
497 4872 505 4911 ε
520 4852 613 4915 lusti
636 4856 673 4914 tn
694 4854 903 4930 perpetuom
923 4856 1041 4920 viveret
1093 4859 1212 4937 pretio
1245 4860 1432 4921 sectandum
1467 4873 1670 4922 mensuram
1698 4860 1902 4924 donationis

240 4949 274 5009 ct
308 4949 399 5022 amca
437 4951 620 5011 omninum
660 4951 713 5012 est
750 4965 884 5015 merces
918 4967 1040 5015 eoram
1094 4958 1226 5020 ebriata·
1240 4953 1338 5035 (pr.
1354 4971 1399 5028 iv,
1415 4954 1461 5035 7).

241 5043 334 5125 (Sap.
360 5060 391 5116 v,
413 5040 477 5123 16).
510 5045 574 5107 Sed
600 5047 745 5125 quinque
768 5047 1039 5128 iatuae'acceptis
1133 5057 1181 5116 lie
1204 5053 1330 5130 pugillo
1358 5053 1477 5115 tarinae
1505 5053 1627 5117 mulier
1653 5055 1737 5118 iacit
1766 5071 1900 5135 panem,

240 5137 448 5217 lampadibus
473 5154 540 5200 non
562 5145 774 5219 sumpserunt
789 5145 898 5208 oleum
914 5161 1037 5210 secum.
1094 5151 1173 5229 quia
1195 5151 1375 5213 secundum
1398 5166 1586 5213 mensuram
1604 5153 1724 5228 gratiae
1741 5153 1828 5216 iacit
1844 5153 1905 5213 bo-

241 5238 378 5316 Triplex
407 5236 459 5299 est
485 5236 594 5299 oleum
618 5239 704 5316 quod
731 5256 798 5303 non
827 5247 1041 5322 sumpserunt
1095 5263 1172 5312 nam
1189 5249 1426 5327 operationem.
1450 5249 1557 5311 Habet
1578 5249 1610 5311 et
1631 5265 1754 5327 parum
1778 5251 1848 5314 olei
1869 5249 1904 5310 in

241 5337 341 5399 iatum
366 5333 532 5411 virgines,
563 5334 621 5398 sed
650 5337 842 5414 prudentes,
872 5341 1037 5414 videlicet,
1094 5346 1239 5424 lecytho,
1251 5345 1347 5418 idest,
1362 5361 1479 5422 parum
1495 5347 1735 5409 misericordiae
1749 5349 1788 5409 in
1802 5346 1904 5410 corde

242 5433 426 5513 spiritualis
451 5432 580 5502 laetitia,
603 5433 750 5496 ebaritas
774 5437 916 5512 sincera,
940 5440 1042 5502 mise-
1095 5445 1223 5506 su0.Ut
1242 5443 1427 5505 benedixit
1444 5459 1573 5518 param
1595 5446 1769 5522 clet,quia
1793 5445 1906 5508 omnis

242 5531 388 5596 ricordia
417 5545 509 5593 sera.
548 5530 738 5608 Spiritualis
770 5532 886 5598 laetitia
919 5535 1041 5599 dicitur
1096 5541 1241 5602 bumana
1263 5540 1492 5604 misericordia
1512 5557 1614 5618 parva
1637 5545 1696 5604 est.
1717 5543 1821 5605 Unde
1836 5545 1904 5604 Ec-

243 5631 363 5703 oleum,
395 5628 473 5708 quia
500 5627 648 5694 lactiticat
669 5629 788 5694 faciem
818 5631 978 5708 bominis,
1009 5635 1041 5708 et
1096 5638 1303 5700 clesiasticus
1327 5661 1334 5700 :
1360 5635 1600 5708 Misericordia
1628 5643 1785 5704 borrrints
1807 5646 1907 5704 circo
