3994 6326
75 275 134 332 dib

74 429 259 508 Aqttaevivae
273 425 449 505 quidquam
466 422 529 492 suh,
541 423 675 488 obtentu
690 423 870 485 consuetu·

74 529 171 600 dinis,
188 526 242 588 vel
257 523 444 602 alloqueris
459 522 556 586 modo
570 521 717 600 exigere,
733 521 787 583 vel
803 536 868 584 au·
885 565 891 580 .

74 626 171 697 ferre,
183 623 290 686 autde
307 620 406 682 rebus
418 620 501 698 ipsis
516 618 643 697 aliquid
658 621 867 697 extorquere.

76 723 109 784 Si
147 737 212 799 qua
243 720 345 796 igitur
379 717 625 790 ecclesiastica,
657 718 870 780 secularisve

73 835 214 898 persona
248 819 401 879 (latacen.
431 815 584 877 dioecesis
612 815 712 892 hujus
747 815 869 876 nostrae

73 913 261 982 oblationis,
284 910 489 980 donationis,
505 911 538 972 et
560 911 787 973 concessionis
810 925 871 988 pa-

72 1013 185 1090 ginam
201 1010 322 1081 sciens,
348 1008 464 1070 contra
491 1023 564 1070 eam
590 1008 705 1076 venire
725 1007 871 1068 tentam

72 1111 127 1180 rit,
149 1109 182 1170 et
195 1107 341 1170 secundo
353 1107 494 1168 tertiove
511 1105 710 1168 commonita
735 1105 871 1166 minime

72 1204 274 1284 resipuerit,
309 1202 645 1266 excommunicationi
680 1201 869 1280 subjaceat.

72 1301 484 1380 reamquesesacramenti
496 1299 871 1379 corporisetsanguinis

72 1404 154 1464 iesu
169 1400 293 1467 Christi
314 1400 440 1462 tamchu
458 1414 532 1460 esse
558 1399 747 1474 cognoscat,
767 1397 872 1460 donec

72 1514 246 1560 excessum
274 1513 370 1560 suum
394 1496 505 1574 digna,
528 1511 687 1574 congrua,
713 1496 747 1560 et
773 1496 871 1574 plena

72 1595 301 1658 satisfactione
331 1595 487 1672 corrigat,
513 1595 547 1656 et
570 1593 739 1666 emendet,
768 1592 873 1654 nihil-

72 1693 205 1754 ominus
220 1692 336 1754 eedem
348 1692 483 1770 pagina,
503 1693 537 1754 et
550 1689 676 1754 eisdem
691 1690 870 1762 oblatione,

71 1790 264 1864 donatione,
288 1792 321 1854 et
335 1789 551 1852 concessione
571 1787 695 1854 nostris
716 1787 822 1849 firmis
836 1787 873 1850 in

71 1889 270 1965 perpetuum
309 1886 591 1965 permanentibus,
621 1887 654 1948 et
680 1885 796 1947 illaesis
831 1884 873 1948 ad

71 1983 873 2064 quarumperpetuammemoriam‚etinuiolabile

71 2084 318 2146 firmamentum
347 2099 497 2160 praesens
532 2080 745 2158 privilegium
779 2080 873 2144 vobis

71 2180 149 2242 fieri
174 2179 325 2254 fecimus,
348 2182 383 2242 et
396 2181 614 2259 impressione
634 2177 736 2256 sigilli
755 2178 872 2251 nostri,

71 2278 114 2340 de
133 2278 353 2357 suscriptione
376 2295 493 2342 manus
510 2277 655 2357 propriae
669 2275 872 2349 roboratum,

71 2374 876 2455 suscriptionibuspuoquecanonicorumnostro·

71 2490 149 2534 rum
163 2473 325 2550 jussimus
348 2473 558 2536 communiri.
574 2475 681 2544 Anno,
696 2487 821 2546 mense,
842 2474 877 2540 et

70 2557 190 2632 indict.
207 2570 428 2648 praetitulatis.

114 2669 184 2744 Ego
200 2667 363 2730 Robertus
378 2670 532 2732 Catacen.
547 2668 724 2745 episcopus
739 2667 875 2744 propria

70 2781 179 2826 manu
194 2765 386 2828 suscribere
406 2767 564 2844 predicte
578 2763 749 2829 confirmo.
803 2821 804 2825 ,

113 2864 183 2938 Ego
198 2861 459 2926 Bartholomaeus
479 2865 597 2925 cantor
623 2863 777 2924 (latacen.
800 2877 877 2927 con-

70 2958 169 3020 cedo.

114 3058 185 3132 Ego
196 3056 387 3134 Raynaldus
402 3056 658 3122 archidiaconus
677 3061 833 3124 concedo.

115 3155 185 3230 Ego
199 3156 345 3218 ioannes
360 3156 483 3220 Odonis
500 3159 653 3221 (latacen.
681 3159 873 3223 canonicus.

114 3255 186 3327 Ego
201 3253 344 3316 Michael
357 3255 512 3317 Catanen.
523 3258 707 3322 canonicus
717 3258 874 3320 concedo.

116 3349 255 3426 Signum
281 3367 399 3414 manus
426 3352 609 3418 Alexandri
647 3356 819 3430 canonici,
844 3358 877 3420 et

69 3447 280 3510 thesaurarii
295 3449 450 3512 Catacen.

116 3545 186 3620 Ego
199 3545 354 3608 Placidus
367 3547 521 3620 dameam
530 3551 710 3614 canonicus
718 3551 875 3614 concedo.

115 3643 186 3718 ligo
201 3643 400 3706 Fortunatus
418 3647 570 3708 Cataceu.
598 3649 780 3712 canonicus
801 3665 878 3712 con·

70 3737 171 3802 cedo.
335 3715 341 3738 '

116 3837 187 3912 Ego
203 3835 315 3899 Gratia
326 3839 481 3902 (latacen.
498 3841 678 3906 canonicus
697 3841 854 3906 concedo.

118 3935 187 4008 Ego
202 3933 360 3996 Nicotaus
376 3935 417 4000 de
429 3940 595 4001 Panormo
609 3941 763 4002 caueen
781 3955 878 4002 cano-

72 4031 176 4092 nicus
191 4031 347 4095 concedo.

116 4129 188 4204 Ego
203 4127 234 4190 N
236 4131 408 4192 eocastrus
422 4132 576 4195 Catacen.
606 4133 788 4196 canonicus
802 4149 878 4198 con·

71 4225 170 4287 cedo.

114 4321 209 4384 Nulli
235 4338 325 4401 ergo,
348 4327 424 4398 etc,
455 4327 581 4392 nostrae
613 4327 877 4393 confirmationis

70 4417 277 4496 infringere,
302 4421 355 4484 nel
384 4423 427 4496 ei,
459 4424 535 4498 etc,
562 4440 669 4500 usquc
697 4427 874 4490 contraire.

72 4517 111 4580 Si
128 4517 204 4594 quis
217 4520 339 4593 autem,
354 4522 416 4582 etc.

114 4615 237 4772 Βειὶιέιη
256 4617 413 4680 Laterani
435 4621 464 4680 V
486 4618 618 4692 kalend.
643 4621 766 4697 martii,
786 4637 877 4688 anno

70 4727 180 4772 secun
205 4727 236 4774 o.

400 4831 553 4918 CXLVI

192 4972 436 5034 delirandum
458 4974 602 5036 abactam
629 4977 753 5036 Tollen

373 5093 408 5152 25
429 5093 484 5152 leh.
502 5095 581 5154 ftis.

106 5197 232 5262 [Regnat.,
243 5197 288 5248 lih.
301 5199 332 5257 ll,
345 5199 418 5264 epist.
432 5200 489 5251 880.
499 5201 557 5252 llss.
569 5203 605 5254 La
616 5203 693 5253 Ponte
708 5201 845 5268 haihait]

71 5303 214 5363 eunomii
239 5306 365 5378 panther
386 5315 418 5366 ut
440 5316 504 5380 post
522 5310 768 5368 conscensionem
783 5317 878 5370 servet

143 5392 284 5452 beneficia
295 5411 359 5472 que
373 5397 538 5470 possidebat
552 5404 619 5458 ante
632 5398 813 5458 electionem.

116 5503 297 5660 ililonorius,
312 5506 389 5578 etc,
407 5506 528 5570 dilecto
543 5506 612 5570 filio
633 5509 758 5571 brardo
771 5509 877 5572 electo

71 5603 126 5660 Tu
154 5617 208 5662 en.

700 263 927 324 EPlS'l'OLAE.
952 264 1029 324 hta.
1055 265 1093 327 11.

1659 269 1718 324 tilii

964 426 1068 496 Quum
1084 439 1127 485 ex
1139 423 1286 500 injuncto
1302 422 1397 484 nohis
1414 423 1630 486 ecclesiarum
1645 441 1718 488 orn-

924 521 1015 590 m'unr
1030 536 1144 584 curam
1159 521 1331 584 teneamur
1345 537 1462 598 gerere
1473 523 1676 598 generalem,
1689 525 1722 588 et

923 632 1084 694 personas
1094 617 1212 694 dignas
1222 634 1283 679 nos
1295 618 1411 680 deceat
1423 619 1600 691 honorare,
1615 620 1721 695 gemi-

925 731 1003 781 num
1030 713 1153 776 bonum
1181 716 1321 791 ammam,
1351 717 1503 792 quotiens
1529 718 1576 779 ita
1600 718 1721 779 honori

924 812 1146 890 prospicimus
1158 827 1386 889 personarum,
1404 813 1440 875 ut
1459 815 1491 876 et
1510 814 1646 876 utilitati
1660 831 1720 876 ec-

924 911 1102 972 clesiarum
1117 910 1253 987 provide
1273 911 1494 974 consulamus.
1520 914 1606 974 Sane
1621 929 1722 990 quum

925 1007 966 1070 ad
994 1007 1122 1081 fallen.
1152 1007 1327 1073 ecclesiam
1362 1009 1534 1080 canonica,
1569 1013 1601 1071 et
1638 1025 1722 1070 con-

925 1105 1017 1171 cordi
1043 1105 1205 1168 electione
1231 1107 1380 1174 vocatus,
1406 1107 1600 1168 electionem
1627 1108 1667 1168 de
1690 1109 1724 1170 te

926 1201 1047 1266 factam
1062 1204 1211 1281 recipere
1228 1203 1423 1280 aliquandiu
1444 1203 1625 1276 dubitares,
1643 1221 1724 1266 con-

926 1300 1088 1364 siderans.
1105 1301 1190 1379 quod
1206 1301 1321 1364 eadem
1336 1301 1477 1364 ecclesia
1491 1305 1559 1362 tam
1575 1318 1722 1379 pauper-

926 1399 992 1476 tate
1019 1414 1117 1476 quam
1146 1398 1224 1461 aliis
1250 1399 1356 1460 variis
1381 1401 1432 1462 est
1455 1399 1726 1461 tribulationibus

926 1497 1159 1573 conquassata,
1172 1512 1214 1557 ne
1228 1499 1340 1558 tamen
1354 1498 1521 1561 vocationi
1532 1497 1653 1560 divinae
1666 1514 1724 1558 re-

928 1594 1046 1656 sistere
1063 1594 1118 1655 vel
1138 1595 1247 1671 potius
1262 1594 1499 1672 temporalibus
1515 1611 1612 1671 quam
1631 1595 1727 1672 spiri-

926 1691 1072 1752 tualibus
1086 1692 1258 1754 intendere
1271 1693 1446 1761 videreris,
1463 1693 1498 1753 in
1517 1692 1575 1752 illo
1592 1692 1725 1754 tandem

927 1788 1095 1851 confidens
1111 1791 1166 1866 qui
1182 1789 1274 1851 adest
1289 1791 1324 1850 in
1341 1790 1480 1851 veritate
1494 1789 1727 1851 invocantibus

928 1901 1048 1948 nomen
1057 1903 1164 1959 suum,
1174 1887 1329 1949 electioni
1338 1887 1724 1959 humiliterconcessisti‚

928 1984 969 2045 de
998 1985 1379 2062 quiete-adangustias‚
1405 1985 1504 2047 etde
1534 1985 1659 2046 divitiis
1686 1986 1727 2047 ad

928 2081 1075 2159 inopiam
1084 2083 1366 2159 transmigrando.
1379 2081 1449 2144 Nos
1459 2083 1563 2160 igitur
1574 2085 1608 2144 et
1619 2083 1729 2144 eccle-

929 2179 988 2240 siae
1017 2179 1184 2257 praedictae
1210 2179 1380 2242 miseriam
1403 2180 1612 2255 miserantes,
1633 2183 1667 2244 et
1694 2181 1730 2242 ut

930 2292 1013 2338 onus
1035 2277 1207 2354 regiminis
1229 2276 1318 2340 feras
1337 2278 1454 2351 levius,
1472 2278 1504 2339 te
1524 2278 1672 2340 volentes
1688 2277 1728 2338 de

929 2373 1067 2452 speciali
1095 2373 1203 2450 gratia
1228 2375 1405 2448 honorare,
1435 2376 1502 2438 tuis
1530 2376 1564 2438 et
1586 2376 1729 2437 aliorum

930 2486 1028 2549 quam
1051 2471 1196 2549 plurium
1209 2488 1268 2549 pro
1283 2473 1316 2534 te
1342 2472 1477 2535 obtentu
1496 2472 1647 2535 eeclesiae
1661 2474 1729 2536 tue

930 2567 1025 2632 nobis
1040 2569 1298 2647 supplicantium
1318 2569 1471 2648 precibus
1486 2570 1650 2643 inclinati,
1667 2571 1729 2632 de-

929 2665 1057 2736 votioni
1077 2669 1142 2733 tuae
1162 2667 1327 2729 retinendi
1345 2667 1584 2730 beneficiorum
1599 2669 1732 2731 tuorum

930 2766 1119 2844 proventus,
1138 2781 1211 2844 quae
1226 2767 1304 2828 ante
1318 2767 1408 2828 tuam
1422 2767 1619 2829 electionem
1634 2782 1732 2828 cano-

930 2861 997 2924 nici
1019 2879 1059 2926 ac
1076 2861 1213 2941 pacifice
1231 2863 1434 2939 possidebas,
1451 2865 1612 2944 usquead
1628 2865 1731 2944 quin-

930 2961 1110 3038 quennium
1133 2962 1166 3022 et
1192 2961 1349 3040 deinceps
1375 2963 1522 3040 quandiu
1536 2962 1632 3024 nobis
1654 2963 1730 3040 pla-

931 3058 1037 3120 cuerit
1064 3055 1264 3121 auctoritate
1288 3059 1503 3135 praesentium
1518 3061 1730 3122 concedimus

931 3154 1132 3218 facultatem.
1156 3156 1275 3218 Datum
1291 3155 1446 3220 Laterani
1466 3157 1594 3220 decimo
1616 3159 1732 3236 quinto

931 3253 1091 3316 kalendas
1120 3253 1243 3326 martii,
1266 3254 1477 3333 pontificatus
1507 3256 1612 3316 nostri
1641 3272 1730 3318 anuo

931 3351 1088 3412 secundo.

1248 3477 1421 3563 CXLVII

980 3611 1032 3668 Ad
1046 3609 1223 3670 cantorem
1237 3611 1519 3672 suessionensem
1532 3612 1565 3672 et
1580 3615 1620 3672 R.
1634 3615 1678 3673 de

1241 3709 1420 3768 cremetis.

1229 3817 1265 3877 25
1279 3817 1335 3877 feb.
1353 3818 1434 3876 ills.
1553 3907 1555 3912 Ι

964 3924 1082 3986 [Regcst.,
1095 3923 1140 3974 lib.
1155 3925 1186 3982 ll,
1199 3923 1273 3988 epist.
1285 3925 1340 3974 ΜΞ.
1355 3925 1412 3977 ides.
1429 3927 1466 3976 La
1479 3925 1555 3978 Ponte
1568 3927 1603 3978 du
1616 3927 1710 3994 Tlroil.]

931 4039 1085 4100 Confirmat
1097 4049 1281 4114 personatum
1291 4043 1417 4100 centoris
1425 4051 1453 4102 et
1461 4043 1587 4102 redditus
1597 4047 1733 4104 cantoriae

1245 4131 1419 4206 assignatos.

971 4239 1151 4308 Honorius,
1169 4239 1243 4313 eto„
1270 4240 1400 4303 dilectis
1422 4241 1500 4304 filiis
1525 4245 1564 4305 R.
1586 4243 1626 4306 de
1650 4247 1732 4308 Cra-

931 4337 1028 4398 melis
1043 4337 1077 4399 et
1091 4338 1221 4400 cantori
1237 4340 1451 4402 suessionen.

972 4437 1077 4508 Quum
1092 4435 1219 4497 anobis
1234 4437 1367 4515 petitur,
1385 4453 1491 4514 usque
1504 4457 1516 4499 .·
1531 4440 1731 4515 perducatur

931 4531 1096 4596 effectum.
1120 4535 1166 4596 Ea
1181 4536 1328 4614 propter,
1344 4550 1451 4610 usuros
1466 4553 1477 4596 .·
1490 4536 1644 4612 precibus
1664 4553 1729 4600 an-

931 4631 1082 4692 nuentes.
1109 4633 1290 4694 Personam
1305 4633 1396 4694 tuam
1410 4648 1484 4694 cum
1500 4633 1653 4694 omnihus
1669 4633 1731 4696 bo-

931 4729 996 4797 nis,
1012 4743 1085 4806 quae
1101 4729 1136 4789 iu
1154 4729 1407 4806 praesentiarum
1423 4730 1633 4792 rationaliter
1647 4749 1730 4809 pos-

932 4825 1030 4896 sides,
1046 4825 1152 4887 autin
1166 4825 1312 4888 futurum
1324 4827 1541 4904 justismodis
1548 4831 1729 4906 praestante

931 4923 1070 4987 Domino
1088 4923 1212 5001 poteris
1227 4924 1378 5002 adipisci,
1405 4924 1465 4988 sub
1484 4925 1573 4988 beati
1588 4927 1679 4990 Petri
1698 4932 1732 4993 et

931 5022 1046 5086 nostra
1070 5021 1274 5099 protectione
1296 5023 1506 5100 suscipimus.
1527 5027 1614 5086 Sane
1629 5042 1730 5104 quum

933 5119 1146 5198 suessionen.
1183 5120 1365 5197 capitulum
1398 5122 1485 5183 sicut
1521 5125 1730 5201 praesentatae

932 5215 1027 5278 nobis
1059 5231 1174 5278 eorum
1207 5217 1328 5280 litterae
1362 5219 1589 5293 continebant,
1624 5237 1731 5298 nuper

932 5313 1118 5386 statuerint,
1140 5316 1177 5376 ut
1190 5317 1340 5378 cantoria
1357 5318 1402 5380 sit
1422 5334 1441 5378 a
1458 5317 1553 5380 modo
1571 5318 1606 5378 iu
1628 5321 1731 5382 Sues-

932 5412 1060 5476 sionen.
1094 5413 1244 5476 ecclesiae
1282 5416 1499 5492 personatus,
1529 5415 1560 5478 ei
1595 5415 1729 5480 stallum

932 5509 1038 5582 chori,
1055 5511 1141 5592 quod
1161 5527 1181 5572 a
1199 5510 1298 5588 longo
1313 5513 1460 5590 tempore
1474 5529 1539 5574 nou
1555 5512 1727 5588 habuerat,

933 5607 1153 5684 assignantes,
1181 5626 1242 5672 nos
1270 5610 1455 5672 cantoriam
1481 5611 1631 5673 eamdem
1655 5630 1729 5676 curn
