4058 6308
285 333 345 396 aet
902 333 1077 396 HONORII
1098 333 1143 395 111
1165 335 1313 398 OPERA.
1854 340 1903 402 288

288 495 412 558 nostrae
425 489 685 557 confirmationis
700 485 893 558 stenelum
911 494 1077 567 Laterani,
1136 495 1242 557 torius
1263 495 1425 558 terminus
1441 495 1642 572 assignatus,
1657 511 1719 574 quo
1732 511 1804 558 cum
1817 499 1905 562 ratio-

288 611 334 655 un
362 594 488 655 decimo
517 591 680 654 kalendas
703 593 831 666 Martii,
860 593 1071 671 pontificatus
1136 593 1233 654 nibus
1248 597 1281 656 et
1295 593 1544 656 defensionibus
1560 593 1679 657 vestris
1698 596 1904 673 procuratores

287 692 392 756 nostri
407 707 495 753 anno
510 693 627 768 primo.
1136 693 1272 754 idoneos
1294 693 1336 754 ad
1359 693 1476 756 Sedem
1505 693 1728 770 Apostolicam
1743 695 1904 757 mitteretis.

938 801 942 812 ’
1136 793 1205 853 Nos
1229 793 1340 853 autem
1363 791 1523 854 hahentes
1544 793 1618 853 rata
1647 791 1809 869 praedicta,
1828 793 1905 854 volis

1136 888 1905 968 denunciavimus,nedenuoexpectaretiscitari,

579 943 787 1033 CCXXXH
1137 989 1214 1065 quia
1239 988 1304 1050 nisi
1324 989 1560 1067 compararetis
1582 989 1723 1052 termino
1743 989 1905 1066 assignato,
1995 1027 1996 1088 ,

754 1153 774 1164 Η
1135 1085 1684 1165 tu,fraterarchiepiscope,perte,
1697 1088 1749 1149 vel
1763 1103 1821 1164 per
1832 1087 1909 1148 sulli-

284 1152 336 1212 Ad
349 1149 556 1212 consecutam
570 1149 773 1210 rnorwstera
787 1152 822 1212 S.
837 1147 1082 1214 Borllaolomeei

554 1250 596 1308 de
611 1249 807 1322 Catillum·
1137 1283 1204 1343 lum
1220 1299 1280 1359 per
1295 1283 1432 1345 idoneos
1448 1284 1670 1362 responsales,
1686 1301 1746 1346 nos
1759 1283 1909 1345 nihilomi-

575 1423 607 1482 {9
624 1421 695 1482 febr·
713 1425 791 1483 lali.
1137 1396 1199 1441 nus
1215 1380 1470 1458 procederemus
1482 1382 1517 1442 in
1531 1383 1605 1460 ipso
1618 1383 1762 1458 negotio,
1777 1383 1911 1460 quantum

424 1528 542 1594 [egloin
556 1529 631 1580 ltalia
643 1529 728 1580 Sacra.
742 1532 771 1589 T,
785 1532 803 1583 1.
821 1545 846 1596 p.
860 1529 941 1596 ιω]
1133 1478 1264 1556 justitia
1288 1480 1482 1558 postularet.
1507 1483 1631 1542 veum
1659 1481 1773 1558 elapso
1791 1479 1911 1541 termino

1136 1184 1279 1246 cientem
1298 1188 1557 1262 procuratorem,
1583 1202 1707 1264 vosque
1726 1185 1907 1263 liliicapitu-
1993 1254 1996 1263 Ι

1138 1577 1326 1649 constituto,
1353 1579 1427 1655 post
1449 1578 1714 1655 expectationem
1739 1593 1803 1639 nou
1822 1576 1912 1636 modi·
1996 1556 1997 1594 ³

284 1655 414 1727 Mandat,
438 1664 469 1715 1¹1
496 1671 582 1730 quum
606 1657 767 1716 Gilillfflus
796 1657 923 1729 ilSOWffl
943 1658 1032 1718 abbat
1052 1660 1106 1718 in,
1137 1689 1221 1748 cam,
1250 1675 1507 1753 comparuerunt
1536 1676 1649 1738 dilecti
1688 1677 1749 1738 lilii
1776 1675 1914 1751 magister
1997 1659 1998 1674 ³

318 1749 498 1806 Penneusem
514 1747 679 1819 episcopum
694 1747 731 1804 sit
745 1754 919 1820 assumptus,
932 1748 985 1805 sibi
996 1750 1081 1806 talem

320 1835 475 1910 proliciunt
485 1836 515 1892 iu
524 1842 678 1909 pastorem,
694 1837 741 1908 qul
755 1842 834 1893 tanto
847 1845 989 1910 congruat
1002 1839 1082 1896 oneri

319 1933 347 1983 et
362 1923 463 1982 honori
1138 1887 1196 1932 cus
1211 1873 1438 1940 Bracarensis,
1452 1874 1581 1933 vestras
1594 1872 1690 1934 nobis
1705 1873 1829 1933 litteras
1841 1885 1913 1946 prae-

1138 1773 1328 1836 scholarum
1351 1775 1384 1835 et
1403 1775 1562 1850 magister
1585 1773 1776 1836 Dominicus
1795 1770 1914 1834 canoni·
1997 1801 1998 1809 ,

1138 1970 1324 2043 sententes,
1355 1969 1474 2046 quibus
1508 1985 1565 2032 eos
1601 1985 1674 2032 esse
1704 1969 1914 2047 procuratores
1997 1976 1998 2004 ÷

323 2071 491 2133 Honorius
506 2069 692 2149 episcopus,
703 2087 818 2133 servus
829 2087 999 2134 servorum
1009 2071 1080 2133 Del.
1136 2070 1265 2130 vestros
1277 2069 1313 2128 in
1327 2083 1428 2129 causa
1447 2067 1617 2145 praedicta,
1635 2068 1682 2130 ita
1698 2067 1782 2145 quod
1797 2066 1916 2141 uterque

211 2155 213 2160 ’
323 2169 460 2232 Dilectis
475 2170 553 2231 tiliis
569 2171 747 2232 conventui
762 2171 959 2233 monasterii
976 2170 1082 2233 sancti
1137 2167 1172 2228 in
1195 2165 1336 2228 solidum
1356 2166 1548 2244 apparebat.
1576 2165 1639 2226 Sed
1666 2165 1756 2243 quia,
1782 2166 1817 2226 ut
1837 2163 1915 2223 dice·
1998 2167 1999 2244 J

282 2266 518 2329 Bartholomaei
530 2267 570 2328 de
583 2269 769 2344 carpineti),
788 2268 928 2330 salutem
943 2272 1084 2346 etApos·
1137 2264 1226 2337 bant,
1244 2281 1311 2326 non
1326 2265 1506 2326 attulerant
1528 2263 1770 2342 depositionem
1788 2260 1914 2330 testium,
1998 2267 1999 2282 ¹

284 2363 417 2424 tolicam
430 2363 866 2437 benedictionem-Quum
879 2367 1080 2440 Gualterius,
1138 2364 1170 2426 et
1181 2364 1246 2425 alia
1262 2364 1482 2435 munimenta,
1502 2363 1696 2424 dilationem
1717 2377 1791 2422 cum
1804 2359 1918 2420 instan-

282 2461 447 2538 quondam
462 2461 564 2523 abhas
579 2463 699 2535 vester,
716 2463 751 2523 in
767 2457 976 2525 Pennensem
991 2464 1084 2541 epis·
1137 2463 1184 2526 tia
1204 2462 1425 2540 postularunt.
1447 2461 1625 2538 Postquam
1645 2476 1726 2523 vero
1749 2458 1858 2520 contra
1873 2470 1918 2516 eos

282 2574 401 2636 copum
416 2560 459 2621 sit
471 2561 670 2638 assumptus
686 2577 728 2622 ne
744 2562 984 2623 monasterium
997 2579 1078 2624 ves·
1137 2560 1327 2623 interlocuti
1351 2559 1474 2621 luimus
1510 2575 1609 2636 super
1634 2557 1795 2620 dilatione
1819 2553 1918 2634 petita.

282 2657 371 2717 trum
395 2658 520 2718 diutius
545 2660 678 2720 maneat
701 2659 849 2721 Pastoris
876 2660 994 2722 solatio
1010 2657 1081 2720 des·
1136 2657 1268 2719 tandem
1293 2657 1460 2734 indulgeri
1481 2657 1631 2719 ecclesiae
1652 2655 1848 2718 Bracarensi
1873 2651 1919 2712 di-

282 2753 429 2827 titutum,
445 2755 658 2816 universitati
677 2757 797 2818 nestrae
820 2758 1080 2833 perApostolica
1137 2755 1295 2816 lationem
1338 2756 1472 2833 propter
1510 2755 1765 2817 instructionem
1804 2765 1918 2820 causae,

282 2851 406 2928 scripta
425 2851 637 2924 mandamus,
664 2853 827 2929 quatenus
850 2853 1083 2916 convenienti·
1137 2868 1197 2930 per
1208 2853 1372 2914 auxilium
1386 2853 1607 2914 restitutionis
1622 2852 1657 2912 in
1669 2853 1837 2927 integrum
1852 2863 1920 2924 pes-

282 2947 344 3010 hus
355 2949 389 3009 in
400 2965 514 3022 unum,
526 2950 784 3027 Spiritussancti
794 2952 903 3027 gratia
914 2953 1080 3026 invocata,
1136 2950 1310 3014 tulerunt:
1336 2951 1532 3014 exhibentes
1558 2965 1658 3026 super
1687 2949 1752 3011 hoc
1778 2943 1921 3023 exparte

284 3047 382 3108 talem
417 3047 510 3109 vobis
554 3047 744 3125 praeficiatis
785 3066 844 3128 per
887 3049 1082 3112 electionem
1136 3050 1247 3111 vestra
1271 3050 1415 3126 speciale
1439 3048 1641 3112 mandatum.
1665 3048 1737 3109 Nos
1762 3046 1867 3107 autem
1889 3041 1922 3100 de

284 3145 478 3206 canonicam
494 3145 529 3205 in
549 3145 726 3222 pastorem,
744 3146 800 3223 qui
814 3147 906 3208 tanto
921 3151 1083 3224 congruat
1136 3147 1275 3209 fratrum
1290 3148 1479 3208 nostrorum
1492 3147 1642 3218 consilio,
1660 3143 1821 3222 usquead
1837 3141 1920 3203 octa·

283 3242 557 3304 onerietlnonori.
568 3244 687 3305 Datum
698 3245 1081 3316 Lateraui‚Xlkalendas
1136 3263 1196 3308 vas
1213 3247 1423 3308 Pentecostes
1443 3245 1594 3323 proxime
1608 3245 1750 3317 futuras,
1766 3258 1823 3321 per
1834 3237 1923 3302 resti-

284 3340 988 3420 martii‚pontillcatusnost1·ianiloprimo.
1136 3345 1274 3406 tutionis
1293 3344 1501 3416 beneficium,
1521 3344 1562 3405 ad
1582 3343 1614 3404 id
1638 3341 1735 3404 vobis
1758 3339 1924 3404 terminum

1137 3443 1292 3504 duximus
1318 3441 1587 3518 indulgendum:
1618 3456 1679 3518 per
1711 3436 1924 3516 Apostolicam

1136 3540 1231 3601 vohis
1250 3539 1448 3601 sententiam
1478 3537 1703 3616 praecipiendo
1728 3533 1922 3599 mandantes,

569 3601 799 3688 CCXXXIII
1137 3638 1300 3717 quatenus
1325 3638 1373 3698 sic
1392 3637 1545 3699 instructi
1565 3634 1787 3712 compareatis
1808 3633 1842 3692 in
1860 3629 1923 3692 ter-

1138 3736 1239 3809 mine,
1255 3735 1340 3813 quod
1356 3750 1456 3796 causa
1472 3749 1567 3795 suum
1581 3733 1693 3795 sortiri
1710 3731 1816 3809 possit
1834 3727 1924 3790 elice

345 3823 427 3882 M
440 3823 735 3897 arehisspsswffltm
752 3823 787 3884 θΐ
800 3825 989 3899 &diliculum
1136 3835 1240 3896 tum:
1272 3832 1350 3911 quia
1394 3849 1505 3909 quum,
1547 3830 1636 3892 ultra
1677 3825 1926 3907 peremptorium

344 3935 356 3944 '
555 3922 805 3982 Braffltellsses·
1137 3932 1354 4008 assignatum,
1371 3931 1429 3992 diu
1444 3930 1487 3991 sit
1507 3929 1542 3990 in
1567 3929 1673 4006 ipsius
1698 3925 1851 3990 Toletani
1862 3923 1925 3983 dis-

569 4063 605 4120 ²0
621 4061 691 4121 sehr·
717 4063 796 4120 ltl7.
1137 4030 1305 4107 pendium,
1323 4027 1471 4106 eJusdem
1484 4041 1594 4088 causae
1617 4025 1745 4087 decisio
1764 4021 1924 4103 protelata,

342 4172 422 4224 llansi
441 4174 574 4224 Sacrorum
585 4175 754 4225 conciliorum
764 4191 831 4226 nova
842 4181 866 4227 et
876 4191 918 4227 am
938 4177 970 4227 lis
985 4177 1037 4228 'ma
1137 4128 1216 4188 tuno
1231 4126 1376 4203 promoto
1402 4127 1436 4187 in
1458 4140 1498 4187 ea
1513 4124 1673 4202 quantum
1693 4121 1928 4201 postfflabitrae

330 4173 341 4238 [
424 4212 432 4233 ’
481 4251 641 4304 collection.
664 4191 936 4320 xx11,p.loe7].'p
971 4193 992 4228 ⁵¹
1137 4222 1184 4283 tio
1201 4221 1427 4298 procedemus.
1446 4221 1564 4283 Datum
1575 4220 1744 4287 Laterani,
1760 4221 1791 4280 X
1806 4210 1925 4278 kalend.

1138 4319 1260 4390 martii,
1277 4320 1488 4396 pontificatus
1508 4317 1614 4380 nostri
1628 4331 1717 4378 anno
1733 4318 1758 4378 1.

284 4388 410 4456 lntlmet,
425 4400 458 4444 se
473 4387 502 4443 lu
512 4385 561 4444 lite
575 4385 711 4445 intereos
725 4394 754 4445 et
767 4387 1014 4464 archiepiscopum
1027 4395 1080 4451 To·

317 4477 446 4535 leteuum
454 4475 677 4548 superprimatie
685 4482 814 4533 vertente
825 4477 981 4536 terminum
991 4495 1082 4553 usque

319 4565 356 4624 ad
372 4573 490 4623 octavas
503 4568 686 4623 Pentecostes
705 4564 834 4637 proxime
853 4564 974 4635 suturas,
997 4583 1080 4641 prop·
1422 4519 1647 4610 CCXXXW

319 4661 363 4711 ter
373 4655 591 4712 instructionem
606 4667 711 4722 causae,
727 4667 778 4725 per
791 4654 978 4712 restitutionis
996 4654 1083 4713 bene·

320 4741 416 4799 uelum
431 4743 474 4798 als
489 4740 659 4814 indulgisse.
1217 4691 1270 4750 Act
1294 4693 1533 4753 Wtodislovam
1553 4693 1675 4752 domem
1690 4693 1732 4752 de
1748 4691 1853 4754 Kato.

325 4883 682 4961 Honoriusepiscopus,
697 4900 813 4947 servus
831 4900 1004 4947 servorum
1011 4885 1082 4959 Dei,
1419 4853 1454 4913 ²²
1473 4855 1543 4914 sehr·
1580 4857 1636 4914 ¹²¹

285 4978 472 5042 Venerabili
493 4980 590 5041 fratri
610 4981 873 5059 archiepiscopo,
899 4983 932 5044 et
955 4983 1084 5045 dilectis
1203 4991 1332 5053 [rusina.
1342 4994 1507 5050 Monumeata
1522 4997 1646 5048 Poloniae.
1658 5005 1678 5074 t.
1690 5000 1710 5059 l,
1726 5011 1752 5066 p.
1764 4997 1789 5060 3,
1802 5008 1829 5048 n·
1839 4995 1874 5060 6.]

286 5077 365 5139 liliis
379 5075 517 5152 capituli
530 5079 762 5150 Bracarensis,
778 5079 962 5141 salutemet
973 5082 1083 5156 Apos-

284 5174 420 5239 tolicam
432 5170 710 5232 benedictionem,
1205 5151 1350 5222 Hortatur,
1363 5163 1393 5212 ut
1408 5155 1471 5214 duci
1483 5159 1591 5216 Silesioe
1606 5166 1732 5218 castrum
1751 5158 1788 5216 de
1798 5155 1875 5217 Kalis
1942 5122 1947 5133 ¹

326 5274 446 5334 Coram
463 5267 572 5329 felicis
587 5269 756 5330 memoriae
776 5272 888 5332 Innoc.
903 5287 988 5347 papa
1003 5289 1086 5348 prae-
1466 5248 1608 5305 restituat.

286 5372 460 5434 decessore
476 5368 588 5428 nostro
602 5363 660 5425 lite
672 5363 759 5426 inter
770 5365 994 5429 venerabilem
1010 5369 1082 5431 sra—
1178 5365 1343 5426 Honorius
1354 5370 1539 5450 episcopus,
1547 5375 1637 5436 etc...
1648 5374 1768 5438 dilecto
1785 5374 1853 5435 tilio
1867 5385 1923 5431 no·
2004 5347 2005 5400 ἶ

285 5472 370 5532 trem
393 5466 543 5528 nostrum
565 5460 852 5537 archiepiscopum
876 5463 1082 5536 Toletanum,
1138 5458 1198 5520 bili
1218 5461 1292 5523 viro
1309 5465 1521 5532 Wlodislavo
1541 5471 1617 5534 duci
1646 5473 1687 5534 de
1715 5473 1826 5544 Kalis,
1847 5467 1930 5530 salu·

286 5569 319 5631 et
332 5569 375 5638 te,
395 5563 498 5626 irater
516 5558 778 5636 archiepiscope,
805 5573 906 5634 super
927 5561 1083 5636 primatia
1138 5557 1204 5616 tem
1219 5559 1294 5630 etc..
1311 5563 1467 5640 Exposita
1488 5568 1584 5630 nohis
1606 5569 1720 5633 dilecti
1735 5571 1797 5631 tilii
1811 5562 1924 5643 noliilis

287 5663 480 5730 solemniter
501 5656 708 5722 contestatat
733 5653 827 5716 vobis
848 5653 1082 5738 luitperemp-
1138 5653 1203 5715 viri
1221 5657 1261 5716 H.
1289 5657 1364 5721 duci
1389 5663 1517 5728 Silesiae
1545 5671 1740 5747 conquestio
1768 5661 1926 5748 patefecit,
2004 5713 2005 5756 ἶ
