4082 6342
119 357 178 420 lle
754 358 984 420 EPISTOLAE.
1009 357 1086 418 LIB.
1111 360 1135 418 I.

1709 369 1769 430 1511

115 509 245 580 decima
272 515 473 594 supradicta,
497 530 580 594 quos
603 511 731 579 modios
750 513 915 596 quondam
970 517 1118 596 Dionysii
1141 519 1353 596 parisiensis,
1378 522 1525 586 Salutem
1546 525 1579 587 et
1598 527 1768 606 Apostoli-

113 614 259 679 -Alardus
270 614 366 676 miles
376 615 569 676 antecessor
582 609 687 693 ipsius
698 614 763 677 sibi
777 615 917 678 retinuit
970 633 1042 680 cam
1057 616 1333 682 benedictionem.

117 713 249 792 quando
264 711 426 775 decimam
435 713 543 790 ipsam
558 713 698 776 contulit
712 715 915 776 monasterio
1010 719 1116 788 Quum
1131 731 1151 776 a
1165 715 1261 779 nobis
1276 719 1401 795 petitur
1414 721 1500 796 quod
1518 722 1647 798 justum
1668 725 1719 786 est
1733 725 1767 788 et

117 813 310 883 memorato,
335 809 376 871 ad
392 810 478 888 quod
493 809 699 888 probandum
714 811 915 887 cirografum
970 813 1155 886 honestum,
1172 816 1240 876 tam
1260 816 1355 892 vigor
1375 819 1541 894 aequitatis
1566 837 1665 898 quam
1685 823 1766 885 ordo

117 910 223 988 ipsius
238 909 435 970 monasterii
445 908 583 971 deduxit
594 911 628 970 in
644 909 806 986 medium
820 926 916 988 quos·
970 910 1075 987 exigit
1088 913 1228 974 rationis
1241 914 1278 976 ut
1291 915 1324 976 id
1339 930 1399 993 per
1413 917 1669 980 sollicitudinem
1687 919 1765 982 oili-

116 1003 915 1086 dametiamtestesproduxi't,quibusprobarevo-
969 1007 1014 1068 cii
1028 1008 1133 1070 nostri
1149 1009 1190 1070 ad
1205 1009 1351 1072 debitum
1374 1013 1574 1088 perducatur
1599 1015 1764 1078 effectum.

115 1106 293 1169 lebatseac
303 1107 532 1168 antecessores
545 1122 622 1168 suos
629 1121 688 1184 per
696 1105 914 1185 qnadraginta
970 1108 1015 1168 Ea
1037 1109 1182 1184 propter,
1206 1107 1318 1170 dilecti
1341 1110 1377 1170 in
1392 1111 1531 1173 Domino
1545 1112 1618 1186 filii,
1644 1115 1766 1176 vestris

116 1204 337 1267 annosdictos
346 1204 465 1281 viginti
475 1204 700 1267 bladimodios
714 1206 912 1284 possedisse.
965 1202 1066 1280 justis
1093 1204 1372 1298 postulationibus
1401 1209 1496 1284 grato
1528 1213 1765 1274 concurrentes

115 1305 186 1365 Nos
213 1303 316 1380 igitur
345 1301 524 1366 intellectis
550 1319 624 1381 quae
648 1303 754 1366 dictus
784 1304 915 1366 aaditor
969 1317 1119 1370 assensu,
1140 1303 1315 1366 arbitrium
1331 1303 1418 1367 inter
1438 1322 1498 1367 vos
1521 1323 1564 1368 ex
1586 1324 1652 1370 una
1671 1312 1766 1387 parte

115 1401 213 1464 nobis
235 1401 554 1474 lideliterrecitasit,
578 1402 684 1464 eidem
704 1403 914 1481 praecipimus
969 1398 1002 1460 et
1015 1399 1240 1462 venerabilem
1260 1400 1395 1463 tratrem
1418 1403 1568 1466 nostrum
1590 1405 1765 1468 Parisien-

116 1501 155 1561 ut
166 1500 207 1561 de
222 1500 411 1577 aliquorum
419 1499 559 1563 nanum
570 1501 759 1563 nostrorum
775 1501 914 1564 consilio
969 1498 1235 1575 semepiscopum
1246 1515 1290 1560 ex
1301 1499 1417 1574 altera,
1428 1517 1576 1579 supereo
1587 1503 1769 1581 quodepis·

115 1613 253 1659 causam
273 1597 382 1676 ipsam
405 1597 471 1660 flne
485 1598 595 1661 debito
618 1600 822 1661 terminaret.
840 1602 915 1677 lpse
970 1611 1071 1672 copus
1085 1597 1156 1674 ipso
1173 1597 1303 1660 dicebat
1317 1598 1483 1662 nundinas
1496 1599 1614 1664 indicti
1626 1617 1694 1663 non
1709 1602 1769 1664 de·

116 1712 211 1769 sero,
227 1695 430 1760 venerabilis
454 1696 566 1759 trabis
580 1697 685 1760 nostri
703 1701 739 1759 P.
758 1698 914 1761 sabinen.
969 1691 1047 1754 bere
1066 1693 1188 1756 durare
1203 1696 1267 1758 nisi
1287 1712 1347 1774 per
1365 1697 1433 1760 tres
1452 1697 1523 1759 dies
1547 1714 1567 1760 a
1589 1699 1643 1762 die
1664 1699 1768 1764 bene-

117 1793 277 1872 episoopi,
290 1795 324 1857 et
337 1794 448 1856 dilecti
456 1795 517 1856 filii
526 1795 633 1857 nostri
641 1799 679 1857 Ρ.
692 1795 781 1858 tituli
792 1797 915 1858 sanctae
970 1791 1136 1862 dictionis,
1152 1795 1379 1857 asserentibus
1394 1795 1487 1858 vobis
1503 1796 1589 1874 quod
1604 1796 1768 1862 debebant

118 1891 253 1954 Sabinae
261 1891 446 1971 presbyteri
455 1893 634 1955 cardinalis
643 1893 914 1968 consiliolaabito,
970 1889 1092 1952 durare
1115 1892 1275 1968 quantum
1304 1893 1380 1955 aliae
1407 1894 1565 1956 nundinae
1600 1894 1766 1958 solemnes

116 2007 178 2052 sos
194 2006 213 2052 a
229 1990 462 2068 praedictorum
482 1991 601 2068 viginti
620 1991 806 2054 modiorum
826 1993 916 2055 bladi
971 1987 1103 2061 durant,
1127 2004 1148 2049 a
1169 1989 1344 2054 carissimo
1361 1992 1396 2052 in
1420 1993 1550 2055 Christo
1568 1993 1638 2055 tilio
1652 1998 1767 2057 nostro

117 2089 285 2150 solutione
305 2087 458 2162 absolvit,
483 2088 570 2152 dicto
584 2090 730 2153 Johanni
752 2106 852 2169 super
874 2092 916 2153 iis
972 2086 1126 2164 Philippo
1151 2104 1230 2164 rege
1255 2091 1459 2152 Francorum
1493 2091 1618 2154 illustri
1641 2091 1767 2156 arbitro

112 2187 291 2248 silentium
306 2187 515 2265 imponendo,
531 2189 564 2251 et
577 2205 652 2251 eum
665 2188 706 2250 ab
722 2189 764 2250 iis
775 2205 848 2268 quae
859 2206 917 2267 per
971 2183 1013 2246 ab
1028 2186 1167 2264 utraque
1190 2187 1284 2265 parte
1304 2187 1409 2252 electo
1424 2189 1667 2255 rationabiliter
1689 2207 1768 2270 pro-

117 2291 268 2346 errorem
291 2285 343 2346 vel
366 2285 602 2364 negligentiam
632 2287 791 2349 dicebatis
813 2287 916 2350 luisse
971 2282 1153 2360 mulgetum
1169 2285 1203 2347 et
1216 2284 1257 2347 ab
1274 2285 1347 2362 ipso
1363 2285 1518 2363 episcopo
1536 2287 1764 2364 approbatum,

114 2383 459 2460 soluta,etexpensis
474 2385 543 2446 litis
558 2401 631 2462 quae
654 2383 866 2449 deduxeratis
882 2385 916 2449 in
972 2380 1058 2443 sicut
1085 2383 1137 2443 est
1163 2397 1306 2460 aequum,
1336 2383 1369 2444 et
1394 2383 1586 2446 eorumdem
1613 2385 1703 2461 regis
1736 2388 1770 2448 et

113 2481 279 2558 judicium
301 2481 515 2544 absolvendo.
540 2484 609 2545 Nos
627 2483 739 2562 itaque
763 2485 849 2562 qnod
876 2484 916 2546 ab
972 2478 1120 2556 episcopi
1160 2479 1282 2542 litteris
1321 2481 1529 2556 continetur,
1570 2483 1795 2546 auctoritate·

117 2578 273 2642 auditore
295 2579 453 2657 praedicto
475 2581 719 2644 sententialiter
739 2581 917 2645 diffinitum
970 2577 1636 2658 ADOStolicaconiirmamusetprecsentis
1651 2583 1769 2660 scripti

117 2678 170 2738 est
182 2678 292 2739 ratum
300 2677 470 2752 babentes,
480 2679 513 2741 id
525 2679 916 2758 auctoritateltpostolica
972 2675 1158 2752 patrocinio
1184 2677 1438 2739 communimus.
1456 2679 1506 2740 Ad
1527 2683 1687 2758 majorem
1707 2697 1770 2742 au-

117 2775 366 2849 confirmamus,
378 2777 592 2854 etpraesentis
607 2777 722 2856 scripti
733 2779 917 2856 patrocinio
971 2774 1038 2836 tem
1051 2773 1239 2836 firmitatem
1255 2775 1404 2838 tenorem
1419 2776 1603 2839 litterarum
1620 2779 1769 2855 ipsarum

118 2873 373 2936 communimus.
389 2874 483 2936 Nulli
501 2890 591 2953 ergo,
608 2875 683 2948 etc,
700 2878 823 2939 nostrae
837 2893 919 2940 con·
972 2871 1193 2948 praesentibus
1216 2873 1379 2951 jussimus
1405 2875 1571 2950 annotari,
1602 2877 1659 2956 qui
1686 2877 1765 2942 talis

117 2971 328 3045 firmationis,
344 2972 406 3035 etc.
420 2973 455 3034 Si
470 2973 544 3051 quis
556 2974 678 3045 autem,
694 2973 757 3037 etc.
972 2971 1045 3033 est:

160 3069 278 3131 Datum
293 3071 453 3148 Anagniae
468 3071 583 3150 quinto
596 3072 671 3133 idus
685 3072 764 3151 julii
783 3073 919 3154 pontill-
1013 3072 1050 3132 ln
1073 3069 1207 3132 nomine
1228 3072 1359 3136 Sanctae
1379 3074 1414 3135 et
1427 3072 1608 3138 individuae
1622 3073 1771 3137 Trinita-

117 3166 214 3229 catus
227 3168 334 3230 nostri
344 3183 432 3232 anno
445 3169 563 3248 prime.
972 3167 1025 3229 tis.
1040 3172 1156 3230 Amen.
1173 3169 1347 3248 Philippus
1362 3170 1421 3232 Dei
1435 3172 1543 3248 gratia
1565 3174 1770 3235 Francorum

973 3281 1044 3328 rex.
1060 3267 1223 3330 Noverint
1237 3269 1386 3332 universi
1405 3271 1586 3348 praesentes
1600 3270 1772 3349 peniteret

160 3365 198 3426 ln
212 3363 365 3428 eumdem
383 3365 517 3428 modum
529 3366 689 3447 scriptum
705 3369 756 3432 est
778 3369 915 3442 decano,
971 3363 1087 3437 futuri,
1109 3365 1195 3444 quod
1211 3365 1251 3428 de
1273 3367 1483 3431 contentione
1506 3385 1580 3446 qnae
1595 3369 1668 3433 erat
1681 3370 1771 3433 inter

117 3461 260 3534 cantori,
278 3465 311 3525 ct
325 3463 484 3540 magistro
500 3467 538 3527 G.
552 3467 645 3527 Gom.
668 3467 829 3529 canonico
847 3470 916 3531 Re·
973 3463 1164 3542 episcopum
1199 3466 1332 3529 Petrum
1364 3467 1589 3530 Parisiensem
1627 3485 1671 3532 ox
1702 3485 1769 3532 una

117 3575 208 3620 men.
223 3575 331 3636 usquc
347 3583 357 3622 ε
375 3561 588 3625 absolvendo.
615 3565 776 3638 Quocirca
790 3565 919 3627 discre-

116 3657 204 3719 tioni
229 3645 349 3722 vestrae
373 3674 433 3739 per
458 3661 649 3738 apostolica
677 3662 801 3740 scripta
822 3679 919 3724 man-

118 3755 248 3828 damus,
265 3756 427 3834 quatenus
441 3755 527 3836 quod
542 3759 584 3820 ab
596 3759 748 3823 auditore
761 3761 917 3839 predicto

118 3855 170 3916 est
179 3854 423 3919 sententialiter
434 3856 622 3928 diffinitum,
634 3857 764 3921 iacietis
775 3859 919 3937 appella·

116 3952 210 4014 tione
228 3955 356 4015 remota
380 3970 635 4032 percensuram
657 3957 918 4020 ecclesiasticam

118 4050 261 4112 tirmiter
270 4050 452 4114 observari.
463 4054 728 4117 contradictores
740 4054 771 4116 si
783 4055 838 4132 qui
851 4055 919 4116 iue-

117 4147 189 4210 rint
214 4147 267 4210 vel
296 4148 439 4213 rebelles
461 4167 602 4214 censura
637 4152 740 4215 simili
768 4168 919 4231 compes·-

119 4245 245 4308 centes.
262 4247 355 4320 Quod
378 4247 408 4309 si
427 4263 495 4312 non
514 4265 642 4324 omnes,
663 4251 726 4314 etc.
749 4253 868 4314 Datum
883 4252 920 4314 ut

120 4359 233 4422 supra.
560 4359 562 4362 ·

429 4481 609 4570 cccnlv

119 4641 172 4701 Ad
186 4639 340 4702 abbatem
355 4642 389 4702 ct
398 4644 604 4705 conuentum
619 4645 917 4720 superaccessit,

318 4741 475 4803 cracem
488 4745 714 4804 Parrasia-rasis.

425 4873 456 4929 ll
470 4871 613 4945 11111117.

152 4992 282 5056 [Doublet‚
297 4995 361 5046 llist.
377 4995 409 5046 de
420 4995 536 5062 l'abbaya
545 4996 578 5048 de
590 4997 764 5050 Sciat-Deris.
778 5014 803 5066 p.
818 4999 887 5066 bib]

121 5115 275 5176 Confirmat
285 5126 399 5194 pactum
412 5119 488 5193 quod
500 5122 653 5180 intervenit
661 5124 735 5182 inter
746 5132 919 5182 mouentum

158 5207 186 5264 S.
204 5208 333 5282 Dionysii
347 5218 377 5267 et
389 5211 555 5284 episcopum
573 5213 765 5272 Parislensem
780 5213 818 5271 de
832 5213 917 5272 dura·

156 5296 235 5355 tione
260 5297 462 5370 nundinarum,
489 5300 677 5374 approbatum
705 5310 734 5360 et
752 5303 918 5378 promulga-

157 5391 228 5455 lum,
244 5387 280 5444 ab
294 5394 415 5462 utraque
428 5397 509 5463 parte
520 5389 651 5466 Philippo
666 5407 736 5466 rege
746 5393 920 5452 Francorum

158 5473 265 5533 arbitro
279 5477 381 5537 electo.

163 5611 332 5674 Honorius
346 5614 521 5693 episcopus
536 5631 654 5680 servus
665 5632 836 5681 servorum
848 5620 918 5693 Dei,

126 5705 254 5773 dilectis
280 5710 359 5773 tiliis
389 5713 500 5777 abbati
532 5717 566 5778 et
599 5717 777 5780 conventui
807 5718 920 5782 Sancti

250 5855 364 5902 roman.
383 5859 456 5903 rous
470 5847 507 5908 11.

972 3563 1077 3638 parte,
1094 3563 1128 3625 et
1143 3561 1343 3626 abbatemet
1365 3566 1545 3628 monachos
1566 3569 1603 3627 Β.
1620 3567 1771 3646 Dionysii

972 3674 1015 3719 ex
1029 3659 1146 3732 altera,
1162 3677 1263 3738 super
1277 3677 1317 3722 eo
1339 3663 1425 3738 quod
1444 3663 1619 3740 opiscopus
1638 3664 1770 3727 dicebat

972 3756 1138 3818 nundinas
1151 3757 1266 3819 indicti
1279 3773 1345 3819 non
1357 3759 1477 3821 debere
1491 3761 1613 3823 durare
1628 3761 1694 3824 nisi
1708 3779 1769 3840 per

971 3855 1040 3915 tres
1070 3853 1141 3916 dies
1169 3869 1189 3916 a
1219 3854 1273 3916 die
1306 3854 1565 3927 benedictionis,
1597 3860 1770 3922 monacbis

973 3953 1107 4014 econtra
1124 3952 1349 4015 asserentibus
1365 3954 1451 4031 quod
1467 3954 1629 4020 debebant
1649 3957 1770 4020 durare

973 4051 1132 4127 quantum
1147 4051 1222 4114 aliae
1246 4051 1404 4115 nundinae
1427 4053 1592 4118 solemnes
1620 4055 1767 4119 durant:

973 4149 1112 4226 utraque
1132 4165 1209 4227 pars
1232 4149 1266 4210 in
1283 4165 1343 4214 nos
1366 4153 1675 4230 compromiserunt.
1701 4155 1770 4218 Nos

973 4262 1063 4324 ergo,
1080 4246 1295 4324 inquisitione
1305 4248 1392 4311 iacta
1407 4267 1508 4329 super
1519 4251 1582 4314 boc
1603 4252 1767 4328 diligenti,

973 4344 1187 4420 cognovimus
1211 4346 1243 4407 et
1268 4344 1414 4408 diximus
1435 4348 1558 4411 dictum
1577 4351 1769 4428 episcopum

974 4442 1196 4505 Parisiensem
1212 4443 1247 4504 in
1262 4443 1326 4506 hac
1340 4445 1476 4523 querela
1490 4447 1619 4509 nullum
1634 4449 1692 4525 J'us
1708 4448 1772 4510 ba-

972 4539 1062 4614 bere,
1091 4541 1178 4603 unde
1203 4541 1291 4603 idem
1327 4544 1500 4621 episcopus
1527 4545 1669 4622 quitavit
1695 4563 1769 4608 eam

974 4654 1086 4700 coram
1110 4639 1206 4700 nohis
1221 4640 1256 4701 in
1277 4642 1472 4718 perpetuum
1492 4643 1664 4705 monachis
1679 4661 1769 4722 pree-

973 4738 1116 4798 taxatis:
1139 4737 1186 4799 ita
1206 4737 1292 4816 quod
1306 4754 1414 4816 neque
1437 4739 1509 4817 ipse
1533 4741 1709 4820 episcopus
1729 4743 1770 4805 de

974 4834 1105 4903 caetero,
1140 4851 1247 4914 neque
1274 4851 1484 4898 successores
1511 4841 1583 4916 eius
1620 4840 1769 4920 episcopi
1845 4869 1847 4875 v

974 4931 1180 4994 Parisienses
1201 4932 1236 4995 in
1256 4931 1318 4995 hoc
1342 4934 1469 5013 aliquid
1484 4938 1638 5014 poterunt
1656 4939 1770 5002 recla-

974 5046 1065 5092 mare
1093 5046 1101 5092 :
1125 5029 1205 5094 dicti
1237 5047 1316 5094 vero
1351 5034 1506 5096 monachi
1541 5035 1660 5100 debent
1694 5038 1770 5100 illas

973 5128 1141 5191 nundinas
1162 5130 1276 5192 tenera
1300 5129 1341 5192 ad
1367 5131 1623 5198 consuetudines
1652 5136 1770 5214 quibus

973 5227 1109 5290 luerunt
1124 5244 1230 5305 usque
1247 5228 1354 5291 modo.
1372 5231 1415 5292 Ut
1428 5232 1539 5295 autem
1554 5233 1674 5296 (liciam
1695 5235 1773 5312 qui-

973 5325 1143 5400 tationem,
1174 5326 1252 5403 quia
1280 5328 1331 5389 est
1357 5328 1397 5390 de
1427 5327 1595 5406 regalibus
1624 5333 1769 5408 nostris,

975 5423 1260 5498 confirmaremus,
1273 5425 1380 5488 dictus
1397 5427 1571 5506 episcopus
1586 5444 1646 5490 nos
1664 5446 1768 5508 roga-

973 5520 1032 5584 vit.
1049 5521 1117 5584 Nos
1133 5539 1224 5592 vero,
1238 5523 1317 5602 quia
1331 5525 1382 5586 est
1393 5525 1434 5586 de
1446 5525 1615 5602 regalibus
1632 5530 1767 5603 nostris,

974 5619 1016 5681 ad
1031 5619 1224 5698 petitionem
1240 5621 1344 5701 ipsius
1360 5623 1506 5702 episcopi
1523 5624 1644 5688 dictam
1658 5626 1770 5705 quita-

974 5719 1098 5781 tionem
1109 5720 1143 5783 et
1152 5719 1275 5783 dictum
1284 5721 1416 5798 pactum
1427 5721 1661 5786 confirmamus
1674 5725 1769 5790 salvo

1543 5855 1612 5956 'aa
