4072 6314
306 372 366 431 650

925 373 1099 434 IIONORII
1121 373 1165 433 III
1188 376 1335 438 OPERA.

307 529 502 592 instantiam
517 529 694 590 terminum
716 529 972 606 peremptorium
997 530 1103 592 eidem
1198 535 1304 604 Quum
1320 549 1379 612 per
1394 534 1512 595 sedern
1528 533 1752 612 apostolicam
1768 535 1961 596 terminari·

309 627 486 704 praeposito
506 627 739 702 prorogarunt.
764 628 899 688 Interim
927 630 1037 690 autem
1062 631 1101 690 H.

309 727 443 785 Reman.
460 724 717 785 archidiaconus
734 725 775 786 ab
795 725 909 786 eodem
925 726 1103 803 praeposito

309 820 370 880 sub
398 821 462 882 hac
484 820 589 882 torma
611 825 807 898 procurator
831 823 996 900 apparuit,
1017 823 1102 900 qnod

308 919 438 995 quando
451 919 561 992 vellet,
579 921 611 982 et
626 920 748 998 posset,
763 922 894 998 gereret
908 921 998 984 vIces
1018 924 1101 999 eJus,

307 1015 518 1078 frustratorie
536 1017 653 1079 Sedem
666 1019 888 1095 ApostoIIcam
906 1035 1101 1097 provocans,

307 1114 392 1175 dixit
416 1116 622 1191 postmodum
647 1133 682 1177 sa
703 1117 792 1178 nolle
814 1116 958 1202 'ulterius
982 1115 1016 1177 in
1041 1117 1104 1178 hac

308 1227 408 1272 causa
424 1211 650 1290 procuratoris
666 1213 812 1276 osticium
824 1229 993 1286 exercere,
1009 1205 1104 1292 quasi

310 1309 498 1371 suffecisset
513 1310 589 1384 sibi,
603 1312 632 1371 si
645 1312 813 1388 negotium
829 1311 978 1389 praedicti
991 1312 1104 1374 clerici

307 1407 524 1482 praepediret,
547 1410 741 1485 protrahere
771 1409 980 1487 appellando.
1011 1409 1104 1472 Unde

308 1505 509 1566 memoratus
524 1506 664 1568 clericus
679 1507 775 1569 nobis
787 1507 958 1569 humiliter
972 1507 1104 1586 suppli-

308 1602 405 1673 cavit,
424 1601 459 1663 ut
480 1602 578 1664 linem
602 1605 672 1664 suis
694 1604 864 1666 laboribus
882 1606 1102 1683 imponentes,

306 1698 414 1775 ipsum
429 1700 561 1762 tandem
588 1702 693 1778 recipi
709 1702 892 1764 laceremus
913 1703 948 1764 in
963 1702 1105 1765 ecclesia

307 1797 419 1856 vestra
434 1797 469 1856 in
487 1799 683 1859 canonicum
710 1800 802 1861 etin
828 1800 975 1873 tratrem,
1004 1816 1104 1878 quum

308 1892 393 1953 nihil
408 1894 439 1954 ei
455 1893 618 1971 objectum
632 1895 731 1957 luerit
756 1913 860 1973 quare
881 1913 947 1959 non
971 1897 1106 1959 deberet

309 1991 501 2054 mandatum
515 1993 739 2069 Apostolum
762 1994 947 2071 adimpleri.
970 1996 1021 2055 Ne
1041 1994 1107 2071 igi-

308 2088 365 2147 tur
387 2087 518 2151 dedisse
539 2088 603 2149 sibi
625 2089 699 2166 plus
722 2090 847 2152 laboris
866 2108 964 2172 quam
980 2091 1105 2153 tructus

308 2184 483 2245 materiam
494 2186 693 2260 videremur,
705 2188 734 2248 si
743 2188 1006 2266 relinqueremus
1019 2189 1104 2267 quod

308 2279 349 2340 de
364 2281 436 2358 ipso
451 2283 712 2348 misericorditer
733 2286 964 2348 inchoavimus
986 2287 1107 2364 imper·

308 2377 441 2452 fectum,
469 2379 663 2444 discretioni
689 2385 807 2445 vestrae
831 2399 891 2461 per
916 2383 1105 2462 apostolica

308 2476 432 2552 scripta
460 2479 683 2556 praecipiendo
713 2479 919 2553 mandamus,
942 2483 1105 2559 quatenus

308 2573 395 2635 iutra
415 2575 528 2637 decem
554 2577 624 2638 dies
647 2579 721 2653 post
747 2579 990 2655 susceptionem
1015 2595 1105 2656 prae-

311 2673 465 2746 sentium,
494 2673 602 2750 ipsum
623 2675 659 2735 iu
683 2675 820 2736 tratrem
848 2676 882 2737 et
909 2676 1105 2738 canonicum

309 2768 532 2843 admittentes
551 2770 762 2847 praebendam
786 2773 892 2848 ipsam
915 2773 968 2834 vel
991 2773 1104 2846 aliam,

310 2865 338 2924 si
364 2865 398 2926 in
425 2867 566 2928 ecclesia
591 2870 702 2930 vestra
727 2872 835 2941 vacat,
861 2871 892 2932 ei
921 2869 1106 2932 liberaliter

312 2961 502 3026 conferatis.
533 2965 688 3043 Alioquin
721 2983 822 3044 quum
855 2967 975 3045 sagitta
1003 2971 1107 3031 Jona-

309 3060 376 3123 thae
396 3077 462 3124 uon
478 3062 595 3125 debeat
613 3064 705 3126 abire
725 3067 918 3137 retrorsum,
933 3066 989 3127 sed
1006 3065 1105 3142 dirigi

308 3158 417 3235 potius
432 3160 467 3220 in
483 3160 656 3234 directum,
674 3163 841 3238 praedictis
855 3162 967 3225 abbati
989 3163 1021 3225 et
1037 3163 1107 3225 col-

311 3255 394 3330 legis
413 3257 519 3333 ipsius
535 3259 656 3319 nostris
670 3260 786 3320 damus
812 3259 931 3322 litteris
953 3261 988 3322 in
1008 3277 1106 3321 man-

310 3351 409 3424 datis,
427 3354 462 3414 ut
476 3370 535 3415 vos
548 3355 589 3416 ad
609 3355 642 3416 id
660 3372 907 3433 percensuram
929 3358 1107 3419 ecclesias-

310 3449 421 3520 ticam,
432 3452 654 3528 appellatione
664 3457 803 3526 remota,
818 3453 1027 3530 compellant,
1041 3455 1106 3515 nisi

310 3546 436 3624 aliquid
447 3549 643 3611 canonicum
655 3550 818 3628 objectum
829 3550 939 3624 tuerit,
951 3553 1108 3615 61011611-

309 3661 393 3718 sum,
407 3661 509 3723 quare
519 3647 553 3708 id
569 3648 641 3709 deri
657 3664 724 3709 non
736 3646 865 3720 debeat,
878 3648 931 3709 vel
941 3665 1007 3711 non
1024 3666 1106 3727 pos-

310 3743 363 3814 sit,
383 3746 537 3808 revocato
562 3746 598 3807 in
623 3748 744 3809 statum
773 3736 918 3808 d'ebitum
947 3747 1106 3826 quidquid

309 3841 381 3917 post
397 3842 646 3919 suspensionem
662 3843 852 3920 praedictam
867 3844 908 3905 de
923 3843 996 3920 ipsa
1014 3860 1105 3921 prae-

308 3936 416 4000 benda
430 3939 465 3999 in
483 3941 554 4016 eius
572 3941 802 4016 praejudicium
825 3939 942 4002 illicite
967 3941 1108 4001 invene·

310 4036 378 4095 rint
402 4035 608 4098 attentatum.
633 4040 751 4099 Datum
778 4037 934 4099 Laterani
961 4038 1106 4098 secundo

310 4131 386 4191 idus
398 4133 508 4194 martii
517 4134 726 4210 pontificatus
738 4135 842 4197 nostri
852 4150 940 4196 anno
949 4133 1105 4194 secundo,

350 4284 387 4341 in
400 4281 549 4343 eumdem
561 4284 693 4345 modum
704 4286 863 4362 scriptum
875 4285 927 4346 est
937 4300 1036 4362 super
1045 4284 1108 4346 hoc

310 4379 474 4440 eisdem...
491 4378 602 4442 abbati
619 4382 730 4443 Sancti
752 4382 901 4452 huberti,
925 4384 958 4444 et
982 4381 1109 4456 magis-

310 4477 370 4539 tris
385 4480 420 4539 C.
437 4479 470 4540 et
485 4480 517 4540 S.
535 4480 705 4541 canonIcis
720 4482 931 4542 cameracen.
949 4494 1056 4553 usque
1072 4478 1107 4538 in

311 4575 422 4643 linem.
437 4576 548 4638 verbis
564 4579 789 4654 competenter
800 4577 945 4639 mutatis.
970 4576 1060 4649 Quod
1078 4576 1107 4636 si

311 4687 376 4734 non
393 4689 518 4748 omnes,
536 4677 597 4737 etc.
615 4677 732 4738 Datum
745 4676 781 4736 ut
801 4690 913 4752 supra.

629 4879 789 4965 CLVIII

376 5027 428 5085 Ac
450 5027 610 5089 Ubartum
622 5031 816 5102 episcopum
829 5031 1041 5090 [lobiensem.

597 5157 630 5214 16
645 5164 727 5214 mart.
744 5161 822 5217 1118.

477 5278 595 5343 [ligioni.
609 5279 685 5329 ltalia
695 5295 772 5338 sacra,
784 5286 803 5330 1.
817 5283 861 5340 iv,
872 5281 941 5346 911]

311 5386 494 5446 Condruiatio
509 5385 669 5443 innocentii
685 5399 766 5456 papae
778 5387 927 5444 sententiaa
941 5397 1028 5457 super
1042 5397 1105 5439 mc-

494 5475 619 5532 nasterio
633 5472 729 5531 Sancti
741 5473 917 5531 columbani.

352 5601 518 5663 Honorius
531 5601 705 5677 episcopus
721 5610 835 5660 servus
847 5613 1017 5659 servorum
1035 5597 1105 5668 Dei,

309 5695 493 5761 venerabili
507 5693 1025 5772 1111111111611061100.3011161111,
1043 5693 1105 5754 610.

1157 631 1212 691 111
1224 631 1378 708 judiciali
1394 631 1521 693 calculo
1537 633 1749 709 quaestiones,
1767 633 1960 694 litterarum

1159 727 1278 790 debent
1306 729 1474 790 memoriae
1506 730 1748 801 commendari,
1783 747 1826 791 ue
1863 730 1962 806 lapsu
2030 751 2031 806 1

1158 825 1315 902 temporis
1332 826 1366 886 in
1387 826 1558 904 antiquam
1575 828 1822 889 contentionem
1843 830 1960 904 quus-
2030 809 2031 880 3

1158 938 1257 998 quam
1282 923 1411 1000 possint
1430 923 1558 984 malitia
1578 925 1741 985 revocari.
1758 926 1805 986 ila
1822 928 1962 1002 propter

1159 1017 1368 1081 dlihnitivam
1384 1022 1582 1082 sententiam
1603 1035 1701 1099 quam
1720 1021 1828 1083 felicis
1845 1039 1962 1083 recor-

1159 1117 1302 1180 datiouis
1325 1119 1349 1180 1.
1374 1134 1459 1196 papa
1479 1119 1704 1196 praedecessor
1722 1122 1836 1181 noster
1859 1137 1961 1196 super
2030 1143 2031 1146 ¹

1159 1215 1360 1277 monasterio
1380 1215 1491 1277 Sancti
1508 1215 1701 1278 columbani
1714 1222 1829 1279 contra
1846 1217 1960 1278 Oddu-
2030 1275 2031 1278 ,

1160 1327 1234 1372 116111
1255 1311 1420 1388 quondam
1441 1313 1618 1390 acolytum,
1636 1315 1668 1376 et
1682 1313 1908 1390 capellanum,
1923 1331 1961 1374 ac
2030 1347 2031 1368 2

1159 1411 1407 1485 procuratorem
1429 1413 1587 1472 Romanae
1614 1411 1772 1473 Ecclesiae
1793 1413 1961 1473 constitu·
2030 1405 2031 1408 ’

1159 1508 1227 1568 tum
1243 1523 1302 1583 pro
1316 1508 1349 1569 tc
1366 1506 1581 1584 dignoscitur,
1600 1509 1641 1570 de
1658 1507 1798 1570 fratrum
1815 1525 1960 1570 suorum
2030 1575 2031 1578 Ἴ

1160 1604 1301 1665 consilio
1313 1604 1541 1682 promulgasse
1554 1605 1751 1667 auctoritate
1766 1607 1961 1683 apostolica

1160 1701 1405 1774 confirmamus,
1422 1702 1759 1780 etpraesentisscripti
1769 1704 1957 1780 patrocinio

1161 1800 1415 1875 communimus3
1441 1801 1590 1862 tenorem
1610 1803 1705 1878 cujus
1728 1800 1768 1861 de
1788 1799 1895 1862 verbo
1919 1801 1958 1861 ad

1160 1897 1297 1981 verbum
1317 1896 1537 1974 praesentibus
1550 1897 1766 1959 inserendum
1786 1897 1958 1968 duximus,
2030 1901 2031 1964 ἶ

1160 1993 1216 2070 qui
1229 1994 1279 2054 est
1289 1993 1367 2055 talis
1383 2016 1389 2055 :

1201 2090 1413 2152 innocentius
1440 2090 1615 2168 episcopus
1640 2105 1756 2152 servus
1781 2106 1956 2152 servorum

1161 2187 1221 2248 Dei
1229 2187 1412 2249 venerabili
1423 2187 1545 2249 Uberto
1553 2188 1708 2264 episcopo
1721 2186 1890 2260 Bobiensi,
1903 2205 1961 2248 sa-

1161 2285 1261 2347 lutem
1277 2287 1310 2348 et
1328 2285 1543 2363 apostolicam
1558 2283 1834 2348 benedictionem.

1200 2385 1362 2460 Tempore
1396 2382 1505 2444 felicis
1539 2383 1780 2445 recordationis
1816 2383 1959 2458 Eugenii
2030 2419 2031 2444 1

1161 2483 1260 2556 Papae
1278 2481 1533 2557 praedecessoris
1548 2478 1655 2542 nostri
1674 2480 1762 2541 inter
1774 2479 1872 2540 bonae
1889 2495 1960 2540 me—

1162 2578 1275 2639 moriae
1289 2581 1325 2640 0.
1337 2578 1744 2655 Bobiensemepiscopum,
1761 2577 1959 2638 etabbatem

1161 2675 1381 2737 etmonachos
1393 2677 1425 2735 S.
1439 2675 1632 2736 columbani
1642 2690 1742 2752 snper
1751 2673 1959 2752 subJectioue

1161 2772 1266 2850 ipsius
1282 2771 1489 2844 monasterii,
1506 2789 1545 2833 ac
1557 2773 1668 2834 multis
1682 2773 1757 2834 aliis
1772 2773 1960 2849 quaestiona

1161 2869 1423 2942 suborta,dictus
1432 2869 1777 2947 praedeceasornoster
1785 2870 1962 2947 utriusque

1162 2968 1264 3044 partis
1274 2965 1458 3030 rationibus
1469 2970 1502 3028 et
1511 2964 1765 3042 allegationibus
1776 2966 1963 3043 diligenter
2030 2965 2031 3036 t

1162 3065 1295 3136 auditis,
1316 3067 1350 3126 61
1366 3064 1496 3141 plentus
1509 3064 1696 3136 intellectis,
1711 3064 1958 3125 communicato

1163 3162 1301 3223 1111111111
1310 3177 1445 3222 suorum
1454 3161 1604 3235 consilio,
1612 3161 1850 3223 monasterium
1858 3163 1890 3222 S.
1902 3163 1964 3222 Co·

1162 3259 1309 3320 lumbani
1335 3259 1494 3321 suadente
1509 3259 1638 3337 justitia
1658 3258 1744 3321 dIcto
1766 3258 1960 3335 praedeces-

1162 3353 1231 3414 sori
1251 3353 1307 3414 tuo
1323 3353 1515 3429 adjudicare
1531 3352 1675 3426 curavit,
1692 3352 1820 3414 abbatis
1835 3353 1962 3414 confir-

1162 3451 1352 3522 mationem,
1376 3450 1639 3511 benedictionem
1662 3465 1803 3527 quoque,
1825 3465 1866 3511 ac
1890 3466 1961 3510 cor·

1161 3547 1342 3608 rectionem
1363 3545 1558 3608 monasterii
1579 3547 1779 3623 regularem,
1801 3545 1958 3608 altarium
2030 3597 2031 3614 ,

1161 3645 1261 3705 etiam
1276 3643 1504 3715 ecclesiarum,
1527 3659 1586 3705 seu
1603 3644 1817 3705 basilicarum
1837 3659 1957 3705 conse-

1162 3741 1355 3813 crationem,
1372 3741 1608 3802 monachorum
1622 3742 1656 3802 61
1667 3743 1869 3804 clericorum
1881 3757 1958 3818 pro-
2030 3759 2031 3838 ξ

1161 3836 1351 3910 motionem,
1368 3838 1486 3899 tamin
1510 3839 1618 3915 capite
1633 3855 1744 3922 quamx
1756 3839 1791 3899 in
1804 3837 1955 3898 membris
2030 3847 2031 3872 ³

1162 3934 1202 3995 ad
1217 3935 1325 4012 ipsum
1334 3935 1537 4011 episcopum,
1549 3937 1581 3998 61
1592 3951 1802 3997 successores
1813 3934 1955 4013 ejusdem

1162 4033 1330 4108 pertinere
1341 4032 1534 4112 decernens.
1545 4034 1659 4094 Oleum
1668 4033 1781 4105 etiam,
1793 4035 1827 4096 et
1836 4031 1954 4095 cande·

1162 4130 1211 4190 las
1224 4132 1319 4206 juxta
1329 4130 1443 4207 quoda
1454 4130 1523 4190 suis
1534 4130 1672 4192 testibus
1684 4131 1791 4192 luerat
1804 4145 1953 4207 compro-
2030 4137 2031 4174 ³

1162 4225 1273 4288 batum
1289 4226 1396 4288 eidem
1416 4229 1580 4306 episcopo,
1603 4229 1737 4306 suisque
1752 4226 1951 4289 successori·
2030 4265 2031 4280 ,

1162 4323 1222 4384 bus
1246 4324 1332 4386 solvi
1356 4325 1524 4402 praecepit,
1546 4325 1700 4387 videlicet
1722 4328 1850 4388 teritum
1875 4323 1948 4393 olei,
2030 4321 2031 4332 ¹

1162 4425 1248 4500 quod
1272 4423 1307 4484 in
1334 4423 1439 4484 tribus
1463 4423 1725 4500 quadragesimis
1753 4425 1855 4486 curiae
1883 4435 1946 4481 sus
2030 4423 2031 4432 ‘

1163 4522 1299 4584 honeste
1314 4521 1491 4593 sufficeret,
1513 4535 1552 4582 ac
1567 4537 1626 4598 per
1645 4521 1727 4582 duas
1746 4521 1857 4598 partes
1875 4517 1946 4580 anui

1162 4619 1277 4681 diebus
1287 4619 1428 4695 singulis
1440 4634 1542 4678 unum
1550 4617 1722 4680 brachium
1732 4619 1947 4680 candelarum.

1162 4718 1326 4778 Processu
1343 4731 1423 4778 vero
1438 4715 1596 4792 temporis
1610 4731 1684 4775 cum
1704 4715 1818 4788 abbas,
1836 4715 1868 4776 et
1881 4728 1948 4774 mn-

1163 4813 1262 4874 nachi
1284 4813 1480 4875 monasterii
1498 4813 1656 4874 antedicti
1676 4812 1753 4873 latae
1770 4813 1952 4874 contraeas

1163 4909 1336 4972 sententiae
1353 4910 1569 4985 pertinaciter
1583 4909 1798 4980 contrairent,
1812 4923 1952 4970 venera-

1163 5005 1240 5066 bilis
1257 5005 1361 5065 irater
1376 5009 1488 5068 noster
1504 5006 1695 5083 patriarcha
1711 5003 1954 5084 Hierosolymi-

1163 5103 1270 5174 unus,
1292 5104 1370 5165 tuno
1385 5103 1557 5165 Bobiensis
1579 5104 1715 5176 6160116,
1729 5104 1762 5164 in
1780 5101 1959 5180 praesentia

1163 5199 1269 5262 salicis
1284 5201 1452 5262 memoriae
1469 5201 1563 5262 Lucii
1585 5204 1684 5278 Papae
1700 5200 1958 5278 praedecesaoris

1163 5298 1266 5360 nostri
1293 5299 1333 5358 de
1358 5297 1438 5374 ipsis
1465 5299 1637 5374 proposuit
1661 5299 1894 5376 quaestionem,
1924 5313 1962 5356 ac

1161 5395 1294 5456 tandem
1318 5396 1353 5455 in
1378 5395 1519 5470 Regesto
1542 5396 1682 5472 Eugenii
1703 5399 1804 5473 Papae
1828 5397 1963 5473 reperta
2030 5405 2031 5412 ¹

1163 5492 1328 5554 sententia
1339 5493 1531 5564 memorata,
1548 5491 1636 5554 idem
1652 5497 1742 5570 Papa
1757 5495 1884 5554 Lucius
1900 5492 1962 5553 ab·
2030 5571 2031 5574 Ἴ

1163 5587 1270 5652 batem
1294 5589 1407 5651 Sancti
1427 5589 1631 5664 columbani,
1655 5592 1688 5652 et
1709 5591 1906 5663 monachos,
1933 5591 1964 5649 61

1165 5703 1376 5752 successores
1387 5703 1502 5750 eorum
1517 5687 1557 5750 ad
1569 5687 1789 5788 obediendum
1799 5689 1865 5768 ipsi
1880 5688 1964 5752 6160-
