4072 6314
255 309 316 368 587
881 307 1057 371 HONORII
1080 310 1125 372 iii
1147 311 1295 372 OPERA.
1830 315 1866 376 tu

261 465 416 546 possedit,
439 466 473 528 et
490 481 549 544 per
579 467 852 546 consequentiam
878 483 945 530 non
971 483 1060 550 prae·
1114 467 1335 532 confirmaret.
1350 469 1513 532 ceterum
1527 469 1557 532 si
1573 469 1780 534 cathedralis
1791 471 1868 546 luent

260 564 403 642 scripsit,
413 579 487 626 cum
498 563 532 624 in
540 563 671 638 talibus,
682 563 863 626 secundum
879 565 1059 628 canonicas
1114 581 1180 629 non
1191 566 1288 629 latuit
1297 566 1546 630 illcsliomanos
1558 567 1746 641 Pontifices,
1759 569 1808 646 qui
1817 569 1872 631 inin

259 662 465 733 sanctiones,
491 662 578 725 bona
606 663 699 734 tides,
721 660 833 742 justus
859 661 997 735 titulus,
1027 663 1061 725 et
1115 664 1274 726 ecclesias
1289 664 1374 728 alias
1399 667 1554 728 Sanctam
1581 667 1727 728 Mariam
1750 669 1874 728 inuno

259 759 416 822 continua
443 761 609 838 possessio
639 760 863 840 requirentur.
894 759 1058 832 Secundo,
1115 777 1252 824 nensem
1267 761 1442 824 ecclesiam
1456 779 1515 842 per
1531 763 1724 826 authentica
1738 764 1876 842 privilegia

261 857 346 934 quod
369 858 553 934 imperialis
576 857 746 920 concessio
772 856 856 918 nihil
876 857 1059 935 spiritualis
1116 857 1354 922 confirmarunt
1389 860 1539 924 ecclesia
1574 861 1776 940 Spoletanae,
1807 865 1832 924 ct
1849 863 1878 924 stc

257 955 343 1031 juris
357 953 491 1016 auterre
505 955 622 1032 potuit,
639 955 693 1017 vel
713 954 844 1017 adferre
861 970 936 1018 cum
951 954 1058 1027 laicis,
1115 971 1280 1020 consensu
1294 957 1407 1030 tacito,
1430 957 1577 1035 quinimo
1597 957 1685 1021 iacto
1709 959 1819 1020 taliter
1838 975 1879 1020 er-

260 1053 561 1132 quantumoumque
593 1052 772 1128 religiosis,
802 1051 997 1130 disponendi
1020 1052 1062 1114 de
1116 1069 1244 1130 presso,
1260 1071 1335 1116 eam
1350 1055 1514 1134 subjicere
1527 1055 1738 1128 videbantur,
1764 1057 1883 1118 cunila

260 1149 359 1212 rebus
374 1149 612 1212 ecclesiasticis
638 1150 731 1212 nulla
752 1150 796 1212 sit
819 1149 980 1214 attributa
1006 1150 1061 1212 ia·
1116 1150 1170 1213 cui
1192 1152 1408 1215 confirmatur
1435 1155 1542 1232 maq'or
1563 1153 1682 1214 haberi
1704 1155 1885 1214 consessori

260 1249 378 1310 cultas.
403 1248 609 1325 Quapropter
636 1247 683 1319 is,
719 1247 774 1325 qui
801 1248 875 1312 loca
904 1248 1061 1324 religiosa
1117 1249 1323 1324 confirmata,
1337 1252 1371 1314 et
1382 1250 1622 1328 consequenter
1634 1253 1886 1312 interamnensem

260 1345 407 1408 voluisse
444 1344 596 1406 conterre
627 1344 778 1420 ridetur,
810 1346 859 1411 nii
892 1346 1059 1422 contidit3
1117 1347 1292 1412 ecclesiam
1302 1348 1650 1426 episcopalidignitate
1659 1348 1888 1426 privatamiece

262 1457 364 1520 quum
396 1442 596 1520 regulariter
631 1443 698 1505 nisi
728 1445 886 1522 quantum
914 1444 1002 1523 juris
1026 1444 1062 1506 in
1116 1445 1204 1518 runt,
1219 1446 1377 1523 quoniam
1388 1445 1475 1508 elias
1490 1445 1890 1516 satisessetridicuhm,nt

263 1539 367 1600 alium
391 1540 466 1618 quis
486 1540 621 1614 habeat,
644 1540 828 1604 transferre
855 1557 923 1604 non
945 1541 1060 1620 possit,
1116 1541 1316 1620 episcopalis
1326 1542 1508 1622 episcopali
1519 1542 1666 1620 subjecta
1676 1542 1818 1614 dicatur,
1830 1542 1891 1602 unde

263 1637 297 1697 et
309 1637 358 1698 sic
372 1637 522 1713 quemvis
544 1637 734 1702 donationis
750 1638 850 1702 uerba
874 1638 1059 1720 protulerit,
1116 1654 1182 1702 non
1195 1638 1321 1718 absque
1334 1640 1476 1714 cautela,
1487 1657 1587 1720 quum
1599 1639 1893 1702 eedemcondmntr

263 1733 583 1823 ellectumconlerre
597 1736 757 1814 nequivit,
774 1752 835 1798 nec
858 1736 896 1798 in
912 1735 1062 1816 generali
1116 1735 1179 1798 luit
1193 1738 1347 1812 ecclesia,
1363 1737 1455 1816 plebs
1476 1737 1607 1800 exstitit
1620 1738 1806 1810 nominata,
1820 1737 1893 1814 quasi

264 1832 439 1894 comitatus
460 1832 649 1905 donatione,
667 1833 694 1893 si
715 1833 816 1896 etiam
840 1833 875 1896 in
890 1835 1061 1912 tempora·
1117 1834 1221 1898 nollet
1244 1850 1319 1898 eam
1347 1835 1419 1898 iore
1441 1835 1664 1898 cathedralem
1690 1835 1727 1896 in
1748 1836 1894 1912 postemn

263 1929 350 1990 libus
372 1930 543 2003 tenuisset,
568 1945 669 2008 quum
698 1946 737 1992 eo
764 1932 913 2010 tempore
938 1933 1062 1994 terram
1117 1931 1341 1996 confirmator.
1370 1933 1570 2011 Compositio
1600 1947 1668 1994 non
1690 1931 1836 2010 allegata
1855 1947 1897 1992 sn·

262 2025 356 2087 illam
370 2043 429 2104 per
450 2029 701 2105 usurpationem
725 2032 842 2091 contra
866 2029 1060 2102 Ecclesiam,
1117 2030 1253 2108 perior,
1284 2046 1350 2090 non
1372 2029 1479 2090 solum
1506 2029 1701 2106 praeteritis,
1729 2028 1789 2089 sed
1817 2029 1897 2090 edan

263 2123 439 2202 imperium
458 2126 654 2203 possideret,
681 2127 767 2204 quod
783 2126 1064 2205 spiritualisJuris
1118 2126 1357 2204 praesentibus,
1378 2127 1412 2190 et
1436 2126 1557 2189 tuturis
1581 2125 1736 2188 dicebant
1759 2125 1900 2204 praejudi-

264 2221 389 2294 existit,
407 2223 473 2285 dici
495 2223 601 2296 debet,
631 2224 727 2301 quasi
747 2239 820 2286 cum
846 2225 1063 2288 universitate
1118 2224 1205 2286 cium
1229 2238 1421 2302 generasse,
1443 2239 1519 2286 cum
1544 2238 1756 2286 successores
1772 2222 1899 2293 iliarum,

263 2321 419 2392 tentasse,
446 2323 602 2398 quoniam
626 2338 687 2384 nec
713 2322 974 2400 particulariter,
1002 2338 1064 2386 noc
1118 2337 1192 2382 cum
1208 2320 1327 2400 quibus
1340 2321 1424 2384 inita
1446 2321 1564 2393 therei,
1580 2321 1629 2382 sic
1643 2321 1678 2382 in
1692 2319 1902 2382 emolumenta

264 2432 338 2478 cum
353 2419 421 2480 toto
445 2417 569 2481 habere
590 2419 696 2498 potnit
721 2421 755 2482 id
770 2421 920 2484 donator.
938 2421 1062 2494 Tertio,
1119 2419 1807 2496 sicetindamnasuccesserunt,tempore
1817 2417 1904 2478 nihil-

264 2514 350 2592 quod
363 2530 423 2592 per
435 2515 704 2578 confirmationes
716 2520 941 2582 Romanorum
954 2519 1066 2581 Ponti·
1119 2516 1250 2580 ominus
1270 2517 1362 2578 tanto
1388 2516 1536 2588 silentes,
1567 2515 1776 2594 quodetiam
1799 2515 1828 2576 si
1851 2529 1904 2592 qua

264 2611 363 2674 licum
389 2614 578 2690 generales,
608 2614 694 2676 nihii
719 2615 852 2678 videtur
879 2615 1062 2694 adjectum,
1119 2613 1187 2674 illis
1215 2615 1331 2676 contm
1359 2614 1631 2691 compositionem
1659 2612 1813 2674 eamdem
1831 2611 1905 2674 actio

264 2724 340 2770 cum
363 2709 493 2772 lirnium
507 2726 577 2771 non
590 2713 809 2788 praecesserit,
831 2713 917 2790 quod
942 2713 991 2776 sic
1005 2729 1066 2790 pe-
1119 2712 1305 2788 competere
1320 2710 1492 2788 potuisset,
1515 2709 1907 2787 luitomnincpraescrip-

264 2805 368 2868 tuerit
390 2807 591 2880 confirmari,
611 2809 689 2886 quia
714 2824 774 2885 per
801 2824 858 2870 ees
875 2824 996 2872 novum
1007 2813 1065 2888 jus
1119 2808 1202 2870 tioni
1217 2807 1358 2871 sublata.
1369 2808 1427 2868 iiis
1438 2810 1550 2870 autem
1562 2807 1609 2870 sic
1619 2807 1700 2869 tides
1711 2806 1817 2868 adimi
1832 2806 1908 2870 vido

265 2919 332 2964 non
355 2904 528 2967 consuevit
541 2905 681 2983 acquiri,
700 2905 758 2968 sed
782 2906 885 2971 robur
908 2907 1065 2986 ath’iellur
1118 2904 1238 2980 batur;
1255 2905 1448 2983 estquidam
1464 2904 1597 2968 cautum
1610 2905 1744 2983 iniure,
1759 2903 1847 2982 quod
1858 2903 1908 2966 ubi

265 3001 412 3078 legitimo
430 3003 613 3082 acquisitis.
630 3005 722 3067 Unde
735 3005 770 3066 in
785 3005 971 3084 privilegiis
984 3022 1065 3068 oon·
1119 3003 1330 3081 episcopatus
1346 3002 1428 3064 certi
1444 3004 1521 3065 sunt
1531 3003 1653 3065 lhnites
1667 3002 1841 3081 prescribi
1851 3017 1908 3062 non

264 3099 432 3164 tinebatur
445 3101 604 3165 exhibitis
616 3103 766 3164 clausula
781 3106 951 3176 consueta,
965 3103 1062 3168 vide·
1119 3105 1266 3178 possunt,
1284 3116 1326 3164 ne
1338 3102 1444 3163 status
1467 3100 1727 3178 provinciarum,
1743 3101 1816 3162 sive
1832 3099 1910 3160 dioe-

264 3197 359 3271 licet,
384 3199 471 3260 sicut
494 3201 595 3276 juste,
623 3216 663 3262 ac
688 3201 849 3262 canonice
872 3201 1061 3278 possidetis.
1118 3215 1231 3260 cesum
1244 3197 1499 3260 conltmdantur.
1511 3197 1702 3274 Multoergo
1711 3197 1823 3258 minus
1835 3196 1911 3272 epis·

266 3297 408 3367 Quarto,
432 3296 519 3374 quod
550 3296 612 3358 etsi
645 3295 729 3358 iorte
757 3297 906 3373 praeiatis
931 3297 1063 3362 clericis
1118 3297 1245 3374 copalis
1261 3295 1406 3372 dignitas
1421 3295 1671 3373 praescriptione
1685 3309 1752 3355 non
1775 3294 1907 3365 tollitur,
2000 3299 2001 3306 ’

264 3391 409 3468 allegata
422 3393 615 3469 compositio
626 3393 855 3472 praejudicium
865 3394 999 3472 aliquod
1009 3413 1065 3474 po·
1119 3409 1162 3456 ex
1183 3409 1247 3472 qua
1269 3393 1374 3455 nimia
1397 3391 1549 3455 conlusio
1578 3395 1784 3470 sequeretur.
1812 3393 1911 3452 Porro

264 3489 383 3551 inisset
397 3490 538 3562 adferre,
556 3491 700 3567 posteris
715 3507 783 3554 non
796 3491 946 3565 nocebat,
962 3510 1063 3572 quum
1120 3493 1318 3570 spoletanus
1333 3489 1482 3569 nequivit
1496 3489 1671 3568 episcopus
1683 3489 1911 3550 interamnen·

263 3603 398 3650 enorme
412 3588 621 3667 dispendium
635 3590 787 3652 vacantis
799 3589 951 3654 ecclesiae
963 3591 1065 3655 tuerit
1119 3605 1188 3650 sem
1213 3587 1389 3650 ecclesiam
1410 3603 1470 3665 per
1490 3585 1777 3664 praescriptionem
1797 3585 1912 3663 hujus-

263 3685 475 3760 attentatnm,
506 3688 691 3767 praesertim
720 3704 839 3766 quum,
868 3689 901 3750 et
926 3688 1065 3766 quilibet
1120 3686 1219 3758 modi,
1234 3684 1415 3763 pontificali
1431 3683 1591 3760 dignitate
1605 3683 1749 3760 privare,
1766 3699 1841 3744 cum
1856 3696 1911 3744 sua

264 3784 440 3862 episcopus
455 3784 553 3858 alius,
571 3785 625 3847 cui
649 3786 916 3849 recommendata
945 3786 1064 3848 luisset
1119 3781 1911 3858 debueritessecontentus,etalienampossidere,

263 3880 405 3943 ecclesia
424 3883 585 3959 potuisset
597 3883 769 3961 percipere
784 3884 866 3946 talia
879 3885 952 3948 sine
972 3900 1062 3961 prae·
1118 3881 1172 3942 vel
1187 3879 1283 3957 qnasi
1291 3878 1460 3957 possidere
1476 3879 1673 3957 neqniverit,
1693 3879 1729 3940 ut
1751 3877 1913 3940 diceretur

260 3977 387 4056 judicio
402 3977 577 4040 libertatis.
594 3982 660 4041 Pro
676 3981 863 4058 spoletanis
878 3983 989 4042 autem
1002 3979 1065 4042 luit
1119 3994 1217 4050 unns,
1233 3978 1286 4040 vel
1302 3977 1444 4053 simplex
1454 3976 1629 4052 episcopus
1643 3975 1725 4036 dues
1740 3974 1911 4054 dignitates

263 4074 484 4150 propositum,
500 4075 586 4152 quod
611 4076 640 4134 si
657 4061 823 4138 'haberent
844 4092 981 4138 necesse
1004 4092 1063 4137 re·
1119 4074 1324 4152 episcopales
1339 4073 1474 4146 habere,
1491 4072 1670 4134 acratione
1685 4072 1783 4133 nnius
1799 4074 1909 4149 meq'or,

263 4184 399 4231 currere
430 4169 472 4231 ad
505 4171 770 4248 praescriptionis
793 4172 975 4246 auxilium,
1003 4188 1064 4234 nec
1120 4173 1153 4234 et
1178 4171 1307 4234 ratione
1331 4170 1469 4233 alterius
1493 4169 1602 4230 minor
1629 4167 1746 4230 haberi
1770 4169 1808 4230 ut
1832 4183 1911 4230 novo

265 4265 527 4328 commendatam
549 4281 610 4328 nec
621 4282 715 4328 suam
728 4267 831 4329 inisse
841 4269 1065 4332 interamnen·
1115 4272 1202 4346 J'ure,
1217 4285 1278 4332 nec
1293 4266 1576 4346 metropolitanus,
1595 4283 1656 4330 nec
1671 4267 1813 4344 simplex
1825 4267 1914 4344 epis·

260 4379 334 4426 sem
363 4363 539 4426 ecclesiam
564 4363 769 4440 allegarent,
797 4365 855 4426 sed
878 4367 1064 4445 possedisse
1119 4384 1222 4445 copus
1234 4366 1432 4442 haberetur3
1449 4382 1510 4428 nec
1526 4364 1647 4437 obviat,
1661 4365 1697 4427 ut
1708 4365 1839 4427 dicetur
1852 4378 1914 4426 non

265 4479 325 4540 pro
338 4479 410 4537 sua,
426 4461 468 4524 ab
487 4477 527 4525 eo
538 4463 698 4540 tempore,
716 4464 811 4540 cuius
826 4463 985 4525 memoria
998 4481 1064 4526 non
1119 4464 1264 4541 dignitas
1276 4464 1333 4525 sed
1354 4462 1552 4540 episcopalis
1575 4462 1668 4523 locus
1693 4462 1912 4538 praescriptus,

264 4561 425 4634 exstabat,
435 4560 521 4623 unde
530 4560 726 4640 etiamsiqui
738 4559 1064 4639 praescriberecoepe·
1120 4578 1219 4637 quum
1238 4576 1299 4622 nec
1331 4560 1478 4636 dignitas
1499 4561 1633 4637 propter
1658 4558 1828 4635 praedicta,
1858 4573 1915 4619 nec

264 4660 318 4722 rat
329 4659 369 4720 ab
382 4660 477 4720 initio
492 4658 613 4734 bonam
624 4658 722 4720 iidem
734 4674 802 4722 non
817 4657 982 4732 habuerit,
999 4674 1063 4738 po-
1120 4658 1212 4720 locns
1226 4658 1380 4734 dignitati
1391 4672 1561 4720 connexus
1571 4655 1678 4733 potuit
1692 4655 1770 4717 sede
1781 4655 1916 4718 vacante

264 4755 328 4818 tuit
340 4757 453 4832 postea
473 4755 559 4820 bona
575 4756 639 4818 ilde
658 4756 828 4834 possidere
843 4771 1063 4830 successor,a
1120 4754 1300 4834 praescribi.
1341 4755 1509 4816 Praeterea
1550 4769 1626 4816 cum
1661 4751 1917 4816 interamnensis

266 4867 330 4928 qno
341 4852 565 4928 ultratempus
576 4852 657 4915 iliud
670 4853 808 4927 effluxit,
819 4853 906 4934 quod
918 4855 1065 4932 exigitur
1118 4852 1260 4915 ecclesia
1275 4851 1410 4930 proprio
1431 4849 1596 4928 gaudebat
1612 4848 1779 4927 pontifice,
1796 4849 1917 4912 imme-

265 4948 306 5008 ad
323 4948 606 5024 praescriptionem
625 4951 926 5028 quadragenariam
941 4953 1064 5014 contir-
1119 4951 1369 5013 diateiiomano
1395 4948 1551 5014 Pontifici
1573 4946 1776 5026 subjacebat,
1804 4947 1917 5008 contra

267 5043 441 5117 mandam;
464 5045 627 5120 praterea
639 5061 698 5123 per
712 5050 944 5114 concessiones
958 5050 1065 5128 impo-
1119 5063 1215 5126 quem
1232 5045 1303 5108 sola
1319 5046 1512 5110 centenaria
1524 5045 1630 5111 currit
1647 5044 1867 5122 praescriptio,
1880 5042 1919 5104 de

267 5144 437 5214 natorum,
473 5142 506 5206 et
539 5142 807 5208 confirmationes
839 5149 1063 5212 Romanorum
1118 5142 1802 5224 qnaSpoletanusepiscopuspertempora
1817 5140 1920 5202 schis-

268 5241 476 5315 l'ontiflcum,
501 5239 529 5301 si
549 5239 634 5303 iente
651 5243 709 5319 jus
730 5242 863 5319 plenum
885 5245 1063 5322 spoletana
1118 5245 1253 5314 matum,
1270 5257 1344 5320 quae
1355 5240 1533 5321 aliquando
1544 5255 1603 5317 per
1617 5239 1656 5298 40
1671 5253 1788 5312 annos,
1805 5239 1839 5299 et
1857 5235 1920 5298 ali·

268 5339 411 5400 ecclesia
430 5355 496 5401 non
516 5337 634 5400 inisset
649 5336 780 5416 adepta,
798 5339 931 5402 titulum
952 5341 1063 5403 tamen
1118 5336 1707 5416 quandoidet8durassenoscuntur,
1719 5333 1918 5397 idemmedio

267 5435 471 5513 probabilem
497 5436 624 5510 habuit,
649 5438 686 5499 ut
707 5436 757 5498 sic
782 5438 1063 5500 interamnensem
1119 5432 1851 5512 subducantur,prouidebentdejuredednci;
1866 5431 1919 5492 do-

267 5533 442 5597 ecclesiam
460 5534 658 5610 possidendo
673 5549 818 5612 prosus,
839 5536 1065 5616 praescriptio·
1118 5535 1505 5612 cerenonposset,quum
1516 5527 1919 5594 totannorumtestesido.

267 5647 342 5697 nem
366 5631 560 5694 canonicam
583 5631 670 5696 bona
693 5632 770 5702 lide,
797 5647 837 5694 ac
853 5633 944 5710 justo
968 5633 1062 5696 titulo
1118 5647 1198 5694 neos
1208 5629 1359 5694 invenire
1369 5630 1531 5707 nequiret,
1546 5629 1580 5691 et
1593 5629 1642 5690 sic
1654 5625 1849 5704 compositio
1860 5624 1918 5686 ilia
