4072 6314
328 367 387 426 aar
949 372 1363 436 nosocomorum.
1425 357 1431 364 '
1919 387 1966 444 us

329 524 453 634 scripta
468 525 673 598 mandamus,
691 529 865 606 quatenus,
881 531 910 592 sl
926 532 1124 594 sententiam
1502 543 1653 632 CCXXI

328 625 1123 805 ititittirritamentumm:
1217 687 1462 746 aarum
1475 688 1892 800 caecigenae
1905 695 1935 752 r

326 821 380 878 tus
395 833 468 880 esse
484 820 622 892 nullam,
638 824 767 884 vocatis
779 826 833 901 qui
850 825 973 888 luerint
985 841 1124 888 evocan·
1464 788 1697 846 meram·

327 914 371 986 di,
408 917 554 980 audiatis
578 936 723 993 causam,
754 924 787 985 et
810 923 896 999 quod
926 924 1122 985 canonicum
1475 905 1580 964 5¹¹¹³¹¹
1600 909 1679 966 ¹²¹⁸·

326 1011 428 1074 tuerit
442 1016 666 1092 appellatione
674 1020 854 1096 postposita
873 1022 1037 1084 statuatis.
1053 1024 1121 1082 Fa·
1264 1009 1709 1075 [metue,ucncmentsrotoniae,
1727 1017 1747 1075 ¹·
1760 1015 1785 1074 ⁴·
1800 1029 1829 1066 ¹¹·
1845 1017 1899 1081 ιθ-]

327 1111 463 1184 cientes
476 1115 676 1187 etc.,testes,
688 1119 763 1188 etc„
776 1118 901 1195 quodsi
918 1135 984 1180 nou
995 1135 1124 1190 omnes,
1202 1118 1238 1176 ut
1253 1117 1385 1176 Prutenis
1395 1126 1526 1176 recenter
1541 1119 1577 1177 ad
1593 1119 1677 1178 tidem
1692 1123 1845 1180 conversis
1860 1132 1955 1181 eoum

326 1211 388 1268 etc.
417 1212 536 1272 Datum
563 1216 676 1275 Romae
700 1216 786 1292 apud
810 1219 844 1277 S.
867 1218 1001 1280 Petrum
1024 1217 1122 1279 tertio
1371 1206 1662 1268 blfbfflswxllfflffl
1677 1209 1780 1270 ferdul-

326 1321 432 1370 nonas
447 1310 538 1384 maii,
555 1327 643 1373 anno
656 1313 813 1376 secundo.
1217 1316 1383 1378 Honorius
1398 1317 1573 1394 episcopus
1589 1335 1706 1380 servus
1721 1337 1903 1382 servorum
1913 1324 1971 1393 Dei,

1177 1413 1349 1475 universis
1364 1414 1488 1477 Christi
1503 1416 1654 1478 fidelibus
1679 1434 1739 1495 per
1759 1419 1937 1480 Poloniam
1949 1428 1972 1481 et

660 1501 789 1588 CCXX
1177 1514 1210 1572 et
1225 1513 1457 1574 Pomeraniam
1468 1513 1670 1588 constitutis,
1678 1515 1825 1578 salutem
1841 1521 1878 1580 et
1893 1535 1974 1594 apos-

464 1643 519 1701 Act
538 1645 692 1705 borrzbccs
710 1647 751 1706 dc
771 1647 979 1719 Cotlcpcrdo.
1176 1607 1309 1670 mmm
1324 1607 1602 1722 Ῑῖθῐῖθᾶίοῑῗοωζ
1655 1711 1661 1724 ,
1780 1713 1817 1725 ,,
1911 1713 1917 1726 ,

1177 1707 1975 1885 ,lictussteteruntmaesti:

439 1878 611 1942 [spicilegium
627 1881 800 1940 Libonianum,
811 1897 836 1946 p.
849 1883 904 1940 721,
917 1897 942 1932 n,
956 1883 1006 1946 tt]

1177 1902 1305 1964 tineent
1318 1905 1351 1966 et
1365 1919 1553 1980 pressuras,
1567 1907 1600 1968 et
1623 1907 1780 1990 lsraelem
1801 1913 1976 1971 exeuntem

325 1983 456 2053 Queritur
481 1983 518 2042 de
542 1986 680 2043 molestiis
708 1986 744 2044 ab
766 1988 809 2045 eis
835 1987 949 2046 indictis
969 1987 1124 2046 conventui
1178 2003 1339 2078 [egyptum
1367 2001 1498 2064 Pham
1531 2005 1642 2065 acrius
1669 2007 1905 2083 persequatur
1924 2029 1932 2066 :
1950 2009 1976 2067 jn

467 2075 563 2132 ⁸³¹¹&
580 2074 781 2134 B³¹²¹¹⁰¹⁰¹¹¹ffl¹
795 2076 831 2133 ‘¹⁶
846 2077 978 2136 T¹l⁸¹¹¹i⁰·
1177 2102 1271 2176 qu'us
1299 2103 1480 2177 conspectu
1507 2102 1630 2163 terram
1659 2103 1908 2179 promissionis
1931 2105 1978 2164 in-

365 2199 532 2260 Honorius
548 2201 853 2278 episcopusservus
874 2217 1044 2264 serrorum
1061 2202 1121 2264 Dei
1176 2196 1295 2258 trantis
1315 2198 1519 2276 consumpsit
1541 2202 1627 2260 Deus
1651 2215 1792 2277 magnus
1818 2205 1858 2264 et
1889 2204 1978 2264 terri-

324 2295 456 2358 dilectis
470 2297 550 2358 tiliis
564 2299 753 2360 bominibus
770 2299 810 2360 de
826 2300 1021 2378 Collepardo
1035 2299 1122 2361 ilde·¹
1176 2291 1253 2354 hilis
1267 2293 1420 2356 nationes
1437 2295 1595 2372 paulatim
1608 2297 1705 2374 atque
1720 2313 1780 2376 per
1796 2301 1981 2376 partesue

323 2393 410 2455 libus
428 2397 564 2470 nostrie,
579 2398 722 2459 salutem
742 2398 775 2460 et
789 2399 1003 2477 apostolicam
1019 2397 1122 2459 bene-
1176 2391 1382 2468 pariterillis
1397 2391 1514 2454 deletis
1533 2394 1836 2472 multiplicarentur
1872 2397 1980 2459 bestia

323 2491 512 2555 dictionem.
1176 2492 1292 2552 contra
1330 2489 1435 2563 illum,
1466 2491 1577 2554 hostes
1610 2493 1785 2556 interiores
1822 2496 1979 2558 videlicet

364 2595 470 2652 Grave
481 2593 628 2668 gerimus
643 2596 676 2656 et
690 2587 862 2670 indig'num
879 2593 967 2672 quod
982 2593 1121 2655 dilectos
1176 2588 1287 2650 acrius
1311 2589 1557 2667 persequentes
1572 2590 1740 2653 (lebuseus
1763 2609 1913 2671 quoque
1927 2596 1979 2656 ba-

323 2687 410 2749 ttlics
425 2690 570 2766 priorem
587 2692 620 2753 et
632 2695 829 2754 conventum
846 2693 957 2752 Sancti
973 2691 1120 2754 Bartlro·
1175 2685 1293 2749 bitauit
1313 2687 1348 2748 in
1372 2687 1581 2750 Hierusalem
1604 2704 1678 2748 cum
1694 2689 1772 2750 tiliis
1788 2693 1980 2768 Benjamin,

264 2773 277 2790 '
323 2785 432 2846 lomaei
445 2787 487 2848 de
501 2788 646 2850 Trisulto
660 2791 882 2850 cartusiensis
897 2789 1025 2849 ordinis
1040 2789 1121 2849 mul·
1176 2801 1216 2846 ne
1227 2784 1731 2862 otioeffeminatitorpescerent,
1747 2787 1805 2848 sed
1818 2788 1982 2852 babentes

322 2883 497 2978 tipligiter,
533 2887 619 2947 sicut
653 2887 857 2963 accepimus
892 2887 1117 2960 molestantes,
1176 2899 1249 2944 cum
1265 2883 1382 2960 quibus
1396 2897 1433 2943 se
1448 2886 1643 2945 exercerent
1658 2884 1698 2946 ad
1716 2885 1897 2963 praelium‚
1917 2905 1983 2950 cer·

324 2996 439 3043 eorum
455 2984 577 3060 sylvas,
591 2982 701 3046 banno
715 2984 821 3046 felicis
835 2985 1003 3047 memoriae
1015 2987 1118 3046 Inno—
1174 2981 1286 3053 tando,
1311 2981 1467 3057 legitimae
1484 2982 1601 3056 gloriae
1615 2997 1772 3044 coronam
1783 2985 1983 3063 acciperent
2010 3047 2011 3050 ,

323 3079 424 3142 centii
447 3098 500 3160 pp.
517 3081 772 3159 praedecessoris
793 3083 896 3145 nostri
920 3084 1117 3160 contempto,
1176 3080 1249 3156 post
1275 3079 1492 3156 triumphum.
1526 3079 1709 3142 Tribulatio
1738 3097 1899 3159 namque
1927 3077 2011 3147 vir-l

323 3178 495 3241 succidere
511 3195 576 3242 non
589 3181 723 3254 timetis,
738 3198 861 3260 eosque
877 3198 977 3258 super
987 3182 1120 3259 pascuis
1176 3179 1282 3240 tutum
1306 3177 1471 3255 adjutrix,
1502 3179 1538 3240 ut
1565 3193 1683 3240 aurum
1706 3177 1829 3241 fornax
1870 3183 1984 3259 probat

321 3279 447 3338 temere
459 3279 646 3350 molestare,
657 3279 712 3356 qui
723 3295 792 3340 suae
807 3279 981 3356 religionis
996 3281 1120 3340 intuitu
1175 3277 1307 3348 electos,
1326 3276 1485 3352 partaque
1505 3277 1616 3337 tuetur
1636 3277 1669 3338 et
1688 3279 1796 3352 auget,
1820 3283 1984 3354 quonian
2009 3365 2010 3370 ἵ

323 3376 355 3434 et
389 3375 655 3438 consideratione
683 3377 880 3453 Apostolicae
913 3376 1021 3446 sedis,
1038 3393 1119 3461 ‚quae
1176 3375 1309 3436 vexatio
1339 3373 1395 3436 dat
1429 3373 1633 3435 intellectum
1662 3373 1809 3447 auditui,
1838 3380 1885 3439 et
1916 3379 2010 3448 Abel}

323 3471 431 3533 locum
453 3473 561 3550 ipsum
582 3477 740 3552 tanquam
764 3489 858 3536 suam
881 3475 1118 3552 plantationem
1175 3489 1249 3534 esse
1260 3473 1384 3546 renuit,
1395 3487 1491 3550 quem
1507 3472 1588 3532 Cain
1608 3472 1735 3534 malitia
1748 3488 1816 3533 non
1831 3481 1986 3543 exercet,
2009 3471 2010 3558 i

322 3571 487 3632 novellam
499 3572 635 3649 speciali
647 3571 756 3649 diligit
769 3573 918 3646 caritate,
933 3589 998 3635 non
1012 3573 1119 3634 solum
1174 3588 1276 3649 quum
1285 3569 1485 3633 otiumvitiis
1494 3568 1618 3632 tribuat
1626 3570 1844 3633 incentivum.
1863 3577 1923 3636 Ad
1936 3577 1986 3636 boc
2009 3559 2010 3578 ¹

321 3667 1118 3748 abeorumdeberelisabstinereirrjuriis,verum
1174 3685 1254 3746 ergo
1278 3669 1449 3742 Dominus,
1479 3667 1535 3748 qui
1560 3669 1650 3730 mala
1675 3684 1741 3730 non
1767 3673 1985 3747 permitteret

320 3767 420 3828 etiam
434 3768 529 3844 grata
545 3771 594 3830 eis
616 3769 735 3831 solatia
750 3769 922 3842 exiribere,
946 3772 982 3831 ut
1001 3771 1116 3832 osten·
1174 3767 1259 3840 fleri,
1285 3767 1350 3827 nisi
1362 3768 1498 3829 eliceret
1512 3766 1590 3828 inde
1604 3766 1737 3839 bonum,
1753 3783 1814 3829 sno
1828 3775 1987 3834 exterius
2008 3855 2009 3862 ἵ

321 3863 444 3926 daretis
459 3882 517 3928 vos
531 3866 670 3943 diligere
681 3869 832 3945 quosmet
847 3867 880 3928 et
893 3867 1029 3928 domina
1041 3884 1118 3928 ves·
1173 3865 1329 3928 tribulari
1344 3866 1514 3943 permittit,
1530 3867 1566 3926 ut
1583 3881 1618 3925 se
1631 3867 1716 3926 totos
1731 3865 1888 3930 interius
1906 3873 1988 3933 colli·
2008 3863 2009 3942 Ῑ

320 3963 372 4024 tra
394 3966 542 4026 Romana
569 3965 717 4026 Ecclesia
739 3965 848 4040 diligit
875 3966 908 4025 et
931 3965 1119 4026 orationum
1173 3967 1288 4040 gentes
1311 3955 1405 4024 suam
1423 3962 1682 4024 imbecillitatem
1706 3973 1943 4042 cognoscant,
1965 3947 2009 4030 et?

321 4077 457 4122 suarum
481 4061 642 4137 suffragia
667 4063 825 4139 consequi
840 4061 1009 4123 valeretis.
1026 4061 1118 4124 licet
1174 4063 1207 4122 in
1222 4063 1400 4138 conspectu
1415 4063 1475 4123 Dei
1496 4059 1710 4122 humiliantes
1728 4061 1865 4138 seipsos
1895 4067 1943 4128 ab
1958 4085 1988 4128 eo

322 4158 425 4232 igitur
460 4159 557 4235 culpa
592 4159 783 4237 hujusmodi
818 4174 954 4235 gravem
987 4175 1118 4236 poenam
1174 4160 1338 4222 auxilium
1352 4159 1596 4238 praestolentur,
1606 4159 1856 4222 etdicant2tua
1870 4169 1932 4227 est
1944 4185 1991 4244 pe

324 4254 438 4331 procul
452 4255 551 4317 dubio
562 4258 740 4328 mereatur,
757 4255 907 4318 volentes
921 4258 1032 4319 tamen
1046 4273 1119 4334 pro·
1173 4259 1290 4330 tantia,
1306 4259 1401 4320 tuum
1419 4273 1568 4333 regnum,
1586 4274 1651 4318 non
1669 4273 1781 4334 pacem
1798 4261 1987 4340 temporis.
2007 4345 2008 4350 ἵ

321 4352 439 4414 cedere
449 4351 618 4414 vobiscum
631 4353 665 4414 in
680 4353 799 4432 spiritu
808 4354 966 4427 lenitatis
976 4370 1121 4432 praeser-
1173 4356 1231 4417 sed
1248 4357 1357 4433 potius
1372 4355 1720 4433 pectorisexpetendo.
1734 4356 1916 4428 Quoniam
1931 4364 1988 4423 etsi
2007 4365 2008 4441 i

320 4452 379 4514 tim
400 4468 500 4530 quum
516 4451 616 4513 iidem
632 4451 753 4514 fratres
768 4451 939 4514 humiliter
950 4453 984 4514 id
999 4453 1120 4532 depos·
1173 4471 1252 4533 pars
1267 4454 1436 4516 interdum
1447 4455 1482 4515 in
1498 4469 1579 4531 pace
1594 4454 1773 4532 Babylonis
1788 4454 1843 4525 sit,
1865 4461 1945 4529 eis,
1963 4463 1990 4522 in

320 4552 421 4623 cant,
467 4550 721 4613 universitatem
763 4551 908 4612 vestram
945 4567 1122 4618 monemus
1172 4552 1371 4631 ipsatamen
1387 4551 1993 4630 paceirequentcramaritudoama·

320 4649 477 4711 attentius
495 4651 528 4712 et
542 4648 715 4712 hortamur
735 4664 794 4726 per
815 4648 1006 4725 Apostolica
1025 4649 1118 4710 vobis
1173 4650 1317 4712 rissima.
1333 4649 1435 4711 David
1450 4649 1582 4720 etenim,
1600 4665 1696 4726 quem
1709 4649 1796 4710 bella
1809 4666 1888 4714 non
1907 4659 1993 4718 vice

319 4747 442 4824 scripta
469 4747 703 4824 praecipiendo,
731 4745 925 4808 mandantes
955 4747 1118 4824 quatenus
1173 4751 1258 4820 rant,
1273 4765 1340 4826 pax
1349 4747 1538 4825 prostravit,
1556 4750 1588 4808 et
1602 4747 1721 4808 fortius
1732 4748 1871 4822 cecidit,
1886 4771 1992 4831 quam

319 4845 361 4905 ab
376 4845 467 4905 omni
482 4844 716 4921 praedictorum
732 4844 791 4906 Dei
808 4859 981 4906 servorum
991 4845 1117 4906 moles·
1173 4847 1202 4907 si
1221 4846 1340 4909 luisset
1359 4861 1379 4908 a
1402 4842 1589 4906 visibilibus
1610 4843 1760 4905 hostibus
1784 4857 1992 4922 superatus.

320 4942 445 5003 tatione
480 4944 649 5005 cessantes
685 4943 875 5004 mandatum
905 4942 991 5020 quod
1030 4943 1118 5004 idern
1172 4945 1270 5005 Aliud
1292 4959 1421 5022 quoque
1439 4943 1529 5004 circa
1547 4959 1607 5005 nos
1626 4942 1784 5004 Dominus
1802 4960 1882 5008 suae
1902 4954 1995 5028 judi·

243 5073 248 5080 ,
321 5039 545 5117 praedecessor
555 5040 768 5102 nostervobis
778 5040 945 5117 superboc
956 5041 1118 5102 direxisse
1173 5043 1261 5105 cium
1272 5041 1407 5104 exbibet
1419 5040 1577 5103 bonitatis
1589 5041 1623 5104 in
1637 5039 1710 5112 boc,
1721 5039 1805 5118 quod
1820 5055 1992 5110 reservat

320 5136 526 5213 dignoscitur
544 5137 781 5201 inviolabiliter
801 5137 1006 5213 observetis3
1029 5137 1118 5200 alio·
1174 5139 1327 5201 fidelibus
1344 5139 1415 5200 suis
1431 5138 1555 5206 hostes,
1570 5153 1653 5214 quos
1671 5139 1782 5214 posset
1800 5145 1995 5208 conterere·

320 5237 399 5315 quin
412 5250 477 5297 non
498 5233 603 5296 solum
617 5235 857 5311 poenambanni
868 5235 909 5297 ab
920 5236 1034 5298 eodem
1050 5238 1120 5298 sta·
1174 5236 1430 5310 soloverb0,cui
1442 5235 1699 5299 ventiobediunt
1711 5238 1810 5312 atque
1821 5253 1945 5316 mare,
1963 5259 1997 5306 u:

319 5335 392 5400 tuti,
413 5349 529 5395 verum
549 5331 649 5394 etiam
669 5332 769 5395 aliam
794 5335 981 5410 graviorem
1003 5335 1118 5412 procul
1173 5336 1328 5398 videlicet
1353 5335 1410 5412 qui
1429 5334 1640 5396 offenderunt
1659 5333 1693 5393 in
1715 5333 1840 5405 multis,
1859 5344 1996 5404 multl-

320 5431 620 5502 dubioincurretis,
632 5432 794 5508 procerte
810 5430 981 5504 habentes,
996 5432 1025 5492 si
1039 5449 1120 5510 prae·
1173 5435 1291 5511 plicam
1318 5432 1462 5494 babeant
1486 5430 1713 5494 satisfaciendi
1736 5431 1942 5508 materiam.
1966 5447 1997 5503 et

320 5545 398 5590 sens
414 5529 541 5591 avobis
555 5529 655 5592 luerit
667 5530 852 5606 contempta
867 5530 1016 5593 monitio.
1174 5531 1408 5603 succurrendo,
1431 5530 1468 5591 in
1484 5529 1635 5606 personis
1648 5530 1682 5590 et
1694 5528 1804 5600 rebuS,
1819 5529 1998 5600 fidelibus

361 5628 478 5690 Datum
501 5629 613 5690 itomae
634 5627 719 5706 apud
743 5629 776 5689 S.
803 5630 949 5701 Petrum,
973 5630 1020 5691 111
1039 5645 1116 5691 non.
1173 5630 1350 5701 tribulatis,
1373 5629 1489 5690 saltem
1500 5627 1637 5703 accepto
1647 5626 1752 5688 calice
1765 5627 1915 5695 salutari
1936 5655 1999 5700 re-

319 5726 412 5798 maii,
430 5725 641 5804 pontificatus
656 5725 762 5790 nostri
778 5741 865 5790 anno
881 5726 1037 5790 secundo.
1173 5729 1321 5792 tribuant
1335 5726 1458 5805 aliquid
1471 5725 1620 5796 Domino,
1633 5727 1688 5803 qui
1700 5741 1758 5802 pro
1774 5727 1822 5787 eis
1838 5729 1999 5800 tradidit
