3988 6308
727 367 956 428 EPISTOLAE.
979 371 1057 431 LIB.
1081 374 1106 434 l.

399 531 567 621 oculu

92 716 145 778 Ad
156 714 397 774 Bartrunonm
409 716 620 776 cardinalem
631 715 670 774 A.
683 717 718 776 S.
730 717 890 791 legatum.

392 847 407 902 7
422 851 508 902 mart.
523 845 601 902 tall.

152 951 292 1016 [Bouquet
304 949 404 1000 demeti
414 951 456 1000 das
466 950 607 1009 1111111111,
618 955 638 999 1.
650 949 719 1010 XIX,
729 965 756 1016 p.
766 951 833 1017 osa]

93 1088 191 1160 Quum
216 1086 392 1157 Ludovicus,
416 1087 495 1160 regis
524 1086 647 1160 Philippi
673 1086 756 1158 itlius,
781 1087 891 1146 Narbo-

128 1177 230 1234 nensis
261 1175 340 1234 urbis
365 1183 395 1234 et
418 1184 577 1234 castrorum
609 1175 764 1234 oouttnium
796 1192 894 1236 muros

128 1265 240 1324 destrui
257 1265 398 1338 jussisset,
423 1264 566 1324 Arnsldus
588 1264 819 1341 archiepiscopus
840 1268 892 1323 tm-

127 1355 254 1429 petravit
268 1355 303 1412 ab
327 1356 463 1423 Honorio,
481 1361 513 1412 ut
533 1355 662 1413 ecclesias
680 1371 741 1414 suae
752 1357 838 1414 castri
858 1355 893 1414 de

127 1444 266 1517 Capraria
279 1445 353 1501 muri
363 1442 557 1502 reficerentur.

132 1583 304 1646 Honorius
323 1585 510 1662 episcopua,
548 1584 618 1647 tc...
635 1584 755 1648 dilecto
770 1585 839 1648 tilio
854 1589 891 1648 B.

92 1682 186 1748 tituli
206 1684 403 1745 Sanctorum
423 1684 563 1746 loannis
582 1685 615 1746 et
633 1684 730 1746 Pauli
754 1684 894 1762 presby-

91 1780 168 1842 tero
183 1780 358 1854 cardinali,
379 1783 418 1843 A.
436 1783 469 1842 S.
486 1781 607 1858 legat0,
628 1782 780 1856 salutem,
802 1784 891 1844 otc...

133 1878 346 1940 Venerabilis
355 1878 460 1941 trater
469 1880 583 1942 noster
595 1879 823 1944 Narbonensis
836 1896 895 1942 ar-

92 1975 892 2056 cbiepiscopus·humilitersupplicavitut,qunm

91 2075 244 2138 castrum
261 2091 359 2140 suum
380 2075 420 2137 de
441 2075 612 2155 Capraria,
628 2076 734 2137 muris
749 2079 821 2154 ejus
836 2076 892 2137 di-

91 2172 182 2234 rutis
202 2173 235 2234 et
254 2172 441 2248 destructis,
458 2173 604 2252 undique
616 2174 729 2252 pateat
742 2173 892 2240 hostibus

90 2271 126 2331 11
143 2271 331 2348 exponatur
342 2271 532 2334 incursibus
551 2271 817 2348 malignantium,
835 2288 894 2333 su-

89 2383 155 2448 per
176 2370 388 2446 reparatione
407 2385 578 2432 murorum
596 2373 680 2448 ejus,
700 2369 806 2432 nostri
828 2369 893 2431 sibi

89 2467 273 2542 dignemur
292 2467 415 2530 laveris
432 2468 595 2534 auxilium
608 2466 784 2545 impertiri,
803 2467 835 2530 et
850 2483 892 2530 ne

87 2567 162 2628 tam
177 2565 250 2642 ipse
266 2581 364 2642 quam
381 2565 491 2628 Himb.
512 2565 618 2639 miles,
640 2565 791 2628 vassalus
807 2568 889 2644 ejus,

88 2678 108 2726 a
126 2677 297 2742 quoquam
309 2663 455 2740 maligno
469 2663 598 2741 possint
611 2663 754 2742 opprimi
768 2662 820 2728 vel
836 2663 891 2724 ai-

88 2760 178 2836 tiigi,
192 2759 252 2822 sub
265 2759 381 2822 umbra
391 2761 606 2840 protectionis
616 2762 814 2839 Apostolicae
827 2764 891 2826 Se-

87 2858 146 2920 dis
161 2859 254 2935 ipsos
267 2859 299 2920 et
311 2859 418 2920 terras
427 2859 590 2921 eorumad
600 2859 775 2921 ecclesiam
787 2860 893 2937 perti-

87 2959 225 3030 nentes,
246 2955 422 3018 defendere
440 2973 632 3021 curaremus
646 2955 709 3037 (a).
730 2958 891 3030 Quocirca

87 3055 290 3118 discretioni
301 3055 368 3117 tuae
377 3071 437 3133 per
450 3055 641 3132 apostoliea
657 3055 781 3132 scripta
790 3071 891 3116 man-

87 3155 223 3227 damus,
241 3155 416 3231 quatenus,
437 3153 725 3230 archiepiscopum
745 3154 777 3214 et
798 3153 890 3214 mili-

86 3253 160 3314 tem
170 3252 379 3329 supradictos
388 3268 428 3313 ac
439 3252 547 3313 terras
558 3266 684 3324 eorum,
695 3251 890 3314 auctoritate

85 3352 220 3424 nostra,
238 3350 352 3414 favore
366 3350 512 3427 bentgno
526 3365 740 3428 prosequens,
754 3365 811 3411 eos
824 3367 890 3412 non

85 3447 267 3528 permittas
301 3449 343 3510 ab
376 3449 489 3526 aliquo
521 3447 686 3526 impediri,
714 3447 890 3526 quominus

85 3563 208 3610 muros
219 3546 374 3624 praeiatos
387 3545 512 3608 faciant
521 3546 688 3623 reparari;
703 3545 892 3608 contradic-

84 3647 184 3708 tores
210 3645 243 3707 si
261 3645 318 3723 qui
337 3644 462 3707 fuerint
480 3644 513 3706 11
531 3644 760 3707 molestatores
775 3659 890 3705 eorum

84 3742 260 3805 indebitos
278 3758 338 3820 per
353 3757 527 3804 censuram
542 3742 813 3814 ecclesiasticam,
830 3757 890 3805 su-

83 3841 183 3902 blato
196 3839 430 3918 appellationis
443 3839 625 3912 obstaculo,
639 3838 888 3915 compescendo.

82 3939 213 4006 Datum
233 3937 401 4012 Laterani,
421 3937 518 4002 nonis
533 3936 656 4014 martii,
670 3951 758 4000 anno
770 3935 887 4018 primo.

397 4152 586 4240 CCLVIII

257 4315 510 4396 acceptiorem
523 4318 725 4380 aletensem.

389 4444 500 4502 7111111.
518 4441 597 4499 tall.

235 4563 367 4629 [Analecta
376 4562 442 4628 juris
451 4561 587 4629 pontificii,
597 4575 656 4611 ann.
669 4559 751 4623 18711]

80 4719 191 4780 Mouet
212 4730 265 4773 eos
287 4699 318 4774 ut
339 4713 445 4774 Othoni
466 4712 575 4772 tructus
598 4708 758 4786 prebenda
779 4709 891 4784 integre

411 4803 571 4877 assignent.

29 4961 33 4966 ·
129 4947 315 5021 Honorius,
352 4948 428 5020 etc,
463 4945 593 5007 dilectis
628 4943 708 5005 tiliis
743 4941 890 5020 capitulo

78 5049 216 5111 Meton.

128 5144 203 5207 Etsi
218 5159 290 5204 ram
300 5141 461 5220 grandem
476 5157 495 5202 a
509 5138 604 5203 vobis
616 5137 825 5217 petissemus,
838 5136 892 5199 de-

75 5239 243 5307 bueratis
268 5257 327 5304 vos
350 5239 530 5302 efficaciter
565 5235 739 5305 exaudire,
768 5233 891 5296 nedum

121 5429 137 5450 ⁶
156 5425 312 5486 Arnsldus.

125 5515 173 5589 (a)
193 5517 330 5586 Quamvis
351 5513 521 5584 hudonem,
536 5517 668 5584 suscepta
684 5524 760 5568 anuo
777 5509 891 5569 111511

76 5589 156 5650 Albi
179 5602 267 5645 enses
276 5587 468 5660 expeditione,
482 5583 677 5644 Narbonensis
691 5581 888 5649 urbismuros,

74 5673 146 5720 sua
167 5665 235 5715 ente
257 5659 339 5716 Petro
360 5658 396 5715 de
417 5659 582 5716 Benevento
605 5653 640 5713 A.
662 5653 690 5710 S.
715 5653 823 5726 legato,
845 5650 892 5735 de

74 5729 248 5792 1111111111
267 5727 411 5798 edixisset,
438 5727 563 5801 aliquam
583 5732 680 5784 111111
705 5723 740 5782 ab
764 5724 891 5784 Honorio

237 5885 351 5934 111111.
366 5887 440 5934 roim
452 5875 488 5934 ll.

1682 383 1743 444 322

949 531 1026 609 quia
1041 533 1280 609 postulavimus
1292 537 1446 615 precibus
1459 539 1492 602 et
1503 543 1690 620 praeceptis,
1705 545 1742 610 ut

948 629 1067 693 dilecto
1083 632 1152 694 tilio
1172 635 1329 711 magistro
1352 637 1472 700 Othoni
1492 639 1646 717 scriptori
1659 659 1741 704 nos·
1781 675 1783 682 ·

947 729 1014 802 tro,
1041 732 1222 794 correanico
1245 735 1374 807 vestro,
1400 734 1526 798 tructus
1555 739 1741 815 praebendas

948 844 1046 905 quam
1063 829 1098 890 in
1117 830 1259 892 ecclesia
1282 833 1393 895 vestra
1418 833 1545 898 obtinet
1572 837 1740 916 tamquam

948 929 1106 1005 praesenti
1118 927 1302 991 liberaliter
1312 930 1517 1006 conferretis
1536 935 1742 999 satisfacien-

947 1027 997 1088 tes
1010 1026 1074 1087 sibi
1088 1025 1305 1088 nibilominus
1328 1028 1368 1090 de
1387 1029 1593 1105 substractis,
1616 1051 1690 1100 curn
1707 1035 1742 1102 in

947 1124 1087 1186 veritate
1109 1141 1175 1188 non
1200 1125 1310 1188 minus
1327 1126 1447 1188 absens
1469 1145 1568 1206 quam
1592 1148 1740 1209 praesens

947 1222 1097 1284 eccleslae
1112 1238 1152 1284 ac
1164 1223 1258 1285 vobis
1270 1224 1382 1286 valeat
1400 1225 1580 1292 deservire.
1603 1231 1653 1291 Ne
1672 1231 1741 1307 igi-

946 1319 1002 1382 tur
1013 1321 1121 1383 eidem
1135 1321 1272 1407 inutilis
1283 1323 1327 1385 111
1341 1323 1518 1400 praebenda
1527 1324 1636 1389 fructu
1652 1329 1743 1390 omni

947 1420 1095 1497 tempore
1110 1419 1323 1492 abscedente,
1343 1421 1577 1486 discretionem
1595 1427 1741 1492 vestram

948 1517 1067 1580 iterato
1088 1533 1245 1594 rogamus
1258 1518 1428 1592 attentius,
1446 1520 1478 1582 11
1493 1537 1664 1584 monemus
1680 1540 1741 1600 per

947 1616 1137 1693 Apostolica
1163 1615 1258 1678 vobis
1292 1618 1415 1694 scripta
1446 1619 1595 1682 districte
1619 1623 1743 1699 praeci·

947 1714 1079 1792 piendo,
1092 1715 1286 1778 mandantes
1299 1717 1461 1793 quatenus
1470 1718 1628 1794 praedicto
1641 1721 1743 1799 scrip·

948 1813 1013 1875 tori
1031 1814 1129 1892 juxta
1151 1813 1251 1890 primi
1275 1814 1423 1878 mandati
1456 1815 1562 1880 nostri
1590 1817 1741 1880 tenorem

947 1911 1074 1972 tructus
1100 1911 1286 1988 praebendae
1311 1912 1480 1990 tamquam
1508 1915 1665 1991 praesenti
1700 1916 1740 1979 de

947 2010 1068 2072 caetero
1103 2009 1232 2086 integre
1269 2009 1464 2086 assignetts,
1497 2011 1741 2076 satisfacientes

947 2107 1054 2169 eidem
1066 2107 1284 2169 nibilominus
1304 2108 1345 2170 de
1365 2108 1571 2183 substractis,
1590 2110 1637 2172 ita
1654 2111 1742 2189 quod

947 2204 1104 2283 idemqui
1126 2221 1186 2282 per
1208 2221 1245 2268 11
1264 2222 1304 2268 ac
1325 2222 1403 2268 suos
1423 2206 1519 2270 vobis
1541 2208 1573 2270 11
1589 2209 1742 2271 ecclesiae

946 2305 1066 2365 vestrae
1080 2305 1176 2380 grata
1190 2303 1313 2381 poterit
1333 2303 1491 2382 obsequia
1512 2305 1681 2380 exhibere,
1698 2307 1740 2368 ad

946 2400 1141 2479 obsequium
1157 2403 1305 2463 vestrum
1325 2401 1450 2464 arctius
1471 2403 1692 2479 astringatur,
1709 2406 1742 2468 11

946 2517 1007 2563 111
1031 2498 1240 2566 devotionem
1265 2500 1414 2568 nostram
1440 2500 1604 2577 possimus
1622 2502 1740 2568 merito

947 2600 1190 2664 commendare.
1212 2598 1369 2677 Alioquin
1390 2598 1512 2660 dilecto
1535 2597 1604 2663 tilio
1629 2599 1740 2663 abbati

946 2681 1053 2761 sancti
1066 2695 1223 2760 Michaeli
1237 2696 1419 2762 Virdunen..
1434 2696 1597 2770 dioeoesis,
1617 2698 1741 2760 1111111

946 2797 1062 2864 damus
1089 2794 1209 2859 litteris
1230 2794 1266 2856 in
1288 2794 1472 2874 praeceptis,
1496 2793 1533 2856 ut
1555 2809 1615 2855 vos
1631 2795 1672 2856 ad
1693 2795 1738 2868 id,

946 2895 1128 2957 monitione
1149 2894 1333 2973 praemissa,
1350 2908 1410 2970 per
1431 2908 1606 2954 censuram
1628 2894 1740 2955 eccle-

946 2993 1116 3082 siasticam
1137 2990 1360 3070 appellatione
1391 2992 1519 3053 remota
1550 2992 1738 3068 compellat.

945 3093 1065 3156 Datum
1081 3089 1249 3162 Laterani,
1272 3088 1370 3150 nonis
1386 3087 1508 3162 martii,
1525 3089 1739 3166 pontificatus

945 3189 1052 3256 nostri
1064 3204 1153 3250 anno
1168 3187 1275 3266 primo
1289 3183 1349 3266 (1).

986 3287 1151 3364 Scriptum
1179 3285 1230 3347 est
1261 3300 1362 3362 super
1397 3283 1460 3348 boc
1496 3283 1603 3346 eidem
1628 3282 1739 3348 abbati

946 3385 1053 3450 sancti
1066 3383 1252 3451 Michaelis,

1274 3596 1422 3683 GGLIX

1104 3787 1157 3850 Ad
1174 3783 1362 3860 caprimum
1374 3783 1579 3856 lercensem

1237 3950 1350 4008 1111.
1368 3948 1446 4007 1117.

946 4055 1475 4126 [1111101111(111111111111111111111,
1486 4059 1507 4104 t.
1518 4053 1560 4114 111,
1574 4053 1626 4112 ct,
1635 4067 1660 4119 p.
1674 4053 1740 4120 tau]

990 4212 1178 4272 Donationern
1192 4225 1208 4270 u
1223 4211 1378 4284 catapano,
1393 4208 1528 4282 Agrienst
1547 4208 1693 4281 episeopo,

1073 4300 1197 4375 capitulo
1211 4315 1264 4358 suo
1279 4299 1394 4369 iactam,
1410 4305 1502 4356 ratam
1515 4295 1611 4354 babet.

986 4445 1154 4510 Honorius
1170 4446 1354 4526 eptacopus
1368 4441 1430 4504 etc.
1444 4441 1573 4503 dilectis
1588 4439 1667 4500 filiis
1683 4455 1743 4501 ca-

946 4546 1051 4624 pitulo
1065 4544 1232 4622 Agriensi,
1250 4541 1401 4612 salutem,
1420 4539 1482 4600 eto.
1503 4537 1608 4600 iustis
1630 4537 1742 4614 peten-

946 4645 1029 4707 tium
1053 4641 1227 4704 desideriis
1259 4639 1387 4717 justum
1422 4637 1483 4708 est,
1519 4651 1580 4699 nos
1608 4633 1740 4697 facilem

945 4742 1095 4822 praebere
1111 4753 1319 4808 consensum,
1337 4734 1552 4810 avetaque
1568 4731 1740 4793 arationis

945 4841 1078 4904 tramite
1090 4853 1157 4900 non
1169 4831 1370 4905 discordant,
1385 4831 1506 4894 atiectu
1519 4828 1741 4907 prosequente

946 4939 1121 5016 complere.
1137 4932 1331 5010 Eapropter,
1344 4929 1458 4991 dilecti
1471 4929 1505 4988 in
1515 4926 1654 4990 Domino
1666 4926 1739 5000 tilii,

945 5035 1064 5100 vestris
1075 5031 1175 5112 Justis
1195 5026 1473 5108 postulationibus
1494 5025 1590 5103 grato
1604 5040 1743 5087 concur·

945 5135 1058 5196 rentes
1081 5146 1236 5202 assensu,
1273 5125 1419 5190 decimas
1448 5123 1617 5203 parochiae
1646 5122 1742 5203 (Sne-

946 5229 1070 5312 reucs),
1095 5245 1177 5307 quas
1200 5224 1403 5292 venerabilis
1431 5222 1535 5285 111111
1562 5221 1676 5284 noster
1704 5221 1739 5281 G.

946 5418 1069 5493 gratiam
1086 5414 1249 5488 impetravit
1262 5409 1415 5481 Arnsldus,
1425 5415 1457 5468 ut
1468 5414 1561 5466 castro
1572 5419 1625 5464 suo
1639 5403 1675 5464 de
1688 5406 1740 5465 Ca·

946 5490 1039 5564 praria
1051 5493 1224 5561 parceretur.

981 5577 1080 5708 9ἒωὶ1
1082 5575 1184 5706 3113:ng
1201 5572 1331 5646 compti,
1347 5579 1416 5631 tom.
1433 5571 1455 5641 l,
1469 5567 1524 5627 col.
1538 5567 1601 5638 ala,
1617 5565 1668 5624 sed
1683 5579 1740 5626 non

945 5649 980 5708 iis

1590 5863 1633 5922 11.
