3984 6306
61 312 122 386 sle
501 311 603 372 xxx.
619 311 718 372 -ιιι
740 313 869 376 resno
893 273 1025 372 unius
1045 311 1273 376 nunnitus.
1649 313 1710 376 ssd

60 469 123 530 hor
141 467 194 530 est
208 466 434 544 imputribilis,
459 468 493 531 et
509 467 615 530 uirtus
639 470 749 534 crucis
765 470 858 534 unu
914 469 1050 546 Castico
1085 483 1211 545 capis
1236 485 1355 532 mum
1381 471 1415 538 et
1441 473 1480 532 la
1505 471 1711 536 servitutem

60 565 115 627 est
128 563 448 636 efficacia,utetncs
466 566 640 628 conservat
653 582 673 628 a
686 566 859 644 putredine
913 568 1032 644 redico
1060 563 1096 644 (l
1123 568 1196 627 Cor.
1223 581 1275 639 rx,
1300 564 1372 646 27).
1402 567 1442 630 ut
1466 589 1474 627 ε
1502 568 1711 642 Mortificate

59 661 337 738 vitiorumy'uxta
352 661 434 724 illud
448 684 456 724 :
472 667 557 726 Fide
570 667 860 728 mundcnscordc
895 666 1068 748 'membra
1094 665 1214 724 vestra
1240 679 1316 738 pecc
1341 666 1423 726 sunt
1448 680 1555 740 ertper
1575 666 1710 728 terram

60 774 186 820 eorum
200 757 285 839 (Act
299 775 357 831 xv,
377 757 423 838 e),
438 761 472 821 et
491 760 564 838 ipsa
589 761 625 821 in
640 777 676 822 se
696 777 801 838 usqua
817 761 859 822 ad
914 759 1055 840 (Coloss.
1075 775 1125 833 111,
1145 757 1191 839 5),
1215 761 1248 822 et
1262 761 1395 822 similia.
1413 763 1478 824 Sed
1493 761 1620 825 fruetus
1635 765 1711 825 sunt

55 855 222 933 judicium
234 856 499 934 incorruptibilis
511 861 716 934 perseverat,
729 859 859 936 quando
915 856 1110 929 dulcissimi,
1142 857 1229 919 sicut
1256 857 1377 920 dicitur
1405 876 1465 935 per
1493 859 1708 936 Apostolum:

59 952 237 1030 apparebit
251 953 382 1030 signum
404 954 483 1016 Filii
501 955 646 1020 hominis
660 956 697 1018 in
715 956 811 1028 coelo,
827 959 861 1019 et
914 956 1075 1029 Reposito
1089 955 1141 1016 est
1155 958 1240 1018 mihi
1255 969 1383 1016 corono
1394 958 1544 1028 justitiae
1567 956 1612 1036 (11
1625 958 1707 1018 Tim.

61 1049 223 1112 videbunt
232 1050 333 1112 etiam
346 1051 440 1128 impii
454 1052 490 1112 in
500 1068 598 1128 quem
607 1053 858 1114 transfixerunt.
914 1068 960 1124 ιι,
974 1051 1019 1131 8),
1036 1053 1069 1134 ιι
1083 1050 1219 1112 similia.

101 1147 288 1210 Offeramus
308 1148 408 1210 etiam
423 1149 457 1210 et
469 1165 542 1222 nos,
558 1149 691 1223 fratres,
707 1149 778 1213 haec
798 1167 859 1212 ea·
954 1151 1043 1210 Beue
1071 1163 1151 1224 ergo
1173 1149 1295 1211 dicitur
1317 1152 1428 1212 :Diaei
1451 1153 1647 1224 ascendam,
1674 1155 1712 1214 ιιι

61 1245 139 1306 dem
160 1245 327 1322 lignorum
346 1247 516 1322 generata
530 1246 626 1309 nohis
639 1247 680 1308 ad
697 1249 862 1326 composi·
913 1251 1077 1321 patmum
1089 1246 1185 1316 idest,
1195 1247 1330 1324 propria
1337 1246 1508 1309 uoluntate
1518 1247 1710 1322 deliberavi,

62 1343 190 1404 tionem
214 1342 389 1406 dominica
418 1343 537 1406 crucis.
569 1344 753 1406 Offeramus
782 1361 861 1422 ergo
915 1344 951 1404 ut
965 1343 1179 1405 ascenderem
1202 1343 1236 1404 in
1255 1359 1398 1416 crucem,
1419 1345 1452 1406 et
1467 1345 1713 1421 apprehendam

59 1438 207 1516 palmam
221 1440 370 1504 victoria
399 1442 436 1502 ut
460 1439 572 1504 hostes
594 1442 744 1504 visibiles
761 1445 795 1505 et
808 1443 863 1504 in-
915 1439 1041 1502 lructus
1056 1443 1138 1518 ejus,
1155 1439 1251 1514 idest,
1266 1441 1406 1517 gloriam
1415 1441 1669 1504 resurrectionis
1681 1443 1715 1504 et

59 1537 861 1613 risibilessuperemus,existenteslortesinhello
916 1537 1133 1600 ascensionis.
1158 1539 1277 1600 Nonne
1300 1539 1372 1600 haec
1387 1539 1529 1616 quatuor
1549 1539 1714 1616 lignorum

59 1635 92 1696 et
113 1635 302 1710 pugnantes
327 1649 402 1696 cum
425 1635 562 1713 antiquo
586 1638 751 1713 serpente.
777 1639 862 1709 Quia
915 1643 1040 1710 genera
1061 1633 1185 1696 diversi
1203 1635 1310 1698 status
1329 1636 1471 1698 militum
1489 1636 1612 1698 Christi
1627 1635 1714 1698 offe-

59 1731 223 1807 scriptum
258 1730 309 1794 est
334 1731 371 1794 in
397 1732 622 1809 Apocalypsi:
643 1735 707 1802 Cat
725 1735 883 1807 vicerit,¹
915 1733 994 1794 runt
1014 1733 1050 1792 in
1072 1732 1220 1794 Ecclesia
1237 1732 1297 1793 Dei
1316 1733 1359 1793 ad
1374 1732 1633 1809 componendam
1647 1735 1715 1794 Dc-

59 1830 190 1888 dahoet
204 1830 316 1900 edere,
332 1830 373 1890 de
386 1828 566 1904 ternovena
579 1832 668 1903 erdod
680 1831 782 1894 estez
796 1845 863 1905 pa·
916 1828 1073 1891 mininam
1097 1831 1247 1893 crucemt
1269 1831 1388 1891 Nonne
1403 1831 1546 1906 palmam
1567 1829 1714 1894 victoriae

58 1926 181 1984 radim
198 1926 262 1986 Dei
275 1927 344 1988 met
358 1923 472 2004 (Apoc.
488 1941 526 1997 n,
542 1923 588 2004 7).
599 1925 792 1990 offeramus
804 1941 863 2003 cy·
916 1925 1062 1994 offerunt
1076 1925 1249 2002 Martyres,
1259 1927 1324 2004 ‘qui
1339 1926 1477 2003 lapidati
1488 1927 1712 2004 quidemsuut,

60 2035 216 2097 pressum
237 2019 317 2084 honi
330 2020 453 2094 odoris,
468 2022 505 2084 ut
523 2021 646 2084 Christi
661 2022 769 2086 honus
781 2022 863 2086 odor
917 2022 999 2086 secti
1014 2023 1100 2094 sunt,
1124 2023 1160 2083 in
1174 2023 1342 2085 occisione
1362 2024 1467 2099 gladii
1484 2023 1605 2085 mortui
1627 2024 1713 2095 sunt,

60 2117 168 2180 simus
184 2119 251 2178 Deo
271 2117 306 2178 in
330 2119 420 2180 omni
434 2118 518 2190 loco,
537 2119 615 2196 quia
640 2121 865 2196 scriptumest
917 2119 951 2181 et
971 2119 1081 2180 tamen
1104 2119 1141 2180 in
1164 2119 1217 2182 his
1244 2120 1397 2182 omnihus
1424 2120 1613 2186 testimonio
1639 2120 1716 2182 fidei

60 2214 95 2274 in
112 2213 220 2275 Paulo
235 2234 242 2274 :
259 2216 488 2278 Providentes
500 2219 586 2278 donc
604 2221 792 2278 consolmn
804 2232 864 2278 cc·
918 2215 1048 2291 probati
1074 2232 1133 2292 per
1156 2217 1253 2280 tldem
1273 2218 1426 2280 vicerunt
1445 2234 1560 2294 regna,
1589 2218 1716 2296 operati

60 2327 146 2372 ram
159 2314 241 2384 Dec,
254 2314 314 2373 scd
328 2311 434 2373 ettam
447 2327 566 2374 coram
578 2316 734 2377 emeritum
754 2317 865 2376 leomi-
918 2313 1176 2389 suntjustitlam,
1190 2315 1224 2376 et
1236 2314 1312 2376 ideo
1326 2315 1438 2391 adepti
1453 2315 1529 2382 sunt
1542 2315 1718 2391 repromis-

62 2412 167 2470 m'dus
182 2406 292 2487 (Rom.
308 2423 368 2480 mr,
384 2407 448 2487 17).
462 2409 628 2485 Scriptum
643 2411 695 2472 est
714 2410 749 2470 in
764 2410 863 2472 Psal-
919 2410 1050 2471 sionesl
1075 2411 1193 2472 Nonne
1216 2427 1408 2488 cypressum
1428 2411 1509 2474 honi
1530 2411 1641 2474 odoris
1665 2411 1718 2473 ol-

62 2521 119 2566 mo
138 2526 146 2564 :
169 2509 452 2568 Peramhulnhcm
473 2509 510 2568 ιιι
531 2509 730 2570 innocentia
751 2511 865 2569 cordis
918 2506 1030 2568 ierunt
1044 2505 1257 2570 consessores
1273 2508 1406 2580 Christi,
1421 2524 1561 2585 quornm
1576 2508 1653 2571 dum
1667 2509 1717 2572 sic

62 2605 135 2664 niet
146 2606 183 2663 in
198 2606 310 2664 aredio
322 2606 443 2666 dmnus
452 2619 540 2666 meae
557 2603 760 2684 (Ps.100,2).
776 2604 866 2666 Offe—
918 2603 1008 2666 lucet
1021 2604 1080 2666 lun
1097 2619 1209 2669 coram
1224 2605 1425 2677 hominihus,
1442 2607 1479 2668 ut
1492 2605 1552 2678 alii
1565 2605 1716 2674 videntes

63 2715 180 2760 ramus
205 2700 329 2761 olivam
351 2716 409 2777 per
428 2717 529 2777 opera
549 2701 799 2774 misericordiae,
817 2703 863 2775 ut,
919 2715 1035 2764 eorum
1059 2717 1161 2779 opera
1181 2700 1278 2774 hona,
1304 2703 1490 2778 glorificent
1509 2704 1641 2766 Patrem
1660 2703 1718 2780 qui

66 2796 308 2858 eumvidemus
323 2794 866 2860 tratresnostrosnecessehahan-
920 2797 955 2868 iu
981 2798 1073 2864 coelis
1097 2799 1159 2872 est,
1190 2799 1417 2862 testimonium
1445 2799 1569 2862 hahent
1595 2800 1717 2862 honum

63 2894 125 2965 ιιι,
153 2909 220 2955 non
235 2893 428 2955 claudamus
456 2895 586 2956 viscera
609 2895 723 2958 nostra
748 2896 788 2958 ab
804 2897 863 2969 eis,
920 2895 1022 2959 etiam
1036 2895 1077 2958 ab
1092 2895 1145 2964 his
1158 2896 1215 2972 qui
1233 2896 1316 2959 loris
1337 2899 1424 2968 sunt,
1441 2899 1576 2974 propter
1589 2897 1675 2976 quod
1686 2897 1719 2959 et

65 2993 145 3068 quia
160 2990 322 3067 scriptum
337 2991 387 3053 est
401 2992 437 3052 in
454 2992 624 3069 Sapientia
637 3015 645 3052 ι
656 2995 867 3056 Foerteratur
921 2993 1060 3057 currunt
1079 2993 1173 3055 multi
1188 2994 1225 3055 in
1240 2994 1376 3056 odorem
1396 2995 1640 3070 unguentorum
1661 2994 1717 3070 ip-

61 3090 281 3164 Dominoque·
294 3089 485 3150 miseretur
495 3093 646 3164 pauperi
661 3087 773 3168 (Pron.
792 3105 865 3164 xix,
920 3092 1052 3152 sorumt
1065 3091 1095 3152 N
1098 3105 1185 3155 enne
1205 3090 1328 3155 olivam
1342 3091 1377 3156 in
1392 3092 1540 3156 Ecclesia
1555 3091 1615 3156 Dei
1631 3091 1718 3153 offe-

65 3184 131 3265 17).
147 3185 336 3246 Offeramus
357 3185 390 3247 et
414 3185 548 3248 cedrum
569 3186 864 3264 incorruptibilem,
920 3187 1000 3248 runt
1008 3187 1150 3264 praelati,
1161 3187 1293 3264 quando
1306 3189 1463 3266 impletur
1477 3187 1563 3266 quod
1574 3187 1717 3250 dicitnr:

64 3285 103 3344 ut
116 3283 249 3344 mentes
267 3281 401 3343 nostras
424 3297 594 3343 servemus
616 3282 657 3344 ab
681 3284 771 3344 omni
793 3300 868 3346 cor*-
922 3285 1031 3350 ouum
1060 3287 1205 3358 speciosi
1229 3285 1311 3350 sunt
1333 3289 1437 3360 pedes
1474 3288 1719 3360 cccccccccc·

65 3379 236 3456 ruptione,
245 3379 344 3455 juxta
364 3379 450 3456 quod
463 3379 642 3456 Apostolus
666 3381 714 3443 ait
729 3402 737 3441 ι
750 3384 868 3444 Gloria
922 3380 1011 3441 tium
1020 3395 1142 3455 pacem
1157 3379 1266 3460 (Rom.
1282 3397 1316 3455 x,
1329 3380 1392 3461 15),
1410 3383 1444 3444 et
1459 3383 1637 3446 :sidentes
1651 3397 1722 3444 sus·

65 3476 193 3538 anostra
216 3480 289 3538 herc
310 3477 361 3538 est
393 3476 629 3538 testimonium
650 3478 868 3540 cmtsctcatioe
923 3476 1057 3554 cipiunt,
1074 3493 1189 3554 pacem
1204 3478 1467 3542 annuntiandam
1479 3479 1612 3556 populo,
1633 3481 1670 3540 ut
1688 3479 1721 3542 et
1754 3491 1761 3508 “

66 3574 201 3634 rwetroe
214 3569 259 3650 (11
273 3573 347 3634 Cor.
363 3587 387 3646 1,
405 3569 469 3650 12).
923 3574 1025 3636 colles
1037 3575 1184 3640 minores
1196 3575 1561 3656 suscipiantjustitiam.
1571 3593 1591 3640 a
1602 3577 1632 3636 N
1635 3590 1720 3638 onne

107 3670 219 3748 Ipsius
234 3671 345 3732 autem
368 3669 594 3732 crucislorma
611 3671 681 3734 sive
700 3670 806 3746 figura
828 3671 869 3732 ah
923 3672 1057 3732 cedrum
1095 3671 1355 3749 incorruptionis
1386 3671 1530 3737 offerunt
1560 3673 1719 3747 virginee,

68 3766 141 3844 ipso
156 3766 257 3829 initio
272 3767 440 3829 nascentis
451 3767 749 3844 mundiprocessit,
765 3783 871 3844 quan-
923 3768 980 3844 qui
994 3783 1069 3828 cum
1094 3767 1291 3832 mulieribus
1313 3783 1382 3830 non
1401 3769 1479 3830 sunt
1497 3767 1719 3844 coinquinati:

67 3863 110 3926 do
125 3863 285 3926 formavit
306 3867 394 3928 Deus
415 3864 583 3928 hominem
601 3864 641 3926 da
655 3855 868 3929 limo'terrse.
924 3864 1072 3940 virgines
1084 3864 1723 3942 enimsuntetsequunturrtgnmuquc·

68 3961 165 4023 Unde
192 3960 299 4022 omnis
327 3959 427 4023 homo
455 3977 499 4024 ex
512 3962 642 4028 ratione
664 3961 761 4030 dehet
775 3977 871 4022 suum
925 3977 1065 4039 cumque
1080 3962 1171 4034 ierit,
1186 3977 1225 4026 ec
1240 3962 1545 4040 quodsinemacula
1559 3963 1722 4026 suntaute

67 4060 263 4120 Creatorem
290 4073 484 4134 agnoscere,
514 4059 547 4121 et
573 4059 680 4136 ipsius
695 4059 871 4138 praeceptis
924 4059 1083 4120 thronum
1097 4058 1179 4122 lieil
1193 4061 1312 4128 Annon
1333 4060 1476 4137 palmam
1490 4059 1640 4123 victorie
1659 4059 1722 4122 oh-

67 4155 245 4217 humiliter
256 4153 406 4231 obedire;
423 4156 501 4233 quia
521 4155 671 4221 Christus
694 4155 802 4226 factus
822 4156 872 4217 est
925 4157 1003 4220 tulit
1015 4155 1225 4234 primicerius
1239 4157 1297 4221 ille
1312 4159 1504 4235 martyrum,
1522 4157 1638 4221 heatus
1654 4160 1724 4220 Ste-

67 4252 233 4314 0hediens
257 4268 361 4330 usque
376 4252 417 4316 ad
432 4254 572 4324 mortem
594 4253 715 4326 crucis,
732 4255 767 4318 ut
786 4269 872 4316 unus
926 4253 1069 4331 phanus,
1092 4255 1224 4332 quando
1243 4255 1370 4331 primus
1385 4256 1421 4316 in
1442 4256 1543 4318 choro
1565 4271 1626 4318 suo
1649 4254 1724 4318 lau·

68 4366 132 4427 pro
154 4348 308 4413 omnihus
332 4349 496 4426 gustando
523 4350 679 4422 mortem,
709 4366 824 4422 ornnes
852 4366 873 4414 a
926 4351 1038 4418 reatus
1046 4351 1308 4428 inipsavictoria
1318 4367 1379 4418 sua
1388 4352 1471 4416 uidit
1479 4351 1580 4416 coelos
1590 4355 1722 4430 apertos

69 4445 413 4524 perpetuahheraret,
434 4445 576 4515 etnobis
596 4463 688 4525 spem
702 4463 875 4517 resurrec-
927 4449 962 4511 et
983 4451 1097 4518 lesum
1125 4448 1267 4510 stantem
1293 4464 1314 4510 a
1340 4449 1467 4512 dennis
1491 4449 1624 4514 virtutis
1644 4449 1723 4512 Dait

68 4545 174 4606 tionis
193 4544 227 4606 et
246 4543 365 4620 gloriae
385 4544 575 4621 largiretur.
594 4544 687 4607 Unde
708 4545 782 4622 ipse
794 4545 875 4608 dicit
927 4548 1048 4609 Annon
1063 4559 1255 4621 cypressum
1267 4543 1466 4608 honiodoris
1479 4545 1726 4608 ohtulitbeatus

68 4641 106 4702 in
122 4641 271 4704 Canticis
282 4643 493 4716 canticorum
505 4665 512 4703 ι
523 4645 874 4709 Βιιιιιαιιιιιιιιιιιιιιι
927 4641 1072 4705 lacobus
1087 4642 1369 4718 ierosolymorum
1381 4641 1565 4720 episcopus,
1583 4651 1658 4704 cum
1676 4642 1723 4704 ita

67 4745 242 4816 palmam,
279 4739 313 4801 et
346 4743 604 4815 apprehendam
634 4741 770 4815 matur
800 4743 875 4812 ejus
928 4741 1019 4804 recte
1032 4740 1248 4806 conversatus
1265 4738 1364 4801 estin
1386 4738 1493 4803 medio
1508 4739 1601 4802 illius
1614 4740 1726 4802 natio·

70 4833 185 4914 (Cant.
199 4851 260 4908 un,
282 4834 328 4915 8).
353 4835 470 4898 Palma
490 4835 612 4914 figurat
637 4853 781 4909 crucem,
798 4837 875 4914 quia
929 4837 982 4898 nis
1005 4851 1117 4913 prauae
1141 4835 1175 4896 et
1195 4850 1373 4912 perversae,
1395 4838 1431 4896 ut
1447 4835 1546 4900 etiam
1559 4836 1600 4900 ab
1616 4836 1725 4898 hosti-

69 4932 249 5010 palmaest
261 4931 403 5012 inferius
419 4933 560 5010 angusta
575 4934 608 4996 et
628 4935 781 5011 superius
805 4950 877 4996 am·
929 4933 1003 5008 hus,
1013 4923 1242 5008 sicutlegitun
1259 4933 1393 4998 sauctus
1403 4931 1593 4998 haberetur.
1605 4937 1725 4996 Annon

70 5031 144 5106 pla,
162 5029 303 5092 inferius
317 5045 439 5108 aspera
457 5031 491 5097 et
513 5031 667 5109 superius
682 5031 794 5109 plane,
810 5031 876 5095 ha·
931 5031 1052 5094 olivam
1071 5029 1308 5095 misericordia
1323 5029 1616 5094 offerebatbeatns
1637 5035 1727 5094 Pau-

69 5127 161 5190 hens
188 5126 268 5190 folia
294 5143 415 5205 aspera
443 5127 476 5190 et
501 5127 628 5200 fructus
653 5127 873 5202 dulcissimos.
931 5129 997 5201 lus,
1031 5127 1163 5205 quando
1189 5127 1264 5205 plus
1302 5127 1453 5194 omnihus
1487 5126 1662 5201 laborauit,
1693 5130 1727 5193 et

72 5223 241 5286 Simlhter
255 5246 262 5285 :
278 5226 367 5286 Crux
379 5223 415 5286 in
440 5225 562 5286 mundo
587 5225 719 5294 uidetur
746 5241 876 5304 aspere,
933 5225 1080 5291 omnium
1097 5225 1134 5288 in
1146 5241 1182 5288 se
1196 5224 1328 5292 nisena
1343 5239 1464 5302 gerens
1479 5225 1608 5290 dicebat
1624 5248 1631 5287 ε
1645 5229 1727 5294 Ceth

71 5321 161 5400 quia
173 5319 289 5382 durum
297 5322 349 5384 est
362 5321 475 5398 multis
486 5337 545 5399 pro
556 5324 623 5384 Dec
632 5322 720 5385 male
729 5323 877 5401 perpeti:
932 5323 1178 5397 indremturet
1192 5337 1255 5400 epo
1265 5335 1334 5385 cca
1348 5325 1521 5396 infirmor,
1538 5326 1615 5398 aaa
1632 5339 1729 5388 scari·

72 5419 137 5482 sed
165 5419 315 5494 superius
341 5420 392 5481 est
409 5420 522 5496 plana,
545 5419 623 5497 quia
641 5420 678 5482 in
690 5420 878 5487 coelestibus
933 5421 1116 5493 dcttzatur,
1137 5421 1171 5482 at
1192 5435 1254 5498 epo
1268 5435 1337 5482 nort
1356 5418 1483 5500 urorss
1503 5421 1577 5482 Cor.
1593 5437 1640 5493 m,
1655 5422 1727 5502 29)l
1802 5423 1804 5428 '

71 5529 205 5592 magna
216 5519 266 5578 est
278 5509 397 5594 gloria.
415 5516 510 5582 Folia
525 5517 650 5591 crucis,
667 5517 763 5592 idest,
778 5517 880 5582 derha
933 5521 1053 5580 Annon
1066 5517 1201 5580 cedrum
1216 5517 1476 5594 incorruptionis
1491 5516 1609 5581 obtulit
1624 5521 1729 5580 loan-

72 5613 163 5678 sunt
190 5627 315 5692 aspera,
337 5630 412 5690 cum
440 5614 562 5688 dicitur
582 5630 642 5701 per
664 5615 878 5696 Apostolum:
934 5632 995 5682 nes
1010 5615 1233 5693 Ειιιιειιιιιι,
1251 5613 1382 5694 quaudo
1397 5629 1473 5676 eum
1487 5614 1650 5679 uolentem
1664 5632 1730 5678 nu*
