4058 6308
261 317 321 381 307
878 311 1055 374 HONORII
1077 311 1123 372 III
1144 310 1293 372 OPERA.
1844 313 1892 374 308

262 477 356 542 tanto
372 475 479 541 studio
495 477 527 539 et
542 473 667 548 labore,
682 473 837 554 passagio
852 471 1057 544 imminente,

265 578 360 656 quasi
370 577 506 654 regione
517 574 704 637 albescente
715 573 756 635 ad
768 589 921 644 messem,
937 571 1059 633 astutia

265 675 428 737 diabolica
449 676 633 737 retrorsum
654 673 808 736 rideatur
829 671 992 743 converti,
1016 687 1059 732 ne

264 773 445 834 ascendant
464 759 498 832 in
518 770 679 848 palmam,
703 770 736 832 et
756 770 915 845 colligant
933 768 1059 830 fructus

263 875 350 950 ejus;
373 870 524 948 quodque
544 886 605 931 nos
624 869 731 945 magis
751 869 861 930 movet
879 884 918 929 ac
936 866 1057 939 turbat,

263 969 481 1031 ecclesiarum
509 967 640 1046 praelati
662 966 813 1028 videntes
835 968 897 1028 hoc
921 965 1057 1038 malum,

263 1079 330 1127 nou
350 1065 458 1127 solum
477 1081 545 1125 non
559 1063 705 1124 habeant
724 1079 766 1123 ex
787 1062 850 1123 hoc
870 1060 1006 1134 luctum,
1028 1061 1060 1123 11

263 1161 370 1226 eidem
384 1163 481 1240 prout
493 1162 534 1224 ad
546 1179 660 1223 eorum
671 1161 815 1224 officium
825 1160 979 1238 pertinet,
993 1175 1060 1220 non

263 1261 418 1326 studeant
433 1261 584 1336 obviare;
605 1261 836 1324 verumetiam
854 1259 939 1321 sicut
960 1275 1059 1320 acce-

262 1361 384 1438 pimus,
405 1360 539 1437 quidam
562 1376 677 1421 eorum
697 1359 789 1421 tanto
809 1357 897 1419 malo
919 1357 1061 1418 incenti-

262 1473 342 1520 vum
371 1459 480 1536 potius
511 1458 659 1520 tribuant
689 1458 723 1520 et
748 1457 939 1520 fomentum.
975 1455 1060 1516 Olim

263 1572 346 1617 sane
360 1556 466 1618 felicis
475 1556 716 1619 recordationis
734 1555 949 1617 Innocentius
961 1569 1057 1632 papa,

262 1654 490 1732 praedecessor
518 1657 642 1729 noster,
665 1656 781 1717 volens
809 1652 1059 1715 imminentibus

262 1753 422 1831 periculis
444 1754 590 1828 obviare,
612 1753 724 1816 audito
747 1753 833 1831 quod
853 1752 998 1814 Erardus
1019 1750 1060 1812 de

263 1853 383 1923 Brena,
406 1852 459 1913 cui
475 1868 533 1930 per
555 1854 678 1914 sanctae
700 1851 869 1914 memoriae
889 1850 1060 1913 Albertum

262 1950 580 2028 ierosolymitanum
608 1949 833 2029 patriarcham
868 1947 1062 2010 solemniter

263 2046 389 2110 fecerat
407 2049 578 2122 interdici,
604 2065 646 2110 ne
670 2065 745 2110 cum
765 2047 935 2125 Philippa,
962 2061 1059 2124 quam

263 2161 374 2208 comes
389 2148 554 2224 quondam
569 2149 734 2209 Henricus
752 2147 793 2207 de
813 2146 930 2224 copula
950 2145 1062 2206 inces-

261 2243 357 2306 tuosa
382 2247 585 2323 susceperat,
612 2244 810 2309 contrahere
832 2241 1058 2322 praesumeret,

263 2357 339 2402 cum
358 2343 444 2404 sicut
465 2343 639 2421 acceperat
654 2343 768 2405 eadem
784 2344 892 2420 ipsum
908 2342 1060 2419 proxima

262 2441 562 2518 consanguinitatis
581 2442 670 2503 linea
691 2441 907 2518 contingeret,
932 2441 965 2502 et
987 2441 1059 2517 ipse

261 2538 486 2618 praedecessor
511 2542 624 2601 noster
646 2539 853 2601 mandaverit
878 2539 979 2603 testes
1004 2554 1061 2600 re-

263 2637 329 2714 cipi
354 2654 454 2714 super
477 2638 766 2716 consanguinitate
795 2636 969 2714 praedicta,
996 2653 1059 2698 nu-

163 2769 164 2772 =
262 2733 401 2810 piditate
426 2735 602 2797 ambitiosa
626 2735 768 2797 caecatus
798 2733 947 2798 eamdem
973 2734 1058 2794 Phi-

261 2830 387 2910 lippam
416 2834 479 2894 sihi
509 2833 712 2896 clandestine
741 2833 929 2910 copularat,
962 2831 994 2892 et
1020 2831 1059 2893 de

262 2930 413 3007 partibus
436 2933 569 2994 rediens
595 2931 830 2995 transmarinis
856 2931 891 2990 in
920 2947 1058 3006 regnum

262 3029 414 3091 Franciae
438 3030 612 3094 festinaret
634 3030 805 3104 accedere,
833 3030 870 3091 ut
895 3030 924 3090 si
947 3029 1061 3106 posset

263 3127 408 3190 schisma
427 3131 543 3193 contra
558 3130 714 3192 dilectum
730 3129 834 3189 filium
848 3128 992 3189 nobilem
1002 3127 1058 3188 vi-

262 3240 336 3286 rum
356 3228 579 3290 Theobaldum
595 3228 784 3306 Campaniae
807 3227 959 3288 comitem
980 3242 1058 3287 sus-

262 3324 391 3395 citaret,
405 3343 471 3388 nou
483 3326 589 3387 solum
601 3326 634 3387 in
647 3342 749 3402 grave
759 3324 952 3386 scandalum
962 3325 1059 3400 regni

262 3423 422 3499 ejusdem,
438 3441 553 3486 verum
569 3425 667 3486 etiam
684 3425 719 3485 in
734 3439 835 3500 grave
851 3423 1058 3500 dispendium

260 3522 372 3582 Terrae
389 3522 792 3600 Sanctae3uenerabilibus
807 3521 965 3583 fratribus
980 3536 1060 3582 nos-

260 3618 323 3680 tris
338 3620 609 3700 archiepiscopis,
627 3623 660 3684 et
674 3620 839 3699 episcopis
859 3619 954 3696 regni
972 3635 1060 3696 prae-

260 3716 320 3779 fati
339 3720 537 3797 Apostolicis
558 3721 648 3783 dedit
669 3719 791 3782 litteris
810 3719 845 3780 in
871 3718 1056 3796 praeceptis

260 3815 295 3877 ut
309 3816 432 3880 dictum
447 3819 624 3892 Erardum,
646 3821 750 3880 Deum
772 3833 841 3896 prae
862 3817 967 3879 oculis
990 3816 1057 3878 ha-

258 3913 383 3992 hentes,
400 3917 530 3979 sublato
544 3915 720 3995 quuslihet
735 3914 1010 3978 contradictionis
1025 3913 1057 3975 et

258 4014 493 4090 appellationis
513 4014 695 4086 obstaculo,
719 4030 779 4090 per
801 4029 977 4074 censuram
997 4029 1056 4074 eo-

259 4109 479 4173 clesiasticam
506 4110 768 4189 compescerent,
795 4111 825 4171 si
845 4109 930 4172 forte
957 4126 1057 4172 occa-

259 4208 352 4269 sione
362 4209 555 4287 praescripta
565 4209 782 4286 praesumeret
792 4207 987 4283 malignari3
1004 4223 1058 4268 cu·

255 4309 313 4386 jus
334 4322 394 4368 111
409 4307 561 4382 vestigiis
576 4305 790 4377 inhaerentes,
809 4321 851 4366 ne
867 4305 1057 4383 hujusmodi

259 4407 434 4468 occasione
449 4406 561 4482 posset
571 4404 719 4483 ejusdem
727 4405 839 4464 Terrae
849 4404 978 4466 Sanctae
993 4405 1058 4466 im-

257 4505 365 4584 pediri
380 4521 569 4576 succursus
586 4502 838 4565 contradictum
852 4502 1012 4562 Erardum
1025 4504 1058 4565 et

259 4604 409 4668 eamdem
424 4604 612 4681 Philippam
626 4599 775 4680 praefatis
796 4599 1057 4676 archiepiscopis

258 4703 291 4763 et
305 4703 468 4780 episcopis
486 4717 593 4780 nuper
611 4699 814 4778 praeceptum
833 4697 942 4758 simile
957 4713 1056 4758 reco-

259 4797 358 4860 limus
374 4801 548 4862 direxisse.
566 4802 602 4861 In
622 4798 773 4876 generali
788 4813 918 4875 quoque
933 4797 1056 4858 Conci-

233 4895 316 4968 Ι111,
349 4897 503 4974 11111111
530 4896 571 4958 ad
605 4898 715 4958 crucis
750 4897 920 4972 negotium
954 4911 1056 4957 exse-

260 4994 426 5071 quendum
447 4996 498 5056 est
519 4995 724 5071 permaxime
752 4994 994 5066 necessarium,
1021 4993 1057 5054 ut

259 5090 427 5170 principes
452 5092 485 5151 11
509 5091 623 5168 populi
645 5090 819 5152 christiani
846 5091 887 5152 ad
913 5092 1056 5153 invicem

259 5205 375 5269 pacem
388 5188 574 5259 observent,
590 5189 728 5264 provida
741 5187 804 5250 fuit
818 5189 1056 5250 deliberatione

260 5290 433 5360 statutum,
456 5287 493 5348 ut
516 5285 634 5346 saltem
659 5302 718 5362 per
737 5286 992 5361 quadriennium
1021 5287 1056 5348 in

176 5413 180 5420 ·
259 5388 328 5449 toto
344 5385 424 5447 orbe
439 5383 622 5447 christiano
642 5399 708 5459 pax
722 5384 925 5457 generaliter
941 5401 1057 5447 serva-

259 5487 366 5557 retur,
393 5485 437 5545 111
462 5482 548 5562 quod
573 5497 632 5559 per
654 5479 872 5541 ecclesiarum
900 5484 1055 5558 praelatos

260 5583 486 5646 discordantes
513 5578 751 5642 reducerentur
776 5577 817 5638 ad
841 5579 974 5654 plenam
996 5597 1057 5657 pa-

260 5696 331 5770 1111
365 5682 422 5746 aut
455 5680 584 5743 firmam
623 5680 774 5754 treugam
816 5675 1056 5742 iuviolabiliter

1113 469 1366 548 observandam,
1383 469 1416 533 et
1430 469 1485 548 qui
1502 470 1715 550 acquiescere
1728 469 1809 536 forte
1823 487 1894 534 con-

1113 571 1309 642 temnerent,
1325 585 1384 648 per
1398 570 1775 633 excommunicationem
1786 571 1820 632 in
1831 588 1897 648 per-

1115 683 1225 742 sonas,
1249 669 1282 730 et
1302 668 1516 730 interdictum
1537 668 1572 730 in
1596 669 1706 731 terras
1728 669 1895 732 arctissime

1114 769 1326 844 cogerentur,
1353 767 1417 828 nisi
1443 768 1537 829 tanta
1565 769 1653 829 esset
1676 767 1897 846 injuriatorum

1114 867 1335 944 malitiaquod
1347 866 1412 944 ipsi
1424 865 1484 928 tali
1497 883 1564 928 non
1575 865 1818 944 deberentpace
1827 883 1899 942 gau-

1114 966 1203 1027 dere.
1220 965 1312 1027 Licet
1324 964 1427 1042 igitur
1442 964 1549 1027 dictus
1565 964 1712 1026 Erardus
1729 981 1801 1026 cum
1820 981 1898 1025 com·

1114 1064 1256 1142 plicibus
1292 1064 1325 1125 et
1356 1063 1603 1146 coadJutoribus
1632 1063 1721 1136 suis,
1759 1061 1840 1124 sicut
1864 1079 1898 1124 ex

1115 1163 1234 1226 litteris
1259 1161 1372 1224 dilecti
1400 1162 1463 1224 tilii
1487 1163 1594 1224 nostri
1617 1162 1742 1223 nobilis
1769 1160 1831 1222 viri
1856 1163 1897 1234 0.,

1115 1259 1208 1322 ducis
1230 1259 1444 1337 Burgundiae‚
1470 1260 1706 1336 crucesignati,
1731 1259 1896 1321 11111111-

1115 1360 1232 1434 notuit,
1247 1361 1371 1423 terram
1387 1359 1517 1422 comitis
1530 1358 1707 1420 memorati
1719 1373 1824 1434 11111
1831 1358 1899 1418 hos-

1114 1459 1219 1520 tiliter
1232 1459 1374 1530 1111111,
1397 1458 1558 1535 quasdam
1571 1456 1672 1520 villas
1687 1455 1838 1518 incendio
1852 1455 1901 1515 de-

1114 1557 1296 1619 vastaverit
1308 1555 1341 1618 et
1353 1557 1556 1620 mercatores
1567 1556 1685 1619 euntes
1696 1555 1737 1615 ad
1749 1553 1899 1614 nundinas

1115 1656 1150 1716 in
1173 1656 1276 1718 111111
1296 1654 1430 1732 publica
1453 1653 1554 1716 fuerit
1572 1653 1793 1731 depraedatus,
1816 1667 1900 1712 eum-

1115 1754 1189 1815 dem
1204 1753 1358 1815 comitem
1374 1753 1407 1815 et
1422 1754 1545 1815 terram
1562 1769 1656 1813 suam
1673 1750 1830 1813 infestare
1843 1764 1899 1810 uon

1115 1868 1260 1925 cessans,
1278 1869 1466 1930 quanquam
1489 1851 1610 1913 dilecta
1629 1851 1666 1912 in
1684 1850 1813 1911 Christo
1841 1847 1901 1908 tilia

1114 1953 1139 2011 B
1161 1949 1310 2030 (lancha)
1327 1951 1507 2022 comitissa,
1525 1951 1631 2010 mater
1649 1948 1756 2026 ipsius
1772 1947 1899 2017 comitis,

1115 2065 1188 2126 quae
1208 2049 1346 2110 ballium
1366 2049 1453 2126 gerit
1470 2049 1634 2126 ejusdem,
1657 2047 1777 2126 parata
1798 2045 1901 2106 11111-

1116 2146 1259 2209 cundum
1272 2148 1486 2225 approbatam
1502 2147 1597 2224 regni
1610 2147 1815 2208 Francorum
1829 2158 1902 2204 con-

1115 2246 1324 2308 suetudinem
1343 2248 1432 2307 stare
1447 2244 1529 2324 juri,
1550 2245 1630 2306 dicti
1650 2245 1764 2306 tamen
1782 2241 1902 2304 archie-

1115 2345 1241 2422 piscopi
1256 2347 1288 2408 et
1303 2343 1450 2422 episcopi
1465 2345 1533 2404 tam
1549 2343 1753 2420 praeceptum
1767 2339 1902 2420 ejusdem

1115 2444 1370 2522 praedecessoris
1383 2441 1488 2504 nostri
1501 2443 1532 2503 et
1543 2441 1707 2513 nostrum,
1721 2455 1818 2517 quam
1830 2453 1903 2498 con·

1115 2543 1318 2605 stitutionem
1337 2539 1467 2619 praefati
1487 2539 1627 2601 Concilii
1643 2536 1812 2616 generalis
1834 2549 1902 2596 sur-

1114 2639 1166 2701 dis
1185 2639 1321 2701 auribus
1344 2638 1566 2707 transeunica,
1587 2653 1653 2698 non
1674 2633 1902 2710 1111111111-

1114 2737 1195 2800 dicti
1207 2739 1323 2800 Erardi
1338 2738 1372 2800 et
1385 2736 1552 2798 fautorum
1566 2735 1673 2812 ipsius
1690 2731 1900 2796 temeritatem

1115 2837 1147 2898 et
1161 2837 1339 2909 malitiam,
1357 2835 1443 2897 sicut
1455 2833 1587 2907 dicitur,
1604 2849 1670 2894 non
1687 2828 1900 2910 compescunt,

1114 2935 1215 2997 sedet
1228 2935 1361 3013 quidam
1376 2934 1536 3011 ipsorum,
1549 2929 1635 3010 quod
1651 2947 1755 3007 grane
1767 2928 1902 3006 gerimus

1114 3035 1147 3096 et
1161 3033 1346 3105 molestum,
1364 3025 1487 3117 omissa
1502 3029 1704 3108 pontificalis
1721 3027 1820 3090 officii
1833 3039 1902 3101 gra-

1113 3132 1235 3204 vitate,
1259 3130 1467 3192 ambulantes
1490 3127 1672 3190 secundum
1701 3141 1847 3196 carnem,
1875 3121 1903 3183 et

1114 3231 1238 3292 luctum
1262 3231 1394 3292 viarum
1419 3228 1499 3290 Sion
1525 3226 1683 3288 ducentes
1710 3221 1901 3303 pronihilo,

1115 3329 1221 3390 eidem
1237 3327 1401 3390 auxilium
1410 3325 1561 3388 tribuunt
1575 3323 1781 3394 1111111111,
1795 3321 1858 3399 qui,
1872 3317 1903 3378 ut

1114 3427 1155 3488 de
1179 3427 1347 3505 praedictis
1369 3424 1554 3487 rationibus
1578 3424 1761 3496 taceamus,
1783 3420 1902 3483 ratione

1114 3525 1261 3602 homagii
1286 3524 1372 3603 quod
1393 3523 1591 3600 receperunt
1614 3521 1655 3583 ab
1679 3536 1732 3594 eo,
1757 3514 1903 3582 deberent

1114 3624 1265 3686 eumdem
1276 3623 1428 3685 comitem
1442 3621 1626 3682 defensare.
1638 3619 1800 3697 adjunxit
1812 3617 1901 3678 etiam

1114 3723 1202 3784 idem
1218 3721 1297 3796 dux,
1314 3721 1400 3799 quod
1420 3721 1486 3780 nisi
1506 3719 1585 3790 huic
1602 3718 1718 3779 morbo
1738 3717 1833 3780 citius
1849 3729 1903 3789 ap-

1113 3822 1256 3899 ponatur
1287 3819 1488 3889 remedium,
1521 3817 1595 3894 plus
1629 3832 1730 3894 quam
1765 3811 1901 3877 creditur

1113 3905 1901 3994 TerraeSanotaeimpedietursuccursus,e0quod

1113 4033 1156 4080 ex
1170 4016 1361 4095 hujusmodi
1376 4030 1508 4092 guerra,
1522 4029 1589 4075 non
1604 4013 1712 4090 ipsius
1728 4013 1915 4074 1111111111Δ

1113 4115 1290 4188 duntaxat,
1317 4113 1389 4192 qui,
1421 4112 1508 4174 sicut
1529 4111 1664 4183 asserit,
1690 4111 1823 4188 propter
1845 4106 1901 4166 hoc

1113 4214 1214 4276 etiam
1233 4213 1274 4274 de
1294 4211 1444 4289 partibus
1464 4209 1699 4272 transmarinis
1721 4205 1844 4270 rediret
1863 4199 1900 4262 ad
1992 4225 1993 4284 3

1113 4312 1248 4390 propria
1272 4309 1483 4380 festinanter,
1507 4325 1581 4369 curn
1604 4308 1677 4370 tum
1697 4307 1827 4368 ratione
1845 4301 1902 4362 ho·
1992 4337 1993 4370 a

1113 4411 1208 4473 minii
1226 4425 1290 4489 quo
1309 4408 1399 4470 idem
1420 4421 1530 4467 comes
1550 4404 1615 4466 sihi
1635 4405 1768 4466 tenetur
1790 4398 1902 4464 astric-
1992 4417 1993 4448 1

1111 4510 1175 4583 tus,
1193 4509 1262 4572 tum
1284 4508 1417 4586 propter
1431 4505 1657 4582 juramentum
1673 4502 1760 4580 quod
1779 4501 1847 4578 ipse
1864 4495 1901 4555 de

1111 4609 1170 4669 illo
1177 4607 1326 4686 juvando
1342 4621 1401 4682 pro
1413 4601 1541 4665 viribus
1554 4601 1719 4678 praestitit,
1731 4601 1801 4662 tum
1813 4611 1901 4675 prop·

1111 4706 1163 4767 ter
1185 4703 1466 4766 necessitudinem
1493 4699 1668 4776 sanguinis
1697 4698 1804 4760 eidem
1827 4693 1901 4755 ulla·

1110 4805 1207 4865 tenus
1229 4803 1344 4864 deesse
1368 4815 1435 4860 nou
1461 4798 1581 4876 possit,
1607 4797 1640 4859 et
1665 4796 1773 4858 dictus
1799 4802 1899 4856 comas

1112 4901 1338 4963 defensionem
1353 4899 1385 4958 et
1400 4896 1565 4958 auxilium
1584 4895 1749 4957 instanter
1764 4886 1900 4972 postulat
1992 4929 1993 4934 1

1111 4999 1153 5061 ab
1174 4998 1301 5069 eodem,
1320 5011 1387 5056 non
1404 4995 1557 5056 executio
1576 4993 1776 5065 retardatur,
1793 4999 1898 5051 verum

1111 5098 1213 5160 etiam
1230 5094 1376 5157 omnium
1391 5093 1555 5154 baronum
1569 5091 1664 5168 regni
1685 5089 1832 5153 Franciae
1848 5081 1899 5162 qui

1112 5178 1292 5259 aflixerunt
1315 5193 1384 5253 suis
1411 5191 1559 5253 humeris
1584 5191 1715 5267 signum
1737 5187 1853 5257 crucis,
1871 5179 1900 5241 et

1112 5296 1169 5373 qui
1200 5293 1309 5354 adhuc
1342 5291 1373 5352 id
1401 5291 1510 5366 ipsum
1535 5288 1657 5350 habent
1681 5289 1717 5349 in
1741 5281 1898 5365 proposito
1992 5367 1993 5372 γ

1112 5391 1269 5464 faciendi,
1280 5389 1437 5467 quoniam
1456 5402 1577 5463 guerra
1595 5387 1660 5450 ista
1679 5387 1791 5464 plures
1808 5393 1897 5459 quam
1992 5379 1993 5396 *

1112 5491 1282 5554 estimetur
1307 5487 1503 5558 involvetet
1523 5485 1665 5562 pecunia
1683 5501 1742 5561 pro
1756 5483 1897 5544 votorum

1110 5588 1306 5652 executione
1322 5585 1437 5663 parata
1452 5585 1488 5644 in
1502 5582 1747 5660 expugnatione
1760 5576 1894 5640 hostium
1992 5597 1993 5600 ¹

1113 5687 1221 5750 crucis
1243 5683 1365 5747 Christi
1389 5671 1893 5761 1111111111[1111111111111-
