3984 6306
63 343 128 405 345
503 337 605 401 XXX.
620 369 661 385 -
679 337 724 402 IN
746 340 875 404 FESTO
898 339 1028 408 UNIUS
1049 340 1278 407 MARTYRIS.
1652 349 1712 411 ato

63 500 245 575 Christum,
266 495 361 578 idest,
385 499 457 576 ejus
479 497 640 562 imitando
661 499 860 578 passionem,
916 515 1052 563 suorum
1075 516 1141 563 non
1160 500 1379 565 histrionibus
1403 501 1460 566 sed
1482 504 1607 580 egenis,
1628 507 1711 585 ,quta

62 597 241 676 recuperet
264 596 427 659 claritatis
450 599 523 675 ejus
539 596 713 667 visionem,
730 597 808 676 quia
832 597 861 658 si
916 598 1006 660 dedit
1030 599 1202 661 dimidium
1231 597 1393 664 bonorum
1419 618 1554 664 suorum
1585 620 1712 682 paupe·

63 695 286 774 compatimur
300 697 333 757 et
346 694 632 771 conregnabimus.
916 695 1020 756 ribus.

104 795 187 856 Item
203 814 211 853 ι
227 795 266 854 St
285 793 361 866 quis
379 792 451 852 vuit
467 795 587 853 ventre
597 792 675 864 post
691 805 783 852 nie...
801 793 863 852 Se-
955 792 1166 870 abnegamus
1178 793 1291 856 nostra
1304 811 1380 857 cum
1390 812 1451 858 neo
1466 798 1637 875 acquisitis
1651 799 1710 861 in-

63 905 206 969 quamur
230 889 392 952 imitando
418 888 583 950 Christum
607 888 663 966 qui
685 888 732 950 ait
752 910 760 948 ε
782 892 861 951 Non
916 889 1091 964 haeremus,
1104 906 1165 952 nec
1189 887 1358 952 inhiamus
1377 895 1597 970 acquirendis.
1616 895 1710 958 Unde

62 992 144 1051 ocni
162 991 280 1063 facere
292 987 503 1049 voluntatem
516 989 709 1057 mcommcd
718 989 793 1060 ejus
802 989 861 1061 qni
916 989 1034 1049 Petrus
1058 987 1138 1050 dicit
1157 988 1197 1049 ad
1219 991 1357 1050 Jesum:
1378 993 1465 1052 Ecce
1486 1007 1549 1053 nos
1562 996 1709 1067 reliqui·-

62 1086 226 1146 misitme
241 1081 351 1164 (Joan.
361 1097 406 1156 vr,
422 1080 488 1162 38).
500 1084 547 1144 Ac
561 1081 590 1142 si
605 1080 728 1143 diceret
741 1085 859 1143 cuncta
914 1100 993 1147 mus
1007 1089 1134 1158 omnio,
1151 1085 1709 1167 etsecntisnrnuste(b1atth.xrx‚

62 1197 123 1260 per
137 1180 359 1244 obedientiam
373 1195 484 1256 agere.
497 1177 580 1250 Quid
596 1178 685 1239 enim
699 1181 750 1240 est
763 1178 861 1240 abne-
914 1180 980 1261 27).
996 1181 1206 1258 Abnegamus
1222 1199 1293 1256 nos,
1311 1183 1440 1261 quoties
1456 1185 1605 1247 carnalia
1615 1186 1708 1260 vitia,

61 1295 144 1356 gare
157 1278 314 1354 seipsum,
325 1277 390 1338 nisi
403 1277 555 1338 carnales
568 1275 771 1349 affectiones,
782 1292 861 1353 pro-
916 1279 949 1342 et
969 1280 1079 1341 carnis
1104 1281 1405 1358 concupiscentiam
1438 1283 1657 1358 castigamus,
1679 1285 1712 1346 et

62 1379 237 1456 priamque
249 1375 452 1438 voluntatem
466 1374 674 1452 postponere,
691 1375 725 1436 et
748 1374 859 1436 alieno
914 1376 1002 1438 mala
1013 1375 1177 1438 desideria
1192 1377 1419 1452 refraenemus,
1434 1380 1614 1441 secundum
1625 1381 1711 1458 quod

62 1491 131 1536 non
148 1489 208 1535 suo
222 1472 402 1549 regendum
421 1470 560 1533 arbitrio
579 1487 615 1532 se
636 1471 861 1533 committeret
914 1473 1089 1549 Apostolus
1106 1475 1153 1536 ait
1170 1496 1177 1535 :
1195 1476 1331 1552 Gasttpo
1344 1491 1470 1550 corpus
1487 1493 1604 1540 meum
1619 1479 1654 1539 ct
1674 1481 1712 1540 tn

60 1573 103 1633 Et
127 1571 176 1632 sic
201 1569 347 1647 proiecto
369 1583 502 1632 crucem
521 1583 615 1630 suam
639 1583 706 1630 non
732 1567 773 1630 ab
792 1569 860 1630 alio
915 1571 1120 1632 servitutem
1142 1575 1261 1649 redigo
1276 1570 1306 1651 (1
1321 1575 1394 1635 Gor.
1410 1591 1456 1648 rx,
1472 1573 1539 1652 27).
1556 1574 1596 1636 at
1609 1575 1710 1637 item:

61 1667 215 1744 suscipit,
232 1667 289 1728 sed
301 1667 443 1744 ipsemet
455 1665 553 1738 tollit,
567 1679 625 1742 per
640 1679 750 1743 quarn,
767 1665 862 1727 scili·
915 1669 1123 1740 Mortificate
1144 1673 1301 1732 membra
1325 1672 1444 1732 oestro
1465 1687 1544 1733 cnm
1564 1673 1659 1734 vittis
1678 1672 1713 1735 et

61 1767 126 1838 cet,
139 1763 171 1826 ei
185 1764 327 1824 mundus
342 1763 520 1826 crucifixus
533 1763 587 1832 sit,
599 1764 632 1825 et
641 1762 713 1838 ipse
725 1763 857 1836 mundo,
914 1767 1206 1841 concupiscentits,
1216 1781 1260 1828 ne
1274 1769 1472 1830 dominetur
1480 1771 1662 1842 peccatum
1673 1771 1712 1831 tn

60 1879 139 1926 cum
161 1863 345 1939 spontaneo
374 1860 518 1937 propriae
542 1858 762 1922 confessionis
783 1860 860 1922 voto
915 1862 1032 1922 oestro
1056 1862 1197 1926 mortitii
1219 1877 1364 1936 corpore
1385 1863 1499 1943 (Rom.
1523 1881 1574 1938 vr,
1602 1863 1647 1944 8).
1673 1867 1713 1927 Et

59 1958 232 2022 mundana
250 1957 312 2019 sihi
330 1957 362 2019 et
380 1958 514 2020 terrena
529 1956 695 2018 desideria
715 1957 859 2019 interdi-
915 1957 1031 2020 heatus
1044 1960 1177 2021 Petrus:
1190 1961 1333 2022 Obsecro
1347 1962 1592 2037 vostomqnom
1602 1966 1712 2023 advo-

61 2057 129 2130 cit,
156 2054 242 2133 quod
276 2055 328 2117 est
354 2055 523 2132 propriam
554 2053 759 2116 voluntatem
794 2070 861 2116 non
915 2055 1026 2117 nasei
1037 2055 1431 2133 pereqrtnosabstinere
1447 2071 1539 2120 vosa
1555 2061 1712 2121 contort-

61 2155 169 2232 sequi.
185 2152 268 2225 Quid
291 2151 380 2213 enim
403 2152 555 2214 carnales
573 2151 665 2212 aliud
690 2153 859 2229 appetunt,
916 2153 978 2213 hus
991 2155 1183 2226 denoertrs,
1197 2168 1274 2227 qnoe
1286 2154 1438 2216 mettani
1452 2158 1621 2216 aduersus
1635 2159 1714 2217 ant-

60 2251 128 2312 nisi
149 2251 288 2328 implere
307 2249 393 2327 quod
414 2249 551 2311 voluntt
565 2252 605 2312 nt
624 2265 697 2327 quae
723 2250 773 2312 est
792 2251 863 2312 ter-
916 2249 1714 2327 mom,conversattonemoestronrinterpentes

60 2363 147 2409 rena
168 2346 342 2408 delectatio
357 2346 423 2407 nisi
438 2346 581 2423 propria
595 2345 774 2408 voluntatis
794 2347 861 2406 im·
916 2346 1076 2407 hahentes
1102 2349 1224 2408 honam
1242 2344 1277 2425 (l
1301 2347 1371 2408 Pet.
1393 2363 1431 2418 n,
1455 2347 1581 2427 11-12).
1612 2347 1714 2420 Quasi

61 2445 176 2523 pletio,
191 2443 226 2506 et
245 2444 376 2522 quando
397 2443 431 2504 id
454 2443 539 2521 quod
554 2444 726 2515 volumus,
747 2442 862 2504 labore
917 2442 1061 2504 diceret:
1076 2458 1222 2519 praesens
1234 2442 1302 2504 vita
1316 2444 1539 2520 peregrinatio
1549 2443 1656 2516 estet
1669 2445 1711 2506 ad

60 2542 210 2604 maximo
227 2541 298 2606 sive
313 2541 462 2618 periculo
478 2541 628 2617 agimusi
642 2540 708 2602 Aut
719 2540 796 2617 quid
812 2539 863 2602 est
917 2539 1058 2616 patriam
1081 2531 1295 2612 redeundum,
1321 2539 1408 2602 sicut
1430 2539 1510 2602 dicit
1532 2541 1709 2618 Apostolus

61 2639 154 2702 aliud
165 2654 299 2701 amcam
311 2637 409 2712 terre,
420 2638 515 2710 idest,
523 2638 706 2700 cruciatum
718 2638 861 2715 aliquem
917 2636 1044 2698 Paulus
1061 2640 1160 2699 :Non
1174 2640 1336 2699 habemus
1349 2641 1404 2699 hic
1414 2640 1615 2700 manentem
1625 2641 1713 2700 ctet-

63 2737 247 2808 susiinere,
261 2737 328 2797 nisi
351 2735 466 2797 contra
485 2735 689 2798 voluntatem
713 2737 861 2797 nostram
918 2735 1035 2802 tatem,
1051 2737 1111 2797 sed
1122 2735 1281 2808 sinterani
1292 2729 1502 2809 inquirimus
1516 2733 1629 2815 (Hebr.
1637 2751 1712 2808 1111,

63 2833 190 2912 aliquid
216 2833 303 2906 lieri,
321 2833 595 2911 quandocumque
612 2832 784 2895 videamus
819 2832 863 2894 il·
918 2828 987 2910 14).ι
997 2830 1032 2891 Si
1051 2830 1221 2907 peregrini
1234 2831 1325 2902 estis,
1342 2830 1505 2892 abstinete
1521 2847 1541 2893 a
1562 2831 1711 2895 carnali-

65 2931 120 2992 lud
137 2931 238 2993 iacile
252 2930 496 2992 nobisassevel
511 2930 609 2992 utilet
836 2959 838 2962 ·
916 2927 978 2988 bus
1003 2927 1188 3000 desideriis,
1207 2928 1297 3005 quia,
1319 2928 1348 2989 si
1369 2929 1579 2992 contemnitis
1592 2930 1714 3006 volup-

104 3029 865 3104 (lutonitoentrepostme,ohnepetseniettp·
916 3023 1003 3086 tates
1017 3025 1217 3102 temporales
1241 3026 1276 3086 in
1297 3025 1409 3087 vestra
1431 3026 1710 3103 peregrinatione,

65 3141 155 3187 snm.
171 3123 864 3202 abnegationrsautemquinquesuntgra-
918 3121 1081 3184 habebitis
1102 3122 1239 3184 delicias
1262 3122 1437 3185 aeternales
1451 3124 1487 3184 in
1506 3125 1622 3202 patriae
1637 3124 1713 3201 glo-

66 3223 153 3283 dus:
175 3223 303 3300 primus
323 3220 446 3298 gradus
471 3221 521 3284 est
550 3219 717 3297 abnegare
738 3219 861 3292 aliena,
918 3219 1113 3282 riticatione.
1127 3221 1167 3282 Et
1183 3219 1258 3281 ideo
1270 3219 1397 3282 debetis
1410 3221 1621 3283 contemnere
1638 3236 1715 3283 car·

64 3319 231 3381 secundus
258 3318 424 3396 abnegare
449 3333 528 3392 sua,
550 3318 669 3380 tertius
697 3317 863 3394 abnegare
918 3317 1009 3378 nalia
1021 3317 1187 3379 desideria
1202 3333 1276 3394 qum
1287 3318 1442 3390 militant,
1457 3318 1552 3391 idest,
1565 3319 1715 3396 pugnant

65 3433 113 3486 se,
129 3417 270 3495 quartus
285 3417 450 3492 abnegare
474 3415 632 3492 seipsum,
647 3415 781 3492 quintus
799 3414 862 3476 ah·
918 3415 1077 3478 adversus
1094 3415 1250 3488 animam,
1277 3415 1310 3477 et
1328 3415 1615 3478 conversationem
1635 3432 1715 3478 ves-

63 3530 189 3591 negare
231 3513 454 3590 semetipsum.
494 3512 704 3590 abnegamus
738 3512 861 3585 aliena,
918 3513 1003 3574 tram
1016 3514 1103 3574 inter
1114 3514 1228 3588 gentes
1243 3511 1367 3574 habere
1379 3512 1555 3585 bonam,ut
1566 3513 1715 3575 videntes

64 3613 197 3689 quoties
222 3611 489 3682 nostradamus,
515 3625 577 3673 nec
598 3611 780 3672 retinemus
803 3625 864 3672 nec
919 3625 1020 3686 opera
1044 3610 1155 3671 vestra
1176 3609 1263 3672 bona
1282 3599 1468 3686 gloriiice'nt
1493 3609 1625 3672 Patrem
1637 3625 1715 3671 ves-

65 3709 330 3787 concupiscimus
344 3708 466 3770 aliena.
482 3707 576 3769 Unde
590 3707 765 3769 Zachaeus:
780 3711 865 3769 Ecce
917 3707 1005 3768 trum
1021 3706 1124 3783 quiin
1137 3705 1230 3766 coelis
1243 3709 1303 3766 est.

67 3810 249 3868 dimidium
272 3810 438 3869 hortorum
456 3820 626 3878 rneornni,
640 3807 796 3876 Domine,
822 3806 864 3865 do
959 3799 1168 3876 Abnegamus
1184 3815 1244 3860 nos
1257 3799 1357 3876 ipsos,
1370 3799 1501 3876 quando
1512 3813 1715 3860 evacuamus

65 3907 288 3980 pauperihus,
304 3905 338 3965 et
351 3905 474 3977 mquid
485 3906 632 3976 aliquem
647 3903 862 3976 demandavi,
919 3896 1116 3973 cupiditates
1138 3895 1269 3957 mentis.
1291 3895 1384 3958 Unde
1407 3895 1535 3956 David:
1556 3899 1713 3968 Domine,

66 4005 172 4063 reddo
191 4004 421 4075 quadruplum
436 3998 529 4079 (Luc.
545 4015 617 4068 xrx,
632 3997 677 4078 8).
694 3999 790 4060 Dedit
804 4013 864 4059 sua
919 4009 988 4057 non
1001 3994 1054 4056 est
1065 3993 1260 4055 caecitatum
1281 4007 1342 4054 cor
1361 4007 1487 4064 mum,
1508 4007 1616 4066 neque
1636 3994 1717 4054 etati

67 4099 101 4160 et
116 4097 260 4160 reddidit
274 4098 396 4171 aliena,
413 4097 491 4175 quia
510 4111 577 4158 non
592 4095 769 4158 dimittitur
787 4109 866 4172 peo-
918 4091 1001 4154 snnt
1012 4093 1099 4153 ocuti
1109 4093 1180 4151 met
1190 4088 1259 4169 (Ps.
1277 4092 1346 4163 130,
1363 4089 1405 4169 1).
1422 4089 1632 4166 Abnegamus
1643 4105 1718 4151 nos·

68 4196 179 4256 catum
203 4196 269 4256 nisi
293 4195 489 4257 restituatur
512 4193 669 4256 ablatum.
688 4193 753 4255 Iste
775 4193 866 4255 recte
920 4187 1087 4266 metipsos,
1105 4186 1236 4264 quando
1255 4187 1447 4249 abdicamus
1471 4187 1638 4265 propriam
1656 4203 1717 4250 vo-

68 4293 187 4355 obtulit
202 4293 235 4356 et
248 4293 339 4355 recte
352 4293 477 4365 divisit,
490 4291 569 4370 quia
586 4291 677 4353 dedit
693 4289 864 4353 dimidium
920 4286 1092 4349 luntatem.
1110 4285 1205 4347 Unde
1220 4288 1352 4374 hdarous
1365 4287 1460 4347 :Non
1467 4288 1556 4360 qnod
1562 4291 1714 4360 eqoooto,

68 4391 230 4453 bonorum
257 4405 393 4452 suorum
422 4389 635 4468 pauperibus.
661 4390 747 4450 Nam
767 4389 865 4466 juxta
919 4386 980 4444 sed
993 4385 1081 4457 quod
1095 4383 1133 4443 tn
1148 4385 1201 4443 vis
1214 4379 1331 4461 (Maro.
1351 4397 1422 4454 xrv,
1442 4380 1508 4459 36).
1529 4381 1569 4442 m
1587 4380 1715 4458 quoties

67 4489 338 4551 Ecclesiasticum
355 4503 362 4550 ε
379 4491 442 4556 Qni
456 4489 541 4562 facit
560 4491 811 4560 eleemosnnam
824 4488 865 4547 cie
920 4480 1020 4557 huius
1035 4479 1149 4540 saeculi
1161 4479 1327 4541 vanitates
1341 4479 1374 4540 et
1387 4478 1524 4539 nocivas
1537 4477 1570 4538 et
1579 4477 1716 4538 illicitas

66 4589 195 4661 rapina
206 4589 384 4662 pauperis,
400 4587 501 4660 qnasi
516 4587 574 4660 qut
588 4583 744 4645 victimat
757 4584 867 4656 (litum
920 4576 1105 4654 voluptates
1133 4575 1365 4653 reprimimus,
1385 4574 1588 4651 abnegamus
1615 4575 1715 4636 etiam

67 4685 106 4743 tn
118 4684 300 4757 conspectu
312 4682 433 4744 Patris
443 4680 558 4762 (dccli.
572 4695 691 4753 xxxiv,
702 4677 768 4759 24).
780 4681 867 4740 Deus
922 4675 1152 4752 nosmetipsos.
1170 4672 1264 4734 Unde
1287 4671 1464 4749 Apostolus
1485 4673 1595 4733 :Mihi
1608 4685 1714 4732 misn-

68 4781 160 4842 enim
172 4780 286 4858 iniqua
304 4795 443 4842 munera
457 4795 524 4840 non
538 4778 700 4856 acceptat.
714 4777 754 4838 Et
772 4775 867 4836 multi
921 4775 986 4834 dtis
998 4773 1188 4845 cructantis
1203 4770 1265 4840 cst,
1280 4770 1313 4832 ct
1325 4783 1387 4845 eqo
1397 4771 1523 4830 mundo
1534 4766 1655 4847 (Galat.
1669 4783 1714 4840 vr,

69 4876 151 4938 sunt
162 4877 314 4940 homines
325 4877 381 4955 qui
394 4893 470 4939 cum
484 4873 777 4938 habeantmultum
789 4872 868 4934 dant
923 4869 987 4950 14).
997 4869 1091 4932 Unde
1101 4871 1247 4931 Joannes
1259 4887 1266 4927 :
1278 4867 1541 4942 Notitedttigcre
1550 4867 1719 4927 mnndum

69 4990 200 5051 parum,
216 4977 251 5037 et
270 4991 347 5037 oum
367 4974 512 5037 habeant
526 4974 663 5036 charum
683 4970 762 5033 dant
779 4971 866 5046 vile;
923 4980 1031 5041 neque
1043 4980 1084 5028 ea
1098 4967 1220 5039 qtrcetn
1231 4965 1359 5024 mundo
1369 4963 1451 5023 sunt
1458 4959 1488 5040 (Ι
1499 4963 1595 5024 toan.
1606 4960 1715 5040 mlh).

69 5089 149 5134 cum
173 5073 319 5135 habeant
346 5071 516 5150 proprium
547 5070 627 5132 dant
652 5069 809 5142 alienum,
837 5067 870 5129 et
923 5063 1006 5136 Quid
1023 5061 1073 5123 est
1091 5059 1257 5136 abnegare
1272 5059 1339 5122 nisi
1353 5057 1520 5121 dimittere
1536 5057 1590 5119 vel
1609 5059 1717 5120 relin-

68 5185 150 5232 cum
164 5169 241 5233 dare
256 5169 399 5232 debeant
412 5168 526 5246 egenis
541 5168 622 5230 dant
637 5165 867 5229 histrionibus.
924 5175 1035 5238 quere,
1046 5158 1141 5232 idest,
1152 5157 1283 5236 quando
1293 5155 1392 5220 homo
1405 5155 1541 5218 dimittit
1550 5155 1718 5233 propriam

69 5256 229 5330 Zachaeus
242 5267 354 5330 autem
368 5267 402 5329 et
420 5266 511 5328 recte
533 5265 650 5329 obtulit
665 5265 697 5326 ei
715 5264 805 5325 recte
817 5261 871 5322 di·
924 5257 1128 5320 voluntatem
1142 5255 1176 5318 et
1190 5255 1347 5332 supponit
1358 5271 1395 5316 se
1409 5255 1571 5317 voluntati
1582 5253 1719 5314 alienaet

68 5364 165 5437 visit,
184 5365 293 5427 dando
314 5380 381 5426 non
401 5378 518 5442 parum
543 5363 600 5424 sed
626 5362 777 5433 multum,
792 5359 870 5438 quia
925 5356 1017 5417 Tunc
1038 5354 1136 5415 homo
1158 5352 1301 5429 abnegat
1328 5353 1553 5430 semetipsum,
1587 5349 1719 5428 quando

69 5461 167 5524 dedit
189 5463 361 5524 dimidium
385 5477 452 5523 non
471 5461 538 5523 vile
552 5460 608 5522 sed
625 5459 777 5530 charum,
793 5457 870 5536 quia
925 5452 1085 5530 relinquit
1103 5451 1260 5528 seipsum,
1282 5449 1378 5522 idest,
1395 5449 1598 5511 voluntatem
1613 5463 1719 5520 suam,

70 5558 169 5622 dedit
189 5559 361 5621 dimidium
377 5558 551 5631 honorum,
565 5573 632 5620 non
651 5557 799 5618 alienum
813 5552 871 5615 sed
927 5551 963 5612 ut
977 5549 1123 5611 declinet
1136 5549 1257 5610 amalo
1272 5550 1305 5609 et
1324 5546 1426 5608 iaciat
1443 5545 1577 5614 bonum,
1594 5545 1630 5606 ut
1645 5559 1723 5621 pos-

71 5656 266 5736 proprium3
294 5657 371 5737 quia
395 5656 486 5720 dedit
508 5655 682 5719 dimidium
709 5653 871 5717 bonorum
927 5647 972 5710 sit
986 5646 1097 5710 dicere
1114 5667 1122 5708 ε
1138 5649 1217 5712 Non
1230 5648 1319 5722 qnod
1332 5658 1394 5722 eqo
1408 5648 1493 5716 volo,
1508 5644 1666 5716 sedqnoci
1685 5642 1723 5702 tu
