3960 6304
91 401 130 462 73
723 405 952 470 EPISTOLAE.
975 405 1055 466 LIB.
1079 405 1104 464 I.
1180 427 1189 446 ·
1697 407 1736 464 74

90 559 731 641 111111111111.01111111111111
751 565 787 626 in
812 565 888 628 aliis
942 565 975 626 et
989 565 1136 642 tempore
1159 563 1254 639 grata
1275 564 1368 626 vobis
1389 564 1422 626 et
1443 564 1594 626 ecclesiae
1615 566 1735 627 vestrae

90 657 346 736 reprehensioni
374 657 556 735 subjacent,
573 661 608 722 in
623 661 706 724 viris
720 664 888 740 religiosis
942 662 1064 740 poterit
1087 661 1244 738 obsequia
1267 661 1438 734 exhibere,
1462 663 1503 724 ad
1528 663 1736 724 devotionem

92 755 194 834 plena
218 755 296 817 sunt
322 758 530 836 contagionis
553 760 715 838 exemplu,
747 777 786 822 ac
813 763 887 824 ideo
941 763 1087 822 vestram
1108 759 1232 822 arctius
1247 761 1461 836 astringatur.
1486 760 1577 832 Quod
1600 761 1629 820 si
1652 761 1737 823 sorte

92 855 173 915 sunt
191 854 339 916 severius
360 855 570 930 vindicanda,
596 856 788 920 discretioni
803 876 887 937 ,ves-

89 953 154 1012 trae
168 951 428 1028 perapostoliea
447 953 570 1030 scripta
590 955 785 1020 mandamus
805 974 890 1036 qua-

88 1049 189 1111 tenus
205 1049 245 1110 ad
265 1049 439 1126 praelatum
463 1053 702 1116 monasterium
728 1071 889 1132 persona-

88 1146 169 1208 liter
189 1146 412 1222 accedentes,
432 1149 466 1215 et
494 1149 653 1214 babentes
683 1168 752 1232 prae
782 1155 888 1218 oculis

89 1244 200 1306 solum
215 1247 330 1318 Deum,
357 1246 518 1326 inquisita
546 1265 647 1327 super
664 1251 845 1328 praemissis
856 1253 889 1316 et

87 1342 169 1404 aliis
188 1345 223 1404 11
244 1344 376 1420 cognite
394 1344 534 1408 veritato
566 1347 740 1424 corrigatis
765 1350 799 1412 et
825 1351 889 1414 sta·

86 1439 194 1502 tuatis
206 1441 273 1504 1111
287 1441 324 1502 in
339 1442 448 1520 capite
466 1459 565 1520 quam
582 1444 618 1506 iu
642 1445 888 1528 membrisque

85 1538 274 1600 secundum
284 1541 387 1601 Deum
400 1540 433 1602 et
442 1541 631 1618 regularem
644 1542 887 1608 observantiam

84 1635 288 1714 corrigenda
311 1637 473 1712 videritis,
496 1639 549 1702 vel
573 1640 673 1702 etiam
697 1643 886 1707 statuenda.

85 1733 357 1798 contradictores
369 1751 612 1813 percensuram
627 1739 888 1806 ecclesiasticam

87 1831 318 1908 appellatione
331 1833 512 1914 postposita
529 1838 778 1914 compescendo.
795 1839 887 1912 Quod

86 1928 117 1992 si
134 1944 204 1990 non
218 1944 343 2004 omues,
360 1931 437 2004 otu,
450 1930 515 1994 duo
532 1935 678 1996 vestrum
693 1935 754 1998 eto.
769 1936 887 2002 Datum

85 2024 260 2100 Laterani,
277 2028 422 2092 secundo
445 2045 551 2091 nonas
566 2031 765 2108 novembris,
784 2034 889 2110 ponti·

86 2125 213 2186 iicatus
226 2125 333 2188 nostri
347 2141 435 2190 auno
450 2126 568 2206 primo.

473 2340 504 2426 L

88 2526 148 2586 Ad
162 2527 359 2602 episcopum
374 2526 409 2590 et
428 2529 617 2604 1111111111
629 2533 885 2596 ambianenses.

386 2641 485 2700 lnov.
508 2643 587 2701 iiiii.

137 2763 262 2827 [liegest.,
275 2763 349 2823 lib.1,
356 2763 429 2829 epist.
442 2764 482 2816 te.
500 2766 557 2818 tiss.
571 2769 606 2819 bn
617 2769 692 2820 Porte
702 2769 735 2821 dn
746 2771 840 2834 111111]

88 2897 237 2972 Episcopo
260 2905 289 2956 et
309 2899 433 2972 capitulo
451 2899 692 2961 ambianensibus
707 2905 840 2980 injungit,
858 2913 888 2965 ut

123 2985 161 3044 Α.
177 2985 282 3044 elerico
298 2995 366 3045 nato
384 2987 487 3046 nobilis
506 2990 560 3048 viri
571 2990 693 3050 Andreae
703 2995 804 3052 llilieri
817 2996 888 3054 civis

124 3075 249 3130 Romani
267 3074 460 3147 prebendam,
477 3091 562 3149 quarn
584 3077 730 3138 lohannes
751 3082 888 3156 Stephani

123 3161 267 3220 incorum
286 3163 407 3222 ecclesia
434 3164 588 3236 obtinebat,
614 3167 766 3227 liberaliter
788 3170 858 3228 coni
875 3202 884 3214 ·

126 3257 204 3308 rant.

129 3387 317 3462 Honorius,
343 3390 418 3463 etc„
451 3389 635 3454 venerabili
662 3393 827 3473 episcopo,
856 3399 888 3458 et

86 3483 222 3546 dilectis
238 3484 316 3548 liliis
332 3487 477 3564 capitulo
491 3487 686 3552 Ambianen.

128 3583 260 3654 Quanto
274 3583 342 3645 vim
356 3585 478 3648 nostrae
500 3587 707 3650 auctoritatis
728 3587 887 3652 humilius

87 3679 292 3740 inclinamus
325 3697 344 3742 a
375 3682 469 3744 vobis
501 3684 655 3760 precibus
689 3687 886 3764 postulando

87 3775 176 3854 quod
192 3791 326 3854 pernes
341 3778 473 3844 11111111
497 3797 673 3860 possumus
685 3800 728 3845 ex
741 3785 888 3862 plenitu-

88 3873 168 3935 dine
191 3875 374 3952 potestatis,
391 3877 484 3940 tanto
496 3881 681 3957 promptius
709 3899 767 3944 vos
794 3883 888 3947 decet

87 3987 268 4048 assurgere
282 3974 324 4034 ad
340 3975 455 4038 nostra
477 3976 685 4054 beneplacita
705 3979 887 4043 efficaciter

87 4072 320 4148 exsequenda,
339 4074 376 4134 ut
403 4073 489 4150 qnod
514 4091 650 4137 necesse
675 4078 725 4140 est
750 4079 886 4156 provide

88 4167 261 4244 cupientes
276 4169 456 4232 1113111011
469 4171 562 4233 vobis
582 4175 736 4236 meritum
752 4191 887 4254 compa-

941 857 978 919 in
992 857 1133 920 ecclesia
1146 859 1328 920 memorata
1342 859 1400 919 illa
1410 859 1462 919 vel
1478 858 1544 920 alia
1560 859 1736 936 praebenda

941 971 1008 1016 non
1033 956 1131 1018 vacat
1153 955 1194 1016 11
1216 970 1374 1032 praesens,
1406 957 1511 1034 primo
1539 958 1734 1020 vacaturam

943 1055 1065 1116 nostrae
1091 1053 1263 1118 donationi
1289 1055 1455 1116 reservari
1477 1054 1736 1132 1111111111-

942 1168 1033 1214 sonae
1066 1152 1196 1214 idoneae
1231 1151 1483 1225 conferendam,
1522 1153 1738 1216 decernentes

942 1247 1074 1310 irritum
1086 1248 1120 1310 et
1130 1248 1231 1309 inane
1241 1248 1271 1310 si
1285 1247 1363 1325 quid
1379 1248 1419 1309 de
1431 1248 1504 1325 ipsa
1520 1251 1740 1310 111113111-

941 1345 1056 1408 datum
1083 1347 1234 1408 nostrum
1260 1348 1384 1408 temere
1410 1346 1737 1409 111113111111111.

942 1443 1061 1504 Datum
1071 1443 1240 1512 Laterani,
1253 1445 1283 1506 11
1293 1459 1398 1505 nonas
1416 1443 1618 1515 novembris,
1629 1443 1740 1520 ponti-

943 1539 1062 1606 reatus
1077 1541 1182 1602 nostri
1194 1557 1282 1604 anno
1299 1541 1417 1620 primo.

1315 1764 1367 1851 LI

942 1960 993 2019 Ad
1014 1961 1154 2032 priores
1178 1959 1402 2034 1110111111
1437 1963 1569 2022 ordinis
1590 1961 1624 2022 S.
1651 1965 1737 2036 111.

1179 2059 1508 2120 Yreradtsetdbtei.

1243 2170 1339 2229 dnov.
1357 2172 1435 2230 1216.

1005 2293 1187 2359 [1111181111
1200 2295 1361 2360 antiquitatis
1376 2301 1541 2348 monumenta
1558 2296 1678 2348 historica

1135 2375 1220 2438 dogm.
1238 2375 1346 2440 diplom.
1359 2382 1379 2426 t.
1391 2377 1411 2435 l,
1424 2391 1451 2440 p.
1466 2376 1532 2440 161]

943 2518 1073 2576 &soum
1086 2515 1219 2576 omuibus
1233 2515 1316 2576 bonis
1330 2517 1383 2576 sub
1397 2517 1659 2591 apostolicaesedis
1672 2534 1736 2594 pro·

977 2606 1101 2664 tectione
1113 2607 1242 2681 suscipit,
1255 2597 1463 2679 possessiones,
1479 2607 1606 2666 decimas
1619 2609 1660 2666 eis
1673 2624 1739 2666 oon·

978 2695 1082 2764 firmat,
1106 2694 1273 2769 eisdemque
1304 2694 1433 2770 indulget
1458 2695 1494 2756 sd
1523 2697 1739 2772 temperandam

977 2785 1171 2842 austeritatem
1188 2800 1303 2858 semper
1318 2784 1402 2842 nudis
1428 2785 1547 2858 pedibus
1563 2786 1736 2856 ambulandi,

978 2881 1035 2932 uta
1053 2873 1123 2931 testo
1135 2875 1164 2932 S.
1176 2875 1290 2932 Martini
1309 2873 1344 2932 ed
1360 2872 1500 2932 kalendas
1516 2876 1613 2948 aprilis
1628 2876 1739 2934 clericis

977 2976 1076 3020 eorum
1087 2963 1171 3020 liceat
1183 2963 1378 3022 calceamenta
1393 2971 1517 3037 portare.

981 3098 1149 3160 Honorius
1161 3099 1472 3177 episcopusservus
1482 3115 1655 3162 servorum
1664 3103 1734 3174 Dei,

942 3195 1072 3258 dilectis
1095 3197 1174 3257 liliis
1197 3196 1364 3274 prioribus
1386 3199 1594 3276 prioratuum
1609 3198 1736 3260 ordinis

944 3295 975 3356 S.
998 3295 1175 3370 Augustini
1189 3295 1356 3358 Yrevallis
1372 3297 1405 3358 et
1419 3296 1524 3368 nbiei,
1542 3297 1683 3360 salutem
1705 3299 1738 3360 et

942 3393 1157 3470 apostolicam
1171 3392 1447 3455 benedictionem.

980 3490 1153 3552 avolantis
1177 3490 1212 3551 in
1232 3491 1444 3554 solitudinem
1463 3491 1623 3554 columbae
1646 3491 1738 3554 desi-

941 3585 1070 3648 derium
1083 3588 1241 3660 aemulati,
1257 3589 1371 3650 mundi
1386 3605 1446 3650 vos
1459 3588 1735 3651 delectationibus

941 3684 1156 3758 subduxistis,
1171 3685 1207 3747 ut
1230 3685 1334 3746 libere
1356 3687 1471 3748 sedere
1490 3687 1625 3763 possitis
1646 3688 1736 3748 cirea

941 3780 1041 3858 pedes
1061 3781 1191 3842 Domini
1215 3783 1429 3850 0111111111,
1452 3783 1622 3844 attenditis
1646 3784 1735 3844 enim

941 3877 1081 3954 gloriam
1096 3893 1326 3955 supernorum,
1343 3880 1376 3940 et
1386 3895 1445 3955 pro
1457 3880 1596 3956 utroque
1608 3879 1735 3956 irriguo

941 3971 1150 4050 deplorantes
1166 3972 1347 4034 incolatum
1362 3976 1508 4035 vestrum
1530 3975 1733 4052 prolongari,

941 4069 1065 4132 diutins
1088 4070 1274 4148 suspiratis.
1304 4073 1391 4134 Sane
1417 4072 1575 4150 optimam
1604 4074 1734 4150 partem

941 4168 1100 4244 elegistis,
1117 4169 1174 4246 qui
1188 4168 1325 4230 calcatis
1347 4169 1474 4232 divitiis
1498 4170 1532 4232 et
1552 4170 1736 4232 bonoribus

89 4266 183 4335 retis,
199 4266 365 4328 reddendo
389 4284 449 4330 nos
465 4270 585 4332 exinde
606 4271 700 4333 vohis
723 4275 756 4335 ei
779 4275 888 4336 eccle.
940 4265 1039 4343 ltuJ'us
1054 4267 1180 4340 mundi,
1197 4266 1317 4346 abjecti
1332 4267 1412 4330 estis
1429 4268 1465 4328 in
1481 4267 1577 4329 domo
1591 4268 1733 4330 Domini.

88 4363 148 4425 siae
172 4365 293 4425 vestrae
315 4363 515 4428 favorabiles
546 4367 579 4429 et
603 4368 775 4446 benignos.
801 4373 886 4433 ilino
980 4364 1049 4424 Nos
1068 4363 1179 4428 autem
1198 4363 1290 4442 pium
1308 4367 1456 4426 vestrum
1474 4365 1681 4444 propositum
1700 4365 1736 4426 in

90 4463 140 4522 est
165 4461 254 4538 quod
271 4463 523 4526 universitatem
546 4466 692 4527 vestram
705 4469 886 4544 rogandam
941 4461 1079 4522 Domino
1103 4461 1336 4538 approbantes.
1361 4478 1522 4539 personas
1546 4465 1674 4524 vestras
1703 4462 1736 4524 et

89 4557 247 4620 duximus
262 4560 295 4622 et
306 4560 504 4622 monendam
517 4577 576 4639 per
591 4564 782 4640 Apostolica
793 4567 886 4628 vobis
940 4556 1060 4630 locum,
1081 4558 1195 4636 inquo
1211 4558 1324 4619 divino
1337 4560 1417 4619 estis
1433 4557 1591 4636 obsequio
1607 4561 1736 4620 manci-

89 4657 215 4734 scripta
230 4657 343 4720 stricte
364 4658 589 4736 praeoipiendo
601 4661 796 4726 mandantes
809 4681 887 4741 qua·
940 4655 1020 4732 pati,
1039 4672 1114 4716 cum
1137 4656 1288 4718 omnibus
1309 4655 1561 4734 h011182q11aei11
1583 4672 1735 4733 11161611·

89 4755 186 4816 teuus
209 4755 330 4818 dilecto
356 4755 426 4818 iilio
451 4760 490 4818 Α.
515 4757 639 4820 clerieo
664 4760 742 4822 nato
765 4761 885 4824 nobilis
940 4751 1735 4830 tiarumrationabiliterpossidetisetint'uturum

90 4851 154 4913 viri
181 4851 324 4914 andreae
349 4853 475 4914 miliari
501 4853 584 4924 civis
610 4857 762 4929 Romani,
790 4861 886 4936 cujus
936 4851 1037 4928 iustis
1067 4850 1184 4923 modis,
1208 4851 1385 4929 praestante
1409 4851 1559 4922 nomino,
1586 4851 1736 4928 poteritis

91 4947 187 5010 iidem
209 4949 243 5010 et
256 4949 465 5012 devotionem
491 4951 527 5012 in
552 4952 664 5014 multis
690 4971 885 5018 1111111-
940 4948 1092 5026 adipisci,
1101 4947 1161 5010 sub
1173 4947 1372 5025 spostolicae
1388 4948 1483 5010 Sedis
1496 4949 1528 5010 et
1538 4950 1651 5010 nostra
1663 4965 1738 5026 pro-

91 5047 174 5122 perti
187 5045 374 5124 disciplinis
389 5048 597 5111 scholasticis
609 5051 788 5124 insistenti,
806 5070 887 5131 prae-
939 5046 1084 5108 tectione
1110 5045 1319 5122 suscipimus.
1346 5046 1579 5109 possessiones
1605 5063 1736 5125 quoque

90 5141 230 5206 hebdam
246 5160 344 5221 quam
358 5145 528 5210 lohannes
544 5147 701 5224 Stephani
720 5149 757 5218 in
778 5152 887 5214 eccle-
940 5159 1023 5222 quas
1042 5143 1129 5203 inira
1145 5143 1304 5206 statutum
1324 5159 1343 5206 a
1361 5142 1457 5204 nobis
1475 5144 1654 5205 terminum
1679 5161 1738 5208 ac-

92 5240 141 5302 sia
167 5243 279 5304 vestra
302 5244 451 5306 noscitur
477 5244 643 5317 habuisse,
661 5245 702 5308 ob
726 5263 886 5312 reveren·
940 5239 1737 5320 111111011111111111111111111-

91 5337 170 5400 tiam
181 5341 380 5418 spostolicae
392 5341 486 5404 Sedis
500 5342 532 5405 11
544 5343 691 5405 nostrum
704 5344 887 5410 liberaliter
939 5338 1738 5418 1111111181011811160016111611361161116,111118

94 5437 281 5510 conseratis,
315 5453 431 5515 preces
459 5439 493 5501 11
517 5440 708 5514 mandatum
735 5445 885 5508 nostrum
939 5437 1083 5514 propriis
1114 5435 1282 5510 manibus,
1315 5437 1374 5498 aut
1402 5436 1587 5512 sumptibus
1611 5438 1736 5512 0011118,

93 5534 202 5597 taliter
227 5535 408 5612 impleturi,
439 5537 525 5614 quod
552 5538 671 5599 vestras
700 5539 884 5604 devotionis
940 5534 1027 5595 sicut
1067 5551 1087 5596 a
1130 5535 1350 5613 quadraginta
1399 5534 1497 5594 annis
1544 5535 1739 5612 possedistis

95 5629 245 5694 allectum
260 5633 425 5710 possimus
440 5633 560 5694 exinde
575 5635 693 5696 merito
715 5651 885 5702 commen.
940 5633 1100 5693 canonice
1115 5633 1147 5694 11
1162 5632 1284 5711 quote,
1297 5631 1391 5693 vobis
1406 5633 1439 5694 et
1456 5632 1607 5710 personis
1620 5637 1739 5695 vestrae

96 5729 183 5804 dare,
198 5731 712 5812 1011111011111111011111111
737 5750 796 5812 pro
812 5736 884 5800 loco
940 5729 1498 5806 11111111,1101011111111111111101
1506 5729 1741 5792 confirmamus
