3986 6304
238 339 295 401 rer
853 323 1028 398 uouoau
1050 335 1094 397 111
1116 337 1264 401 ornan.
1826 343 1880 405 ros

239 496 302 560 bus
321 513 363 560 ex
380 495 576 559 testamento
595 493 825 558 decedentium
845 494 1036 573 relinquun-
1089 495 1163 558 lans
1187 497 1314 560 anobis
1340 499 1409 561 suis
1435 499 1555 564 litteris
1576 515 1636 578 peu
1663 499 1827 574 eumdem,
1848 505 1886 566 ut

237 597 304 672 tur,
327 608 385 656 seu
399 596 434 655 in
450 595 539 672 ipsos
563 593 683 655 tratres
707 592 822 655 contre
836 593 1034 670 Apostolicae
1090 595 1197 672 ipsum
1211 595 1404 673 reciperetis
1428 597 1463 662 in
1485 597 1682 660 canonicum
1705 599 1738 660 et
1758 599 1795 660 in
1810 597 1884 661 lra-

173 708 174 711 ’
239 693 333 757 Sedis
341 693 467 755 indulta
477 691 674 754 sententiam
682 691 1034 753 excommunicationis
1088 693 1188 771 trem3
1207 697 1302 774 cnjus
1318 696 1472 774 precibus
1486 711 1529 758 ex
1548 711 1588 759 ee
1608 711 1758 758 annuere
1776 696 1886 758 distu-

238 795 297 856 aut
319 791 487 854 interdicti
510 790 784 868 praesumpserint
809 789 1032 867 promulgare,
1089 789 1186 866 listis,
1212 794 1290 870 quia
1316 795 1565 856 concessionem
1584 793 1771 872 praebendae
1791 794 1886 856 illius

237 891 292 952 vel
311 889 448 952 decimis
467 889 617 950 laborum
639 889 678 950 de
698 888 798 950 terris
819 887 941 950 habitis
956 888 1034 949 ante
1089 889 1130 950 ad
1145 904 1203 951 vos
1218 890 1378 954 dicebatis
1396 892 1493 970 lapsu
1508 891 1666 971 temporis
1681 891 1885 955 devolutam.

238 991 422 1052 Concilium
465 987 621 1064 generale
660 1003 719 1048 seu
758 987 1034 1050 nutrimentorum
1089 987 1235 1065 Cumque
1256 1005 1357 1067 super
1383 989 1561 1052 collatione
1582 989 1770 1068 praebendae
1792 990 1888 1052 illius

238 1086 397 1164 ipsorum,
417 1085 536 1163 spretis
557 1083 756 1161 apostoncae
778 1083 871 1145 Sedis
891 1082 1033 1160 privile·
1088 1083 1175 1145 inter
1188 1101 1248 1148 vos
1269 1087 1302 1149 et
1323 1087 1549 1149 venerabilem
1574 1088 1712 1150 fratrem
1734 1089 1888 1151 nestrum

237 1184 348 1262 legiis,
374 1184 582 1260 extorquere,
598 1181 780 1244 monitione
795 1181 979 1259 praemissa,
1005 1181 1034 1242 si
1089 1183 1263 1245 carnoten.
1278 1185 1470 1263 episcopum
1487 1185 1605 1248 luisset
1616 1186 1755 1263 quaestio
1772 1187 1888 1248 susci-

239 1282 318 1343 laici
333 1281 466 1352 fuerint,
483 1280 614 1358 publice
633 1277 780 1342 candelis
795 1280 956 1352 accensio,
971 1295 1034 1341 ex·
1088 1281 1168 1353 tata,
1180 1281 1439 1358 proponentibus
1450 1282 1543 1344 vobis
1556 1283 1767 1346 donatiouem
1778 1283 1890 1361 ipsius

241 1378 549 1442 communicationis
579 1379 742 1440 sententia
768 1379 966 1457 percellatis.
999 1377 1035 1440 Si
1089 1377 1274 1455 praebendae
1289 1380 1330 1441 ad
1344 1393 1405 1442 vos
1419 1381 1545 1460 dejure
1560 1381 1726 1459 spectare;
1749 1398 1789 1443 ac
1801 1382 1892 1460 epis·

237 1477 319 1540 ‘vero
358 1476 472 1540 clerici
502 1477 568 1539 uel.
584 1477 737 1539 canonici
763 1477 934 1554 regulares
974 1491 1034 1537 seu
1089 1491 1171 1553 copo
1186 1478 1368 1550 asserente,
1385 1479 1471 1556 quod
1486 1479 1598 1540 desua
1614 1478 1828 1541 concessione
1845 1481 1890 1541 ad

240 1576 395 1638 monachi
421 1573 560 1648 luerint,
588 1575 810 1652 appellatione
838 1575 976 1646 remota,
993 1573 1034 1634 ab
1087 1571 1500 1651 praedictum'oardinalem
1515 1575 1701 1654 praebendae
1713 1579 1892 1640 concessio

241 1675 350 1736 officio
374 1675 407 1736 et
430 1673 592 1735 beneflcio
625 1673 849 1750 suspendatis,
882 1672 1034 1734 neutram
1088 1671 1285 1748 pertinebat.
1314 1672 1523 1734 Venerabilis
1549 1673 1653 1736 irater
1689 1675 1803 1737 noster
1827 1691 1892 1736 ar-

240 1772 423 1834 relaxaturi
445 1772 642 1833 sententiam
664 1771 768 1833 donec
782 1771 950 1848 praedictis
965 1770 1035 1832 ira·
1057 1827 1058 1830 ,
1089 1767 1889 1849 cuiepiscopussenonen.proposuitexauvenso,

240 1871 346 1935 tribus
374 1870 525 1947 plenarie
552 1869 778 1944 satisfaciant3
806 1869 839 1931 et
862 1869 929 1930 tam
956 1868 1034 1930 laici
1089 1867 1175 1944 quod
1188 1867 1477 1946 quumpraebenda
1492 1869 1551 1930 illa
1563 1883 1755 1946 perannum
1768 1871 1895 1932 etam-

240 1983 339 2048 quam
354 1967 467 2030 clerici
480 1968 657 2030 saeculares
670 1968 727 2046 qui
739 1983 798 2044 pro
810 1967 956 2029 uiolenta
968 1983 1036 2028 ma·
1056 2047 1057 2050 ¹
1087 1964 1175 2042 plius
1186 1967 1257 2043 jam
1269 1966 1431 2039 vacasset,
1445 1967 1591 2043 potestas
1604 1967 1795 2029 conserendi
1810 1981 1892 2030 earn

240 2083 343 2128 nuum
352 2067 532 2144 injectione
540 2065 761 2128 anathematis
769 2063 1057 2126 vinculoiuerint‘
1088 2060 1129 2124 ad
1155 2061 1265 2140 ipsum
1291 2063 1400 2126 iuerat
1435 2065 1616 2126 secundum
1649 2065 1893 2128 Lateranensis

240 2163 1032 2242 innodati,quumdioecesaniepiscopilitterisad
1088 2161 1210 2223 statuta
1234 2161 1368 2224 concilii
1397 2161 1563 2224 devoluta.
1591 2163 1686 2224 Unde
1707 2163 1776 2225 tarn
1795 2163 1892 2226 idem

241 2262 358 2324 sedern
386 2261 608 2338 apostolicam
633 2261 820 2334 venientes,
850 2260 892 2322 ab
918 2261 1033 2322 eodem
1088 2259 1359 2337 archiepiscopus
1374 2275 1434 2337 pro
1449 2261 1703 2323 conservatione
1715 2261 1802 2338 juris
1817 2263 1890 2336 sui,

238 2359 372 2422 vinculo
387 2359 578 2421 mereantur
591 2359 731 2421 absolui.
747 2358 853 2420 Villas
872 2358 982 2420 autern
998 2359 1032 2420 in
1088 2371 1187 2434 quarn
1204 2357 1379 2435 episcopus
1403 2360 1436 2419 et
1459 2357 1618 2435 praetatus
1643 2357 1804 2434 magister
1824 2377 1893 2438 pro

239 2456 453 2534 quihusbona
467 2457 700 2534 praedictorum
713 2457 854 2520 fratrum
864 2457 917 2519 uel
929 2457 1033 2519 homi·
1083 2457 1160 2532 jure
1174 2470 1332 2517 concesso
1347 2454 1512 2517 cardinali
1528 2455 1685 2533 praedicto
1700 2456 1742 2518 ad
1765 2456 1891 2520 Sedem

238 2571 317 2616 num
333 2555 738 2632 suorumperuiolentiam
751 2554 883 2618 detenta
897 2554 1031 2624 luerint,
1087 2551 1309 2630 Apostolicam
1341 2552 1560 2630 appellarunt.
1589 2555 1638 2614 Tu
1663 2569 1804 2632 quoque,
1835 2555 1891 2616 iili

240 2653 386 2730 quandiu
400 2652 446 2714 ibi
469 2653 555 2725 sunt,
570 2651 736 2714 interdicti
752 2653 925 2714 sententiae
947 2669 1031 2730 sup-
1087 2647 1222 2722 decane,
1237 2667 1310 2713 cum
1326 2649 1521 2727 quibusdam
1532 2650 1620 2724 aliia,
1639 2666 1681 2712 ne
1695 2652 1780 2713 citra
1797 2652 1892 2714 deli-

239 2751 380 2827 ponatis.
397 2750 515 2813 Datum
528 2751 695 2822 Laterani,
710 2749 809 2812 tertio
824 2749 898 2810 idus
909 2752 1033 2828 janua·
1085 2745 1267 2811 iterationis
1288 2748 1410 2810 nostrae
1432 2749 1591 2810 statutum
1605 2748 1730 2827 aliquid
1744 2749 1893 2812 ordina-

238 2847 293 2920 rii,
308 2847 517 2925 pontificatus
532 2847 638 2910 nostri
651 2863 738 2910 anno
753 2845 871 2925 primo.
1086 2846 1179 2908 retur
1197 2845 1238 2906 de
1256 2845 1433 2923 praebenda
1452 2846 1622 2922 praedicta,
1644 2847 1792 2909 nostram
1815 2863 1889 2910 an-

419 2968 423 2975 ·
1051 3011 1052 3016 1
1087 2943 1244 3005 dientianr
1255 2943 1441 3022 appellasti.
1451 2944 1520 3006 Nos
1529 2943 1719 3021 igiturdicti
1730 2947 1891 3022 magistri

1087 3041 1241 3104 meritum
1260 3041 1478 3115 attendentes,
1504 3041 1558 3104 cui
1577 3057 1678 3120 super
1702 3041 1891 3108 sufficienti

538 3103 728 3190 CXXXVI
1087 3140 1275 3203 litteratura
1291 3141 1324 3203 et
1337 3138 1484 3202 moribus
1500 3139 1679 3216 plurimum
1691 3139 1893 3206 testimonia

1087 3237 1323 3314 suffragantur,
1360 3235 1402 3298 ad
1430 3252 1546 3315 preces
1580 3237 1660 3299 dicti
1688 3238 1891 3314 cardinalis,

236 3319 289 3376 Ad
321 3319 487 3378 demum
514 3319 547 3380 θΐ
574 3319 762 3393 Capitulum
790 3318 1029 3380 Catamiti&-
1086 3351 1183 3412 quern
1208 3335 1297 3398 inter
1319 3334 1404 3396 alios
1429 3333 1550 3396 fratres
1577 3335 1709 3396 nostros
1741 3339 1892 3414 speciali

530 3431 563 3489 lt
574 3427 635 3505 jau.
657 3431 736 3488 llll.
1086 3433 1254 3510 diligimus
1269 3433 1423 3508 caritate;
1436 3431 1587 3494 volentes
1603 3432 1823 3496 nihilominus
1843 3437 1893 3500 de

271 3555 391 3620 spem„
407 3553 453 3606 lib.
465 3556 568 3621 lepis.
580 3555 635 3607 132.
647 3557 705 3607 p„
719 3557 755 3608 L,
769 3556 844 3607 pm,
858 3554 893 3607 du
905 3557 999 3622 mm,
1086 3531 1193 3592 medio
1207 3532 1354 3593 uestrum
1367 3545 1497 3592 ornnem
1514 3529 1688 3592 discordiae
1704 3532 1889 3597 materiam

483 3697 485 3702 ,
717 3701 720 3710 ¹
1086 3645 1252 3702 amovere,
1278 3644 1345 3690 non
1372 3626 1532 3689 babentes
1562 3627 1747 3704 respectum
1772 3630 1815 3690 ad
1845 3647 1893 3695 ea

235 3699 367 3757 Declarat
392 3714 424 3757 se
445 3699 627 3772 prebendam
650 3699 680 3758 iu
712 3699 833 3758 ecclesia
862 3700 1030 3759 carnotensi
1086 3743 1159 3804 (μω
1172 3728 1245 3789 acta
1261 3726 1347 3798 sunt,
1365 3741 1438 3802 Μ
1453 3723 1686 3803 fostepossent
1699 3727 1894 3793 secundum

272 3796 421 3846 vacantem
435 3791 612 3848 concessisse
623 3789 846 3864 magistralium.
856 3789 959 3848 clerlco
971 3805 1031 3848 car·

270 3873 358 3935 dinali
372 3879 402 3936 s·
422 3877 549 3936 Adriani.
1085 3824 1302 3886 subtilitatem
1321 3823 1408 3900 juris
1431 3822 1579 3884 inualida
1606 3823 1767 3900 reputari,
1794 3839 1896 3902 prae-

1084 3921 1224 3983 bendam
1252 3921 1359 3998 ipsam
1382 3919 1480 3981 tertia
1508 3918 1593 3981 lenia
1623 3920 1775 3997 proxima
1803 3927 1894 3988 ante

275 4021 454 4094 Honorius,
475 4003 549 4094 etc„
575 4022 700 4084 decano
724 4023 757 4084 ct
776 4022 920 4099 capitulo
945 4025 1028 4085 Car·
1085 4018 1299 4080 Nativitatem
1334 4016 1465 4079 Domini
1492 4017 1651 4092 magistro
1678 4018 1893 4085 contulimus

236 4117 347 4179 noten.
1085 4116 1276 4189 memorato,
1298 4115 1514 4178 decernentes
1528 4115 1660 4176 irritum
1680 4115 1713 4178 et
1730 4116 1838 4180 inane
1859 4123 1893 4183 si

278 4215 371 4276 Sicut
404 4213 544 4278 dilectus
579 4214 668 4277 iilius
709 4217 823 4279 noster
854 4219 887 4279 S.
923 4218 1047 4280 sancti,
1084 4213 1161 4292 quid
1175 4213 1215 4275 de
1228 4212 1403 4291 praebenda
1418 4213 1491 4290 ipsa
1505 4213 1540 4273 in
1561 4211 1793 4291 praejudicium
1805 4231 1895 4281 con·

236 4308 375 4372 Adriani
398 4309 557 4372 diaconus
580 4309 760 4372 cardinalis
784 4327 890 4388 nuper
903 4329 1029 4390 propo·
1084 4312 1245 4375 cessionis
1265 4313 1386 4375 nostrae
1404 4311 1477 4389 post
1492 4311 1747 4394 appellationem
1762 4313 1806 4373 ad
1821 4331 1894 4378 nos

237 4408 426 4470 suitcoram
445 4406 551 4481 nobis,
574 4407 696 4469 dudum
718 4403 867 4485 tempore
890 4410 1029 4472 Concilii
1083 4410 1230 4487 legitime
1266 4409 1497 4487 interpositam
1534 4408 1635 4470 luerit
1670 4408 1892 4477 attentatum.

235 4506 401 4582 generalis
433 4506 634 4568 uenerabilis
666 4505 770 4568 irater
802 4508 916 4570 noster
949 4509 1031 4569 Car·
1085 4509 1244 4580 Quocirca
1261 4506 1594 4570 universitatiuestrae
1615 4508 1894 4583 perApostolica

235 4605 346 4667 neten.
365 4605 539 4683 episcopus
555 4604 642 4683 apud
667 4605 785 4667 sedem
805 4603 1028 4682 apostolicam
1084 4606 1207 4684 scripta
1234 4604 1456 4682 praecipiendo
1479 4603 1685 4676 mandamus,
1716 4607 1895 4681 quatenus

236 4703 444 4772 constitutus,
458 4703 493 4764 in
512 4704 643 4781 signum
661 4702 848 4765 dilectionis
867 4704 901 4765 et
913 4703 1029 4780 gratiae
1084 4702 1207 4765 dictum
1247 4701 1442 4778 magistrum
1482 4701 1639 4778 tanquam
1682 4703 1897 4772 canonicum

237 4800 391 4876 specialis
418 4800 609 4863 conserendi
637 4801 848 4880 praebendam
874 4818 974 4863 unam
995 4801 1028 4862 in
1083 4801 1229 4863 uestrum
1248 4798 1392 4875 benigna
1417 4797 1449 4860 et
1465 4797 1614 4861 fraterna
1637 4799 1776 4861 caritate
1791 4801 1898 4867 trac-

236 4896 376 4956 ecclesia
402 4899 575 4959 carnoten.
606 4899 714 4961 eidem
740 4900 903 4962 cardinali
930 4899 1030 4961 cessit
1083 4898 1160 4960 tetis
1180 4899 1215 4958 in
1239 4897 1484 4975 omnibusque
1508 4897 1549 4958 ad
1572 4895 1785 4974 praebendam
1804 4917 1899 4977 per—

238 4995 291 5078 jus
310 4993 342 5052 et
361 4992 497 5056 tradidit
511 4995 716 5072 potestatem,
739 4997 822 5059 dans
844 4997 908 5058 sibi
929 5013 1029 5075 super
1082 4996 1189 5057 tinent
1204 4994 1267 5055 sibi
1280 4995 1451 5056 humiliter
1461 4994 1712 5072 respondentes3
1729 4995 1897 5075 alioquin

235 5089 1029 5173 hocsuastestimonialeslitterassigilloproprio
1084 5093 1213 5156 dilectis
1239 5092 1318 5153 tiliis
1347 5091 1473 5165 abbati,
1508 5091 1612 5170 priori
1641 5092 1675 5154 et
1701 5092 1896 5162 cellerario

234 5188 418 5250 roboratas.
441 5181 655 5250 Postmodum
676 5193 786 5254 autem
808 5193 897 5254 idern
919 5193 1031 5255 cardi·
1084 5197 1206 5254 sanctae
1228 5191 1402 5252 Genovelae
1427 5189 1591 5252 Parisien.
1621 5189 1736 5251 damus
1755 5195 1899 5260 nostris

234 5287 321 5348 nalis
337 5285 537 5348 certificatus
552 5303 611 5364 per
622 5287 750 5350 litteras
772 5291 918 5370 episcopi
934 5292 1029 5354 ante·
1083 5290 1203 5353 litteris
1222 5288 1256 5349 in
1273 5288 1447 5360 mandatis,
1464 5289 1501 5350 ut
1524 5288 1589 5364 ipsi
1608 5286 1783 5365 praelatum
1809 5307 1903 5356 ma-

235 5384 315 5446 dicti
330 5383 415 5461 quod
432 5383 521 5446 certa
543 5382 720 5464 praebenda
741 5387 891 5461 vacabat,
913 5391 1030 5451 aucte-
1083 5389 1222 5465 gistrum
1247 5385 1283 5447 in
1306 5385 1438 5463 plenam
1464 5385 1650 5463 praebendae
1671 5385 1778 5464 ipsius
1803 5406 1902 5466 pes-

234 5482 334 5544 ritate
361 5482 522 5543 cessionis
552 5481 657 5559 ipsius
689 5483 901 5561 praebendam
922 5487 1028 5564 ipsam
1084 5485 1266 5547 sessionem
1290 5483 1449 5546 inducant
1463 5484 1496 5545 et
1518 5483 1674 5546 tueantur
1692 5483 1897 5555 inductum.

233 5581 407 5642 vacantem
432 5579 591 5658 magistro
614 5581 690 5642 Bar.
721 5582 843 5644 clerico
870 5599 929 5645 suo
955 5584 1028 5646 viro
1084 5581 1359 5654 contradictores,
1385 5581 1414 5642 si
1431 5581 1488 5659 qui
1503 5581 1637 5655 suerint,
1654 5581 1706 5644 vel
1734 5581 1899 5653 rebelles

234 5679 347 5757 utique
360 5679 496 5756 provido
518 5677 704 5743 etdiscreto
721 5681 894 5754 concessit,
910 5683 1027 5758 postu·
1083 5697 1142 5759 per
1166 5694 1340 5743 censuram
1365 5678 1638 5752 ecclesiasticam,
1669 5678 1801 5745 sublato
1820 5701 1903 5765 ap..
