3996 6326
312 377 353 438 99
781 377 957 458 HONORII
980 375 1024 435 111
1046 375 1194 436 ophite.
1211 405 1249 420 -
1266 375 1499 438 sElttlorlES.
1887 383 1929 445 loo

309 541 486 616 paveris...
524 535 652 618 (Mettis.
679 551 748 610 sur,
777 533 841 616 19).
872 535 927 599 Sic
952 534 1109 599 dehemus
1163 535 1270 598 David
1304 534 1540 600 dehonestavit
1573 535 1721 601 radendo
1752 539 1929 604 medietatem

311 637 501 700 discernere
516 636 606 699 inter
616 634 744 714 lepram
759 635 792 697 et
806 635 944 713 lepram,
959 649 1003 696 ne
1015 651 1108 696 mor·
1162 633 1341 696 barbarum
1365 635 1526 712 ipsorum,
1557 636 1590 699 et
1621 635 1824 714 praecidendo
1844 641 1930 701 uestes

308 736 472 798 titicemus
499 735 628 797 animas
657 751 731 812 quae
759 749 827 796 non
848 734 1048 806 moriuntur,
1076 733 1109 795 et
1164 732 1326 808 usquead
1346 733 1453 794 nates.
1475 733 1653 810 integritas
1676 733 1786 798 barbae
1805 735 1842 797 ad
1859 737 1930 798 into·

308 834 516 896 vivificemus
535 834 665 895 animas
688 849 762 910 quae
778 848 845 894 non
864 831 992 904 vivunt,
1013 831 1047 893 et
1062 831 1108 892 di·
1164 830 1317 906 gritatem
1329 831 1475 894 refertur
1487 832 1566 894 uitae
1580 833 1796 896 etdoctrInae.
1810 833 1842 895 Si
1854 835 1931 912 hujus

308 947 422 994 camus
451 931 576 996 malum
597 931 732 1004 bonum,
761 933 793 994 et
817 929 941 993 bonum
969 930 1105 1002 malurn,
1162 927 1273 990 barhes
1293 945 1360 991 una
1377 929 1540 992 medietas
1557 929 1688 994 raditur
1707 931 1739 994 et
1757 932 1856 994 altera
1871 949 1933 993 con·

308 1032 469 1108 ponentes
497 1031 606 1092 lucem
631 1030 798 1103 tenebras,
821 1030 855 1092 et
877 1028 1033 1092 tenebras
1050 1027 1107 1090 lu·
1162 1027 1327 1101 seruatur,
1350 1044 1425 1090 cum
1442 1027 1600 1106 praelatns
1615 1030 1704 1092 male
1725 1030 1806 1094 sivit
1820 1033 1849 1092 et
1864 1030 1930 1092 benc

308 1145 392 1190 cem.
412 1129 447 1190 Si
462 1145 578 1190 sumus
592 1129 743 1206 pastores
764 1129 889 1202 orium,
908 1126 1027 1206 quihus
1051 1127 1106 1188 di·
1162 1125 1273 1202 docet3
1297 1125 1408 1188 restes
1422 1143 1527 1205 usque
1542 1127 1583 1189 ad
1605 1128 1700 1190 nates
1724 1129 1933 1207 producuntur,

308 1229 355 1289 cit
377 1249 384 1288 ι
410 1243 516 1302 pesce
538 1241 619 1290 ores
637 1241 751 1301 meas,
773 1225 822 1288 sic
845 1226 1003 1288 debemus
1028 1241 1107 1287 oves
1162 1239 1237 1284 oum
1257 1225 1388 1302 prelati
1402 1225 1646 1288 incontinentia
1666 1227 1843 1290 Ecclesiam
1857 1243 1934 1288 soan-

308 1341 388 1386 suas
402 1341 550 1402 pascere,
569 1325 616 1398 ut,
639 1325 795 1387 veniente
815 1325 906 1403 lupo,
927 1341 1001 1387 cum
1021 1323 1107 1386 bono
1162 1319 1317 1384 dalizant.
1340 1323 1424 1395 Quia
1448 1323 1477 1385 si
1501 1323 1660 1386 sacerdos
1679 1325 1737 1404 qui
1752 1327 1811 1388 'est
1834 1326 1931 1387 unctus

307 1424 442 1501 pastore
463 1439 624 1502 ponamus
646 1423 776 1485 animas
795 1423 927 1486 nostras
949 1439 1012 1502 pro
1032 1423 1108 1485 ori·
1161 1421 1361 1498 peccaverit,
1377 1420 1457 1485 facit
1470 1422 1666 1501 delinquere
1679 1424 1841 1502 populum.

306 1521 369 1583 hus
393 1522 529 1584 nostris.
550 1523 585 1584 Si
603 1538 718 1584 sumus
737 1523 788 1584 sal
809 1523 920 1593 terras,
946 1521 995 1584 sic
1021 1521 1107 1584 alios
1202 1521 1378 1582 Peccatum
1403 1519 1587 1584 sacerdotis
1606 1522 1665 1583 alii
1687 1523 1873 1584 damnosum
1890 1520 1932 1580 sed

307 1621 504 1683 condiamus
521 1622 644 1684 nostrae
667 1619 931 1684 conversationis
954 1621 1108 1698 exemplo
1162 1613 1226 1678 sihi
1237 1618 1463 1695 periculosum
1477 1619 1602 1682 existit.
1618 1621 1658 1682 Et
1673 1620 1702 1681 si
1713 1621 1764 1682 sal
1774 1619 1932 1688 evanuerit,

307 1721 344 1782 ut
359 1735 511 1798 saponem
526 1719 673 1782 habeant
690 1720 731 1782 de
744 1720 833 1783 salle
852 1719 1048 1792 salinarum,
1065 1735 1108 1781 ne
1161 1715 1274 1793 inquo
1289 1717 1452 1779 salieturt
1464 1716 1507 1778 ad
1522 1717 1665 1780 nihilum
1679 1718 1770 1782 salet
1791 1718 1871 1780 ultra
1885 1715 1935 1777 nisi

307 1817 394 1880 forte
408 1821 576 1897 tamquam
591 1819 642 1880 sal
660 1817 862 1881 infatuatum
884 1817 925 1879 ed
947 1817 1031 1879 nihil
1047 1831 1108 1880 va·
1162 1814 1199 1875 ut
1217 1814 1368 1877 mittatur
1385 1814 1477 1878 foras
1501 1817 1535 1880 et
1554 1817 1769 1880 conculcetur
1789 1817 1829 1878 ab
1847 1814 1935 1876 homi-

305 1915 384 1990 leat,
403 1915 469 1977 nisi
490 1919 525 1978 ut
548 1917 747 1994 projiciatur
759 1915 851 1978 foras
873 1918 907 1978 et
929 1916 1107 1978 conculce—
1161 1911 1270 1973 nibus.
1290 1914 1392 1986 Quasi
1413 1913 1555 1977 diceret:
1574 1914 1608 1976 si
1624 1915 1784 1992 praelatus
1802 1913 1937 1978 Ecclesia

304 2015 361 2076 tur
374 2014 415 2076 ab
431 2011 633 2076 hominibus.
651 2013 686 2076 Si
701 2031 816 2077 snmus
832 2031 996 2076 messores
1015 2029 1107 2095 mes·
1161 2011 1360 2088 peccaverit,
1373 2025 1394 2074 a
1406 2027 1472 2094 quo
1486 2013 1677 2075 erudieturt
1692 2015 1725 2075 et
1744 2015 1774 2076 si
1788 2010 1938 2081 erraverit,

306 2112 405 2186 sium,
435 2113 556 2190 quibus
583 2112 737 2176 dicitur:
764 2114 895 2190 Repete
919 2117 1107 2178 Dominum
1164 2123 1266 2187 aquo
1288 2111 1495 2188 corrigetur?
1508 2111 1549 2174 Et
1563 2111 1715 2174 diabolus
1738 2127 1817 2189 ergo
1838 2110 1938 2188 quiesi

304 2215 431 2272 arcessis
464 2213 505 2272 ut
528 2212 646 2276 mittat
674 2215 855 2286 operantes
885 2215 924 2274 irt
957 2227 1107 2274 messem
1161 2223 1223 2270 rex
1237 2209 1514 2282 Ammonitarnm,
1528 2209 1615 2272 idest
1627 2211 1741 2288 populi
1755 2209 1882 2281 turbidi,
1895 2221 1939 2266 sen

304 2323 408 2370 mcum
430 2307 561 2386 (marin.
584 2325 632 2384 rx,
657 2307 728 2390 38),
750 2310 799 2373 sic
818 2309 975 2372 debemus
994 2311 1109 2372 eradi·
1161 2307 1275 2384 populi
1288 2308 1454 2382 moeroris,
1472 2323 1604 2387 pueros,
1620 2308 1707 2371 idest
1717 2309 1879 2386 praelatos,
1894 2321 1939 2366 soc

305 2421 384 2468 care
406 2407 546 2481 zizania,
568 2424 610 2469 ne
630 2407 730 2470 simul
742 2409 951 2470 eradicemus
970 2409 1003 2471 et
1023 2410 1108 2472 triti·
1161 2405 1398 2482 praedicatores
1413 2406 1486 2468 ueri
1501 2406 1605 2468 Dauid
1621 2407 1781 2483 praedicto
1796 2403 1940 2468 modode·

304 2520 391 2565 curri.
427 2505 462 2566 Si
495 2506 719 2584 speculatores
753 2506 822 2570 dati
850 2523 964 2568 sumus
993 2507 1106 2572 domui
1161 2503 1327 2573 honestat,
1343 2519 1419 2566 cum
1434 2505 1577 2568 sustinet
1597 2509 1634 2566 ut
1652 2505 1784 2583 praelati
1800 2505 1879 2568 hene
1896 2501 1943 2562 do·

305 2603 421 2674 lsrael,
438 2603 512 2681 ipso
527 2604 657 2666 dicente
670 2603 712 2666 ad
728 2605 867 2683 impium
885 2608 1014 2668 :morte
1035 2621 1109 2668 mo-
1161 2603 1270 2675 ceant,
1294 2601 1353 2664 sed
1375 2605 1534 2681 procurat
1552 2603 1587 2666 ut
1602 2603 1690 2664 male
1710 2603 1837 2666 vivant.
1853 2603 1942 2664 Unum

305 2699 419 2773 rieris,
440 2699 597 2762 dehemus
618 2702 820 2763 annuntiare
844 2702 906 2776 illi,
930 2703 966 2764 nt
985 2703 1108 2766 libere-
1161 2700 1250 2762 enim
1271 2700 1345 2763 sine
1360 2700 1467 2763 altero
1477 2701 1644 2764 modicum
1656 2701 1757 2764 ualet.
1776 2701 1867 2765 Unde
1879 2713 1939 2760 cun

306 2813 380 2858 mus
401 2799 531 2860 animas
559 2799 704 2873 nostres,
730 2815 772 2860 ne
798 2799 884 2862 forte
909 2801 1105 2879 sanguinem
1161 2799 1323 2863 Dominus
1335 2799 1528 2878 loqueretur
1538 2799 1691 2862 omnihus
1705 2799 1882 2878 apostolis,
1901 2795 1941 2856 si·

309 2897 381 2974 ejus
396 2896 555 2958 Dominus
576 2898 725 2976 requirat
744 2897 786 2960 de
799 2910 900 2960 manu
920 2901 1047 2962 nostra.
1071 2901 1106 2963 Si
1161 2897 1285 2959 militer
1312 2897 1360 2961 ait
1380 2919 1389 2960 r
1417 2901 1572 2966 Quorum
1592 2901 1807 2962 remiseritis
1819 2895 1943 2974 peccato

306 2994 404 3057 nobis
418 2993 541 3057 dictum
564 2995 614 3058 est
628 2995 787 3058 uerbum=
816 2999 990 3071 Praedtcu,
1013 2999 1106 3060 truste
1160 2997 1392 3059 rcuutturrtur
1414 3000 1477 3070 ets,
1499 2998 1534 3059 ct
1554 3011 1704 3072 quorum
1726 2994 1945 3062 retinueritis,

305 3095 508 3168 opportune,
544 3095 760 3170 importune,
796 3109 924 3173 arque,
950 3099 1104 3170 cmccra,
1160 3095 1300 3158 retente
1319 3095 1401 3156 suut
1423 3091 1534 3175 (Joan.
1558 3109 1618 3168 xx,
1635 3093 1702 3176 23).
1719 3097 1830 3168 Quum
1852 3094 1945 3154 auten

306 3194 448 3265 increpo
463 3191 508 3271 (ll
523 3191 606 3254 iim.
625 3209 671 3266 iv,
690 3192 741 3272 2),
758 3193 807 3256 sic
828 3195 1005 3272 vigilemus
1019 3195 1053 3258 et
1070 3195 1105 3257 in
1161 3191 1223 3254 soli
1245 3193 1346 3255 Petro
1361 3193 1495 3256 locutus
1512 3194 1573 3266 est,
1589 3191 1675 3256 dixit
1696 3209 1704 3250 ι
1722 3195 1946 3264 Quodcumqte

307 3288 462 3350 omnibus
471 3289 674 3364 laboremus,
686 3291 723 3353 ut
734 3308 816 3370 opus
834 3290 996 3355 faciamus
1010 3309 1108 3355 euan-
1160 3293 1325 3366 itpaecris
1342 3306 1450 3367 super
1469 3289 1607 3354 terram
1626 3293 1695 3354 erit
1709 3293 1855 3369 tipaturu
1874 3290 1903 3351 ct
1919 3289 1947 3347 iu

305 3387 444 3462 gelistae,
456 3389 490 3450 et
499 3389 650 3452 nostrum
662 3389 884 3452 ministerium
894 3391 1104 3468 impleamus.
1160 3387 1948 3470 coelis,etquodcumquesotcerts...(bdatth.ru,

305 3487 333 3547 N
338 3486 419 3550 ostis
434 3503 577 3565 quoque,
593 3487 725 3561 fratres,
742 3487 829 3566 quod
851 3488 968 3550 beatus
983 3491 1034 3552 est
1047 3489 1106 3552 ille
1162 3486 1226 3566 19).
1247 3487 1287 3550 Et
1305 3486 1454 3550 addidit:
1477 3488 1524 3550 Et
1541 3489 1601 3549 tibi
1621 3489 1709 3549 dodo
1725 3493 1842 3550 oteres
1861 3483 1947 3560 requi

305 3599 422 3646 servus
449 3599 546 3663 quem
573 3601 648 3647 cum
674 3585 804 3650 venerit
832 3585 985 3649 dominus
1010 3591 1106 3666 ejus,
1160 3590 1325 3648 coeiorum
1340 3581 1437 3663 (ibid.
1454 3601 1525 3659 xvr,
1540 3583 1606 3664 ie).
1622 3585 1774 3648 Ostendit
1787 3583 1872 3665 quod
1892 3597 1950 3643 ca-

304 3682 471 3745 invenerit
486 3683 534 3746 sic
548 3682 737 3746 facientem.
1160 3683 1225 3744 teri
1253 3681 1363 3745 vorati
1387 3684 1465 3747 sunt
1489 3683 1525 3745 in
1556 3683 1684 3762 partem
1712 3680 1949 3746 sollicitudinis.

314 3817 316 3822 -
344 3784 430 3858 Ergo
459 3781 598 3859 quilibet
626 3783 785 3860 praelatus
813 3781 911 3846 debet
937 3783 1107 3846 instruere
1162 3780 1260 3842 Solus
1273 3781 1386 3843 autem
1399 3781 1517 3844 Petrus
1530 3783 1719 3859 assumptus
1734 3783 1789 3844 est
1805 3782 1841 3843 in
1858 3776 1953 3858 pleni·

305 3880 462 3955 populum
492 3879 556 3941 sibi
584 3882 798 3944 commissum
819 3879 922 3943 verbo
945 3882 1106 3944 doctrinae
1160 3877 1310 3942 tudinem
1325 3879 1513 3957 potestatis,
1527 3880 1606 3958 quia
1628 3879 1718 3942 solus
1737 3878 1952 3956 potestligare
1981 3877 1982 3968 )

304 3991 365 4054 per
386 3977 594 4053 sapientiam,
621 3978 658 4040 ut
683 3978 833 4041 doctrina
860 3979 986 4040 suasit
1010 3994 1105 4053 sana,
1162 3979 1313 4051 caeteros,
1341 3978 1397 4040 sed
1423 3993 1490 4040 non
1514 3977 1624 4056 potest
1647 3977 1747 4054 ligari
1777 3995 1798 4040 a
1821 3971 1951 4040 caeteris.
1981 3971 1982 4054 t

306 4075 349 4136 sit
365 4075 507 4150 integra,
532 4075 576 4137 sit
598 4075 672 4137 sine
690 4091 805 4138 errore
826 4076 860 4137 et
878 4075 951 4138 sine
970 4075 1105 4139 admix-
1162 4075 1246 4147 Quia
1281 4091 1456 4138 successor
1479 4075 1582 4148 Petri,
1609 4075 1782 4148 videlicet,
1813 4079 1953 4138 Summus

306 4173 399 4236 tione
411 4173 579 4246 salsitatis,
595 4173 632 4234 ut
645 4173 733 4251 quod
746 4173 852 4247 docet,
869 4173 972 4237 faciat
986 4191 1108 4237 secun·
1161 4172 1327 4246 Pontifex,
1344 4173 1567 4252 principatum
1599 4173 1769 4238 cathedrae
1803 4176 1950 4237 Romana

307 4271 385 4332 dnm
400 4271 589 4349 exemplum
611 4272 763 4348 Magistri
784 4273 858 4333 sui.
881 4275 1107 4349 semirasus
1161 4272 1319 4334 Ecclesiae
1338 4271 1486 4349 possidet
1501 4273 1535 4334 et
1548 4271 1722 4348 gubernat,
1735 4272 1795 4349 qui
1813 4270 1952 4350 plenitn-
1981 4263 1982 4354 t

306 4373 423 4446 fecere
437 4371 471 4431 et
482 4373 605 4432 docere
619 4369 703 4450 (Act.
718 4385 741 4443 1,
757 4367 801 4450 1).
816 4371 903 4432 Nam
918 4372 975 4449 qui
989 4371 1107 4434 iecerit
1161 4369 1273 4430 dinem
1286 4367 1424 4431 honoris
1438 4369 1491 4431 sui
1510 4371 1545 4432 et
1558 4369 1802 4447 amplissimam
1819 4367 1955 4446 dignita-
1981 4387 1982 4452 3

307 4468 393 4547 quod
422 4467 586 4540 docuerit,
613 4467 668 4530 hio
700 4483 842 4545 magnus
868 4469 1044 4532 vocabitur
1070 4470 1107 4532 in
1160 4467 1228 4530 tem
1247 4468 1377 4530 caeteris
1399 4467 1558 4530 Ecclesiis
1578 4483 1638 4546 per
1657 4467 1855 4530 universum
1875 4455 1982 4528 mun-i

306 4583 411 4644 regno
431 4567 612 4642 coelorum3
636 4566 715 4644 qnia
735 4582 805 4628 non
830 4567 951 4630 sufficit
969 4568 1107 4646 praelato
1162 4567 1239 4629 dum
1255 4563 1292 4628 in
1306 4567 1446 4628 Domino
1461 4565 1650 4628 constitutis
1664 4561 1839 4630 distribuit
1853 4568 1885 4628 et
1895 4564 1958 4625 dis·
1981 4623 1982 4626 ,

307 4665 431 4728 habere
444 4665 633 4742 exemplum
647 4664 725 4727 uitae
736 4665 809 4726 sine
821 4664 1105 4728 verbodoctrinae.
1161 4664 1289 4742 pensat,
1310 4663 1470 4726 ordinans
1488 4664 1523 4726 in
1537 4663 1587 4726 eis
1599 4664 1825 4743 patriarchas,
1847 4662 1956 4742 prima-

307 4764 470 4836 Qucniam
486 4780 588 4825 unum
610 4763 683 4825 sine
697 4762 805 4826 altero
825 4764 991 4825 modicum
1005 4765 1104 4839 ualet,
1161 4764 1222 4836 tes,
1235 4763 1419 4842 episcopos,
1434 4762 1581 4837 abbates,
1594 4762 1736 4842 priores,
1753 4765 1953 4840 caeterosque

308 4861 398 4939 quia,
421 4862 450 4922 si
466 4862 540 4939 qnis
561 4861 646 4923 bene
662 4862 787 4924 riserit
801 4861 833 4923 et
844 4860 929 4924 bene
944 4863 1105 4934 docuerit,
1161 4862 1330 4938 praelatos.

308 4960 455 5022 omnium
465 4959 572 5036 judex
586 4959 661 5021 erit.
677 4959 712 5020 si
728 4959 840 5021 autem
855 4959 941 5022 hene
957 4960 1107 5024 docuerit
1203 4961 1296 5022 Sicut
1318 4959 1398 5021 fecit
1420 4962 1554 5037 Moyses
1567 4961 1625 5038 qui
1645 4975 1720 5021 curn
1738 4975 1845 5022 mane
1862 4969 1959 5034 usque
1981 5015 1982 5018 ,

308 5058 341 5119 et
356 5057 443 5118 male
457 5057 591 5130 uixerit,
608 5056 756 5133 seipsum
771 5056 979 5119 condemnat.
996 5057 1031 5120 Si
1046 5074 1108 5119 an·
1161 5057 1203 5120 ad
1214 5071 1390 5135 vesperum
1400 5057 1534 5120 sederet
1550 5059 1583 5120 ct
1593 5071 1659 5119 non
1671 5061 1783 5134 posset
1793 5059 1954 5119 sustinere

306 5157 373 5218 tem
390 5155 475 5216 bene
493 5154 617 5216 vixerit
632 5155 665 5216 et
679 5155 766 5216 male
788 5154 949 5229 docuerit,
972 5157 1107 5219 instruit
1161 5155 1383 5235 frequentiam
1416 5155 1532 5233 populi
1562 5153 1723 5232 judicium
1749 5155 1982 5233 postulantis,

307 5257 411 5316 Deum
429 5253 705 5332 quemadmodum
724 5269 800 5314 enm
815 5245 934 5316 debeat
945 5255 1106 5318 condem·
1161 5254 1545 5327 tribunos,centuriones
1556 5255 1589 5315 et
1605 5254 1915 5332 quinquagenarios
1930 5251 1958 5311 in

307 5368 400 5414 nare.
418 5351 512 5414 Unde
529 5352 710 5427 Gregorius
727 5369 733 5406 :
750 5367 769 5411 c
791 5353 893 5429 Cujus
906 5353 975 5415 uita
990 5353 1106 5433 despi·
1161 5353 1283 5432 populo
1295 5351 1474 5426 ordinavit,
1490 5353 1526 5413 ut
1539 5351 1605 5430 ipsi
1620 5351 1751 5414 minora
1766 5353 1905 5428 negotia
1917 5366 1961 5412 se

307 5451 409 5524 citur,
430 5451 535 5512 restat
554 5449 590 5512 ut
611 5451 683 5528 ejus
698 5449 891 5527 praedicatio
913 5453 1107 5514 contemna—
1161 5451 1328 5515 lummodo
1336 5450 1539 5530 judicarent,
1557 5449 1598 5511 ad
1614 5465 1650 5512 se
1665 5465 1746 5512 vero
1761 5453 1894 5528 mm'ora
1909 5449 1962 5510 de·
1981 5441 1982 5444 ’

306 5546 917 5627 tur,»quiaverbunsinebonauta
931 5551 1106 5627 praelatum
1160 5550 1296 5614 ferrent.
1332 5552 1412 5622 Quae
1438 5549 1585 5628 quotidie
1613 5563 1673 5627 per
1698 5549 1961 5611 misericordiam

307 5649 387 5710 facit
405 5646 633 5708 ridiculosum.
661 5645 753 5718 Quod
777 5645 861 5708 bene
881 5647 1105 5723 sigrnflcatum
1161 5650 1221 5712 Dei
1236 5647 1388 5711 facimus.

309 5749 358 5810 cst
378 5745 513 5826 perhoc
529 5745 615 5824 quod
632 5760 694 5806 rex
706 5745 970 5809 Ammonitarum
983 5763 1105 5824 pueros
1200 5747 1381 5811 Videamus
1404 5759 1484 5822 ergo
1500 5745 1645 5826 qualiter
1664 5745 1781 5808 beatus
1802 5743 1963 5808 silvester
