4080 6316
693 427 923 488 EPlSTOLAE.
947 427 1025 488 lan.
1051 429 1090 488 ll.

64 431 127 490 785
1662 437 1721 498 1811

64 592 169 653 tatur.
186 591 279 651 llanc
293 590 405 650 autem
427 585 611 650 libertatem
627 602 694 649 non
709 586 816 650 solum
832 588 867 648 in
921 587 1130 662 accedentes,
1153 589 1187 652 et
1209 588 1368 652 babentes
1394 607 1463 670 prae
1485 593 1592 656 oculis
1613 595 1721 657 solum

65 689 259 766 supradicta
278 684 370 759 villa,
394 687 451 747 sed
472 687 572 748 etiam
596 685 750 748 omnibus
777 685 867 747 villis
921 688 1041 755 Deum,
1071 687 1249 764 inquiratis
1278 687 1319 750 de
1355 690 1474 752 studiis
1508 692 1718 768 eligentium,

65 790 101 849 et
116 785 306 848 bominibus
319 799 401 863 quos
418 784 504 846 idem
519 783 740 861 episcopusin
755 785 869 861 poste-
922 783 1018 846 modo
1045 784 1241 859 electionis,
1278 787 1311 848 et
1342 786 1440 850 electi
1473 790 1600 851 meritis
1638 791 1720 851 dili-

66 901 144 946 rum
165 886 255 962 juste
281 883 316 944 11
338 883 460 944 ducatu
486 897 559 943 meo
584 883 705 959 poterit
727 881 866 959 adipisci
921 881 1053 957 gentius
1080 883 1270 951 ueritatem,
1292 885 1325 946 et
1348 885 1376 946 si
1404 885 1599 948 electionem
1615 888 1720 965 ipsam

65 981 266 1044 condonavi.
303 983 418 1042 Testes
445 995 525 1042 uero
551 980 653 1058 hujus
680 979 867 1042 donationis
922 978 962 1040 de
1000 995 1141 1058 persona
1174 980 1295 1043 idonea
1330 983 1525 1045 inveneritis
1561 986 1721 1048 canonice

65 1096 152 1142 meac
167 1079 200 1140 bi
224 1081 311 1152 sunt,
340 1079 542 1140 castellanus
566 1081 715 1152 Yvanus,
746 1077 869 1140 castel·
923 1076 1141 1151 celebratam,
1174 1095 1248 1140 eam
1286 1081 1482 1144 auctoritate
1515 1083 1719 1160 apostolica,

65 1177 168 1240 lanus
188 1177 229 1239 de
252 1177 360 1246 Ruda,
374 1176 590 1246 Ymnuzlaus,
612 1176 813 1238 castellanus
827 1176 869 1237 10
923 1175 1053 1238 sublato
1068 1177 1301 1254 appellationis
1312 1177 1493 1252 obstaculo,
1506 1180 1720 1254 confirmetis,

66 1278 190 1350 Sirem,
220 1277 349 1349 Petrus,
379 1275 547 1354 palatinus
573 1274 771 1352 Stephanus,
788 1274 870 1335 Pin·
923 1276 955 1335 et
971 1274 1076 1336 electo
1092 1275 1223 1337 faciatis
1244 1276 1316 1338 vice
1340 1281 1455 1338 nostra
1479 1294 1597 1339 munus
1619 1278 1723 1340 bene-

65 1391 169 1436 00111
185 1374 365 1442 lohannes,
381 1373 485 1436 etalii
503 1373 632 1435 nobiles
647 1373 725 1446 mei,
743 1373 869 1435 scilicet
924 1372 1077 1434 dictionis
1092 1372 1250 1450 impendi.
1264 1374 1383 1435 Datum
1395 1377 1509 1437 Romae
1520 1376 1606 1452 apud
1624 1379 1723 1438 Sanc·

64 1472 262 1545 blilozlaus,
288 1472 421 1544 Dirsac,
448 1471 624 1545 Woicecb,
654 1471 866 1542 Haziborius,
923 1471 993 1531 tum
1002 1472 1136 1532 Petrum
1150 1471 1250 1534 tertio
1265 1472 1333 1534 kal.
1345 1473 1445 1548 junii,
1456 1487 1544 1534 anno
1559 1474 1716 1536 secundo.

66 1571 222 1642 lsizlaus,
239 1584 379 1648 quorum
404 1569 551 1630 omnium
571 1568 761 1632 testimonio
782 1567 869 1630 hanc

66 1683 179 1730 meam
206 1669 416 1730 donationem
439 1682 513 1730 meo
528 1667 638 1743 sigillo
662 1666 867 1729 confirmari.
1224 1631 1423 1718 CCLXXX

66 1769 167 1827 Anno
178 1765 220 1828 ab
232 1767 463 1828 incarnatione
474 1765 602 1826 Domini
611 1766 766 1826 blGGltll.
778 1764 868 1826 Nulli

66 1880 151 1940 ergo
166 1865 300 1926 omnino
315 1863 486 1925 bominum
499 1863 599 1926 liceat
612 1863 699 1926 banc
713 1863 869 1939 paginam

66 1963 195 2024 nostrae
205 1961 468 2024 confirmationis
477 1961 671 2038 intringere,
682 1961 734 2022 rel
744 1961 776 2022 ei
787 1975 870 2022 ausu

66 2060 250 2122 temerario
275 2061 452 2122 contraire.
470 2059 505 2120 Si
526 2059 599 2136 quis
616 2060 727 2120 autem
741 2058 804 2120 hoc
819 2060 871 2120 at-

65 2159 201 2220 tentare
213 2158 469 2236 praesumpserit,
483 2157 748 2234 indignationem
762 2156 872 2218 omni-

66 2255 214 2334 potentis
229 2255 287 2317 Dei
303 2261 335 2318 et
351 2255 522 2317 beatorum
541 2255 766 2332 apostolorum
779 2254 868 2316 Petri

963 1755 1679 1833 11110111111111111111110111.

1212 1871 1245 1927 al
1262 1871 1330 1928 maii
1348 1872 1428 1928 1218.

958 1967 1077 2032 [1101011.
1088 1967 1133 2018 lib.
1144 1967 1176 2026 ll,
1186 1967 1260 2032 epist.
1268 1967 1337 2018 1110.
1349 1969 1404 2018 llas.
1419 1969 1455 2020 La
1467 1971 1541 2022 Porta
1552 1970 1586 2022 du
1600 1969 1692 2036 rhed]

951 2064 994 2125 Ad
1008 2065 1121 2138 plenam
1140 2066 1262 2140 gratiam
1275 2081 1341 2124 cum
1357 2065 1429 2125 Sede
1441 2069 1603 2141 apostolica
1619 2069 1697 2127 illum

1263 2164 1388 2214 revocat.

964 2256 1142 2329 Honorius,
1183 2256 1262 2328 010,
1300 2255 1420 2319 1110011
1455 2256 1524 2318 tilio
1563 2257 1723 2334 magistro

67 2355 102 2415 et
118 2353 216 2414 Pauli
233 2353 414 2415 separarit
431 2353 653 2413 incursurum.
927 2351 1053 2414 Simoni
1079 2353 1120 2414 de
1148 2353 1340 2429 Longiten„
1368 2353 1571 2416 subdiacono
1597 2355 1722 2417 nostro.

110 2455 231 2512 Datum
271 2454 384 2514 Romae
421 2450 507 2528 apud
545 2453 702 2512 Sanctum
736 2452 870 2512 Petrum
965 2450 1058 2512 lllius
1073 2451 1151 2514 lieet
1169 2451 1327 2514 immeriti
1341 2450 1460 2514 vicarii
1480 2452 1649 2514 constituti
1669 2453 1724 2530 qui

68 2551 191 2627 quarto
207 2549 367 2611 kalendas
378 2548 477 2627 jonii,
490 2564 578 2610 anno
593 2547 750 2609 secundo.
926 2548 1092 2626 parcendo
1100 2565 1142 2610 ao
1150 2549 1338 2611 miserando
1348 2565 1442 2611 suam
1452 2550 1725 2627 omnipotentiam

365 2745 584 2832 ddblllx

81 2891 137 2950 Ad
150 2889 305 2950 abbatem
323 2889 443 2950 Sancti
460 2887 627 2950 Vincentia·
643 2887 676 2948 et
691 2889 859 2948 decertum

181 2987 300 3047 salicti
313 2989 525 3047 1111111111
535 2985 762 3047 8111100101.

366 3107 402 3166 30
414 3107 482 3164 maii
498 3107 576 3164 lile.

101 3224 224 3288 [lingant.
233 3222 280 3274 lib.
292 3223 321 3282 ll,
336 3221 409 3287 epist.
422 3221 559 3272 11311101.
571 3222 606 3272 La
614 3222 691 3272 Porta
700 3221 734 3273 du
744 3221 839 3287 Tlreil.]

122 3327 240 3388 blandai
254 3335 285 3387 ut
299 3325 454 3386 1111111111
465 3325 501 3384 10
515 3327 655 3386 electione
669 3327 777 3385 Arnuld
794 3327 821 3386 ln

926 2647 1071 2709 maxime
1090 2646 1291 2720 manifestat,
1310 2647 1453 2709 libenter
1467 2649 1502 2708 in
1522 2647 1725 2710 011011010-

925 2743 1015 2810 tibus
1039 2745 1162 2807 nostris
1186 2744 1452 2806 misericordiam
1479 2747 1722 2823 amplexamur,

926 2843 1081 2915 scientes
1097 2843 1291 2918 euangelica
1305 2843 1446 2905 raritate
1470 2843 1618 2915 docente,
1636 2843 1723 2920 quod

925 2939 1015 3002 beati
1031 2939 1274 3012 misericordes,
1290 2940 1446 3017 quoniam
1455 2941 1519 3017 ipsi
1531 2941 1727 3001 misericor-

926 3037 1014 3098 diam
1029 3038 1283 3115 consequentur.
1299 3040 1386 3098 Sane
1409 3038 1560 3115 quamvis
1580 3039 1725 3114 peccasti

926 3233 1133 3311 opponendo,
1150 3232 1383 3311 propterquod
1399 3236 1471 3310 ejus
1486 3233 1638 3295 meruisti
1649 3235 1726 3310 jus-

925 3330 1033 3392 titiam
1047 3331 1205 3409 experiri,
1222 3330 1301 3408 quia
1319 3332 1428 3392 tamen
1444 3331 1648 3393 intellectum
1663 3330 1724 3394 tibi

925 3428 1103 3492 vexatione
1137 3429 1318 3492 salubriter
1349 3428 1525 3502 tribuente,
1553 3428 1590 3491 11
1620 3428 1725 3492 ludas

926 3527 1157 3605 Benjaminum
1192 3527 1234 3588 ad
1268 3527 1392 3604 ioseph
1427 3527 1663 3599 introduceret,
1692 3527 1725 3588 et

69 3625 187 3687 Sancti
199 3623 363 3686 vincentii
381 3626 449 3687 et...
466 3624 592 3686 decano
615 3623 727 3686 Sancti
751 3625 871 3685 11111-
927 3623 1061 3686 exeunti
1075 3623 1257 3699 AEgyptum
1271 3623 1365 3685 ludar
1380 3623 1475 3685 lieret
1493 3623 1553 3685 tibi
1572 3622 1725 3684 sanctiti-

68 3723 175 3785 baudi
189 3723 411 3786 Silvanecten.
927 3721 1025 3794 catio,
1042 3721 1083 3782 ad
1101 3719 1286 3782 humillime
1306 3720 1526 3782 confessionis
1543 3721 1726 3782 remedium

112 3821 233 3883 Dilecti
250 3821 347 3882 tilii...
360 3819 452 3906 prior
466 3820 499 3882 et
515 3819 699 3882 conventus
711 3819 873 3897 Compen-
926 3817 1446 3896 01111111111011110111101
1459 3818 1725 3881 misericordiam

401 3417 544 3476 abbatem.

110 3527 290 3600 Honorius,
317 3528 393 3600 etc„
417 3527 547 3588 dilectis
566 3525 645 3588 tiliis
648 3569 736 3587 .......
760 3525 869 3588 abbati

69 3921 161 3982 dieu.
172 3918 364 3980 monasterii
375 3917 470 3980 nobis
483 3930 543 3996 per
553 3918 685 3980 nuntios
701 3917 734 3978 et
744 3915 872 3978 litteras
927 3919 962 3979 11
977 3917 1076 3979 corde
1089 3917 1231 3978 contrito
1246 3917 1279 3979 et
1300 3915 1475 3980 humiliato
1490 3917 1611 3994 spiritu
1638 3917 1727 3978 mul-

68 4017 244 4080 bnmiliter
267 4007 497 4095 supplicarunt
521 4017 557 4077 ut
583 4031 658 4076 cum
683 4012 779 4076 bonae
803 4029 874 4075 me-
926 4015 1085 4095 tiplicatis
1103 4013 1380 4077 intercessoribus
1392 4015 1586 4092 flagitando,
1598 4031 1727 4092 nequa-

69 4114 189 4177 moriae
204 4111 339 4175 alberto
354 4129 468 4174 eorum
485 4112 590 4175 electo
605 4112 693 4172 viam
708 4111 873 4172 universae
928 4129 1027 4191 quam
1047 4127 1127 4188 erga
1140 4114 1174 4174 te
1196 4113 1326 4174 viscera
1351 4112 1517 4190 potuimus
1535 4113 1728 4174 misericor-

70 4212 186 4275 carnis
203 4211 355 4289 ingresso
377 4211 613 4272 convenientes
628 4209 663 4270 11
679 4225 780 4271 unum
795 4209 873 4286 spi·
928 4211 991 4274 diae
1006 4211 1188 4283 continere,
1202 4210 1261 4271 sed
1273 4226 1314 4273 ne
1326 4210 1427 4272 nimis
1447 4210 1723 4273 contunderemus

69 4311 158 4372 ritus
171 4309 282 4372 Sancti
292 4307 401 4386 gratia
415 4307 581 4380 invocata,
597 4306 772 4368 Amulium
789 4309 875 4386 ejus·
928 4309 1171 4386 compunctum,
1188 4307 1221 4369 01
1232 4309 1447 4387 poenitentem
1459 4309 1728 4372 immisericordi·

70 4409 148 4470 dem
183 4406 379 4469 monasterii
413 4407 612 4468 monachum
647 4405 807 4467 canonice
841 4407 874 4468 et
927 4409 980 4470 ter
993 4407 1198 4486 puniremus,
1214 4407 1247 4468 ta
1262 4406 1296 4468 11
1309 4407 1442 4484 plenam
1465 4407 1607 4483 gratiam
1631 4407 1725 4466 Sedis

71 4505 285 4572 concorditer
309 4506 481 4582 elegerunt
513 4505 548 4566 11
577 4502 740 4575 abbatem,
771 4518 872 4582 quum
928 4504 1126 4584 apostolicae
1138 4505 1294 4567 duximus
1308 4505 1543 4575 revocandum,
1555 4505 1727 4580 sperantes

70 4603 302 4681 multipliciter
321 4603 590 4665 commendantes
609 4601 827 4662 sufficientem
842 4603 875 4664 et
929 4605 965 4665 ut
984 4603 1110 4675 Simon,
1126 4601 1219 4664 illius
1243 4600 1390 4663 Simonis
1417 4601 1573 4673 imitator,
1592 4601 1648 4678 qui
1665 4600 1728 4662 etsi

71 4704 231 4764 idoneum
250 4701 291 4764 ad
314 4700 456 4762 abbatiae
479 4700 629 4777 regimen
647 4701 872 4773 asseruerunt,
928 4701 1143 4764 conturbatus
1154 4701 1189 4762 in
1199 4698 1456 4762 exacerbatione
1467 4699 1626 4764 ceciderit
1637 4697 1728 4759 111111-

70 4800 270 4864 electionem
300 4799 405 4876 ipsius
434 4798 650 4875 dignaremur
667 4797 874 4859 auctoritate
929 4799 1015 4860 stum
1046 4799 1210 4874 negando,
1237 4796 1443 4875 postmodum
1470 4799 1582 4858 tamen
1610 4795 1729 4880 sortior

69 4898 262 4981 apostolica
280 4897 489 4968 confirmare,
516 4911 556 4958 ac
571 4899 643 4974 ejus
659 4894 828 4957 laboribus
842 4901 875 4959 et
928 4895 1128 4968 resurrexit,
1145 4897 1178 4958 et
1200 4893 1345 4972 perstitit
1366 4893 1494 4956 tirmior
1521 4894 1555 4956 in
1583 4895 1658 4966 ilde,
1689 4911 1728 4956 ac

71 4995 267 5059 monasterii
281 4995 455 5072 parcentes
468 4993 623 5071 expensis
636 4993 788 5055 eidemin
803 5009 875 5071 par·
929 4995 1103 5056 devotione
1133 4992 1331 5071 apostolicae
1360 4992 1455 5055 Sedis
1479 4995 1512 5054 et
1535 4993 1727 5055 10111111-

68 5094 161 5157 tibus
185 5093 252 5153 illis
278 5107 398 5153 munus
421 5090 608 5152 faceremus
632 5089 874 5152 benedictionis
928 5107 1089 5155 concussa
1117 5091 1239 5153 debeas
1270 5088 1424 5153 stabiliri.
1456 5093 1499 5154 Ut
1522 5093 1648 5163 autem,
1672 5091 1728 5152 ubi

70 5190 231 5268 impendi.
261 5193 384 5252 Verum
414 5205 488 5250 cum
512 5187 637 5249 nemini
664 5188 729 5250 0110
756 5205 874 5250 manus
929 5187 1110 5249 abundavit
1132 5185 1299 5258 delictum,
1319 5202 1563 5262 recognoscens
1586 5187 1727 5262 gratiam

72 5290 117 5352 sit
140 5288 321 5351 secundum
345 5286 539 5364 Apostolum
566 5285 778 5363 imponenda,
796 5287 874 5364 quia
929 5284 1115 5357 abundare,
1145 5285 1178 5346 te
1199 5285 1330 5360 gratum
1355 5285 1488 5346 studeas
1513 5283 1672 5345 exhibere
1699 5281 1728 5343 si

73 5387 271 5450 electionem
292 5387 399 5463 ipsam
425 5383 612 5446 examinari
639 5382 788 5460 plenarie
809 5401 873 5446 non
929 5383 970 5446 ad
1003 5383 1213 5460 praebendam
1242 5383 1294 5444 vel
1327 5383 1368 5444 ad
1398 5381 1488 5443 aliud
1518 5381 1727 5443 ecclesiasti-

73 5486 254 5563 potuimus,
276 5483 468 5545 discretioni
491 5484 622 5552 vestrae,
645 5481 686 5543 de
710 5499 774 5559 qua
799 5483 874 5559 ple·
930 5479 1728 5556 0111010101111011111001101111110111111

73 5598 152 5644 nam
176 5583 212 5642 11
238 5583 382 5644 Domino
408 5579 562 5641 fiduciam
589 5579 786 5653 obtinemus,
816 5596 877 5659 per
929 5595 1033 5655 regno
1048 5577 1253 5641 Franciaede
1268 5578 1430 5640 caeterote
1446 5577 1628 5654 contingat,
1645 5577 1729 5638 illud

73 5679 263 5758 apostolica
303 5679 426 5756 scripta
464 5677 677 5748 mandamus,
712 5679 875 5756 qnatenus
930 5675 1302 5756 recipiendiactcnendi
1313 5674 1452 5736 liberam
1462 5675 1520 5736 tibi
1532 5677 1730 5738 auctoritate

75 5779 116 5838 ad
162 5777 398 5840 monasterium
428 5775 620 5852 praedictum
656 5777 876 5853 personaliter
930 5775 1145 5854 praesentium
1156 5774 1367 5838 concedimus
1383 5771 1583 5837 facultatem.
1612 5774 1729 5834 Datum

926 3135 1106 3198 enormiter
1124 3135 1157 3196 10
1184 3137 1251 3196 Deo
1271 3135 1304 3197 et
1322 3135 1479 3198 Ecclesiae
1508 3134 1724 3212 pertinaciter
1838 3157 1845 3179 x
