4014 6312
79 339 139 402 loe

79 498 193 562 taliter
211 493 433 568 admittentes,
456 489 543 571 pund
566 487 654 556 idem
677 487 719 556 ad
741 491 878 556 servitia

78 597 192 660 vestra
226 595 359 658 facilius
386 590 581 663 invitentur,
611 592 644 654 et
669 590 878 654 devotionem

79 697 226 758 vestram
240 694 276 754 iu
288 693 429 754 Domino
439 689 717 754 commendemus.

119 791 240 853 Datum
252 787 409 852 Laterani
424 785 539 865 quinto
552 785 628 848 idus
650 785 730 847 mati
745 783 880 862 pontifl-

79 889 176 951 catus
189 886 295 950 nostri
309 900 398 948 anuo
411 884 531 964 primo.

373 1053 593 1152 dccxxiv

78 1209 881 1293 aacantatummouetmmaospatamsmmeae

166 1315 203 1377 tn
217 1317 327 1377 Samia
341 1316 383 1376 dc
400 1315 486 1374 Urbe
497 1315 638 1386 muscam
648 1311 791 1387 fratres.

374 1441 408 1503 l3
422 1443 491 1502 maii
505 1439 583 1502 tili.

217 1551 371 1626 [bullarium
383 1561 538 1618 Romanum,
548 1563 569 1608 t.
581 1549 624 1619 nt,
642 1573 669 1624 p.
680 1555 749 1624 eno]

77 1675 251 1736 Disssoiutio
260 1676 375 1736 unionis
384 1673 512 1734 dedomo
521 1673 615 1733 Sancti
626 1673 746 1747 Spiritus
755 1673 786 1732 in
795 1673 879 1734 saxia

116 1765 153 1824 de
179 1765 249 1824 urbe
280 1764 419 1838 ilospltnll
440 1763 690 1837 bioutlspcssulan.
709 1761 791 1822 facte
813 1778 880 1822 cunr

117 1853 320 1914 nonnullarum
341 1854 499 1928 gratiarum
519 1851 644 1928 praefetoe
657 1852 755 1912 domui
774 1852 877 1912 contir-

119 1945 257 2004 mallone.

122 2071 292 2134 Honorius
302 2070 477 2148 episcopus
490 2085 607 2134 servus
621 2086 794 2134 servorum
807 2071 879 2144 Dei,

76 2171 214 2234 dilectis
240 2169 319 2230 illlis
351 2168 483 2232 Cintbio
511 2170 671 2246 Magistro
700 2169 881 2247 Hospitalis

77 2269 215 2332 Sancte
245 2268 361 2330 Mariae
388 2268 424 2329 in
447 2268 549 2330 Saxia
573 2268 614 2328 de
635 2267 724 2330 Urbe
743 2270 881 2345 ejusque

714 329 942 396 EPISTOLAE.
967 332 1045 394 LlB.
1070 332 1095 424 1¹.

1671 344 1731 406 410

932 491 1122 568 fecerimus,
1134 493 1170 556 lu
1181 495 1601 564 aeteruatabernaculanos
1613 500 1731 568 admit·

932 591 1014 655 tant.
1028 595 1108 656 Haec
1118 592 1221 672 igitur
1229 595 1447 670 attendentes,
1463 600 1635 679 Hospitale
1653 617 1731 665 ves-

933 692 1032 764 trum,
1049 691 1135 769 quod
1150 707 1217 754 nou
1230 694 1338 757 solum
1350 711 1410 773 pro
1425 699 1549 770 nostra,
1564 699 1622 762 sed
1638 717 1730 778 proe-

933 789 1162 863 decessorum,
1187 806 1228 853 ac
1254 804 1501 868 successorum,
1528 796 1562 858 et
1588 797 1729 862 fratrum

934 888 1125 950 nostrorum
1136 887 1666 972 episcoporum,presbyterorum,
1679 897 1733 960 at-

935 1001 1000 1063 que
1019 986 1236 1049 diaconorum
1256 991 1414 1051 Romanae
1439 993 1596 1056 Ecclesiae
1616 996 1731 1057 cardi-

933 1083 1059 1146 nalium
1072 1084 1140 1146 tam
1154 1085 1318 1159 vivorum,
1334 1104 1433 1164 quam
1443 1089 1543 1152 etiam
1558 1091 1733 1156 defuncto-

933 1197 1007 1243 rum
1020 1181 1137 1256 salute,
1154 1184 1241 1263 apud
1251 1187 1405 1248 Sanctam
1420 1189 1560 1250 Mariam
1569 1190 1603 1253 in
1616 1193 1730 1266 Senia,

933 1280 1042 1342 locum
1055 1281 1169 1359 utique
1178 1282 1260 1346 satis
1271 1282 1426 1346 idoneum
1439 1286 1481 1346 ad
1494 1286 1732 1365 hospitalitatis

934 1377 1080 1441 officium
1095 1381 1317 1444 exercendum
1339 1382 1560 1462 eleemosynis
1575 1387 1731 1451 Ecclesia

935 1478 1093 1540 nomana
1106 1477 1300 1542 solemniter
1310 1480 1361 1542 est
1370 1482 1607 1556 constructum,
1618 1483 1653 1546 in
1666 1501 1734 1564 quo

934 1574 1152 1652 recipluntur,
1178 1576 1212 1639 et
1225 1576 1423 1640 reficiuntur
1440 1595 1615 1658 pauperes,
1632 1583 1665 1645 et
1678 1584 1734 1646 in-

935 1671 1033 1745 firmi,
1058 1673 1092 1736 et
1105 1673 1306 1738 amnentur
1328 1675 1396 1738 alia
1411 1692 1513 1754 opera
1528 1678 1673 1755 pietatis,
1690 1681 1732 1744 ad

934 1771 1107 1848 exemplar
1137 1771 1246 1834 felicis
1280 1774 1522 1838 recordationis
1546 1779 1733 1841 innocentii

935 1870 1036 1946 Papae
1049 1869 1305 1946 praedecessoris
1319 1872 1425 1935 nostri
1446 1873 1507 1936 sub
1521 1873 1610 1937 beati
1625 1877 1728 1950 Petri,

935 1969 968 2029 et
977 1969 1091 2030 nostra
1102 1969 1306 2045 protectione
1319 1970 1529 2048 suscipimus,
1541 1973 1574 2036 et
1583 1989 1736 2050 praesen-

935 2065 978 2127 tis
993 2065 1108 2143 scripti
1120 2066 1297 2143 privilegio
1309 2070 1561 2132 communimus.
1578 2072 1736 2135 statuen-

936 2165 985 2224 tes
1001 2165 1037 2225 ut
1061 2163 1227 2240 regularis
1241 2165 1324 2228 ordo
1339 2167 1396 2244 qui
1420 2169 1601 2232 secundum
1616 2173 1731 2244 Deum,

937 2261 969 2323 et
992 2261 1236 2325 institutionem
1260 2261 1400 2326 fratrum
1425 2265 1600 2344 hospitalis
1621 2269 1736 2332 Sancti

76 2367 243 2430 fratribus
257 2369 324 2430 tam
339 2366 569 2444 praesentibus,
582 2383 680 2444 quam
690 2365 811 2428 futuris
824 2383 881 2429 re·
938 2357 1081 2434 Spiritus
1095 2358 1217 2422 ibidem
1233 2359 1404 2424 institutus
1426 2379 1501 2425 esse
1514 2365 1732 2442 dignoscitur,

76 2466 235 2543 gularem
245 2464 348 2526 vitam
362 2463 521 2542 professis
534 2464 773 2542 inperpetuum
784 2464 881 2527 salu·
936 2455 1105 2532 pel'ptitilis
1128 2457 1332 2534 temporibus
1355 2460 1595 2526 inviolabiliter
1619 2463 1738 2528 0b801'·

76 2567 147 2626 tom
163 2565 197 2628 et
207 2562 431 2640 Apostolioam
443 2561 720 2625 benedictionem,
936 2554 1043 2616 vetur.
1058 2556 1128 2616 Hoc
1142 2555 1254 2618 tamen
1269 2557 1413 2634 adjecto,
1430 2561 1467 2622 ut
1486 2561 1521 2622 in
1537 2561 1654 2624 eadem
1673 2579 1734 2626 eft·

119 2662 215 2723 Inter
227 2675 328 2737 opera
342 2659 487 2737 pietatis,
499 2677 573 2737 quae
584 2659 766 2722 secundum
775 2663 884 2738 Apos-
937 2651 1042 2714 clesia
1055 2652 1197 2731 quatuor
1216 2669 1348 2733 semper
1359 2655 1400 2717 ad
1416 2657 1526 2718 minus
1541 2659 1608 2722 sint
1620 2660 1734 2724 clerici

76 2760 187 2822 tolum
203 2758 457 2836 promissionem
477 2757 577 2820 babet
591 2757 679 2831 vitea,
701 2775 775 2836 quae
794 2775 882 2820 nunc
937 2749 1087 2826 legulam
1115 2751 1264 2828 ejusdffln
1291 2752 1469 2830 hospitalis
1493 2756 1646 2833 professi,
1676 2759 1734 2836 (lui

77 2859 132 2919 est
155 2855 330 2933 perstaret
348 2855 480 2929 sutura,
501 2855 762 2934 hospitalitatem
785 2855 882 2919 nobis
937 2863 997 2926 pro
1012 2846 1119 2922 nouis,
1136 2850 1169 2912 ei
1183 2850 1494 2927 predecessorum,
1509 2869 1548 2916 ac
1562 2871 1738 2920 successo-

76 2953 284 3032 specialiter‚
309 2953 343 3016 et
367 2953 560 3031 frequenter
580 2953 694 3016 divina
711 2954 883 3032 Scriptura
937 2945 1041 3020 libila,
1058 2947 1091 3008 et
1113 2945 1273 3009 fratribus
1286 2950 1410 3012 nostris
1433 2951 1520 3014 vivis
1539 2953 1675 3030 pariter,
1696 2971 1737 3018 ao

77 3051 302 3124 commendat,
318 3052 430 3129 utpote
442 3068 516 3129 quae
528 3051 587 3114 illa
602 3051 714 3114 omnia
731 3067 885 3130 compro-
937 3042 1102 3106 defunctis
1117 3045 1308 3122 specialiter
1318 3046 1530 3112 obsecrantes
1542 3052 1654 3114 omnia
1667 3054 1739 3132 spi·

78 3149 211 3222 bendit,
227 3149 362 3227 propter
373 3165 447 3227 quae
458 3149 617 3212 Dominus
631 3148 665 3211 in
676 3150 801 3212 ultimae
814 3150 884 3212 dis-
938 3141 1074 3203 ritualia
1081 3141 1265 3206 liberaliter
1274 3144 1517 3219 administrent,
1528 3150 1560 3212 et
1570 3165 1671 3227 super
1680 3151 1734 3214 bis

78 3245 252 3308 cassionis
261 3247 415 3308 examine
424 3247 715 3310 remuneraturum
723 3244 881 3320 sebonos,
939 3239 1064 3302 nullius
1084 3240 1151 3302 nisi
1176 3242 1317 3304 Romani
1341 3244 1511 3306 pontificis
1537 3248 1736 3312 correctioni

80 3346 116 3405 et
128 3342 240 3404 malos
255 3341 375 3406 asserit
388 3341 593 3420 puniturum.
609 3344 688 3404 ilaec
702 3343 791 3404 enim
806 3359 885 3421 pas·
939 3337 1143 3415 subjaceant,
1158 3339 1199 3402 ad
1215 3357 1311 3418 quem
1326 3342 1455 3419 quoties
1467 3345 1652 3422 expedierit
1664 3361 1738 3410 mo-

79 3441 127 3502 cit
140 3439 341 3512 esurientes,
354 3439 505 3506 sitientes
514 3439 615 3518 potat,
632 3439 761 3517 colligit
768 3441 885 3519 bospi—
939 3437 1065 3499 uitione
1078 3439 1262 3516 praemissa,
1272 3439 1472 3504 charitativa
1481 3442 1567 3506 itata
1578 3443 1737 3509 iratribus

77 3541 143 3610 teS,
161 3537 269 3599 nudos
288 3537 397 3609 vestit,
414 3538 448 3600 ct
461 3553 529 3600 non
546 3537 653 3598 solum
669 3538 818 3600 infirmos
833 3539 886 3600 ri-
939 3534 1156 3611 proclamatio
1175 3538 1310 3614 propter
1326 3541 1441 3613 Deum,
1460 3542 1496 3602 ut
1516 3541 1588 3618 ipse
1603 3544 1736 3620 cognita

79 3636 174 3708 sitat,
187 3634 246 3696 sed
257 3650 371 3697 eorum
379 3635 414 3696 in
420 3635 691 3698 seinflrmitatem
699 3650 882 3708 assumens,
939 3632 1078 3694 veritate
1093 3632 1251 3696 decernat
1260 3635 1346 3712 quod
1357 3653 1418 3698 suo
1431 3637 1586 3714 prudenti
1596 3643 1736 3704 consilio

79 3733 327 3796 infirmantium
342 3747 456 3796 curam
471 3733 550 3810 agit,
567 3733 602 3794 in
617 3748 752 3795 carcere
768 3733 884 3810 positis
939 3729 1073 3792 duxerit
1096 3730 1347 3806 providendum.
1370 3734 1437 3810 Ipsi
1458 3737 1571 3798 autem
1593 3737 1684 3800 rictu
1704 3742 1737 3802 et

80 3831 253 3904 subvenit,
267 3829 430 3908 atquibus
445 3830 530 3892 rivis
545 3831 581 3892 in
596 3830 787 3893 infirmitate
800 3847 886 3893 com·
939 3827 1061 3890 vestitu
1080 3827 1238 3901 contenti,
1260 3845 1357 3907 quem
1381 3831 1430 3892 eis
1444 3833 1625 3896 secundum
1644 3852 1738 3898 eam-

80 3929 247 4003 municat,
264 3928 441 4007 participat
463 3929 500 3990 in
521 3928 692 4006 sepultura
707 3927 882 3991 defunctis.
940 3925 1015 3986 dem
1034 3926 1184 4002 regulam
1204 3927 1416 4006 praecipimus
1432 3930 1595 4004 exbiberi,
1613 3933 1737 3996 divinis

79 4031 151 4091 Per
174 4027 263 4088 hanc
287 4026 420 4105 quidam
441 4027 570 4103 angelis
584 4027 726 4104 receptis
741 4027 884 4105 bospitio
940 4025 1060 4086 vacent
1081 4023 1217 4098 officiis,
1245 4026 1278 4088 et
1303 4026 1478 4090 intendant
1500 4029 1737 4096 ecclesiasticis

79 4125 296 4204 placuerunt,
315 4141 415 4202 quum
429 4123 597 4186 Abrabam
612 4125 646 4187 et
660 4125 743 4188 Loth
770 4125 886 4203 bospi-
940 4122 1171 4192 sacramentis,
1185 4123 1231 4185 ita
1242 4123 1327 4201 quod
1341 4124 1382 4186 de
1396 4113 1473 4186 aliis
1489 4127 1663 4205 hospitalis
1678 4147 1740 4194 ne-

77 4224 212 4290 telitati
236 4225 395 4288 vacantes
416 4221 553 4299 angelos
583 4224 777 4287 meruerunt
805 4223 886 4286 bos-
940 4221 1039 4297 gotiis
1053 4223 1176 4298 practer
1188 4222 1436 4285 concessionem
1446 4225 1599 4302 magistri
1614 4244 1650 4290 sc
1663 4230 1740 4292 nnl-

79 4321 200 4400 pitari,
215 4337 274 4398 per
288 4337 370 4399 quos
384 4319 552 4382 Abrabam
563 4323 633 4399 jam
649 4337 753 4386 senen
765 4321 885 4384 futurae
940 4319 1071 4381 latenus
1086 4318 1319 4393 intromittant,
1334 4320 1392 4384 sed
1403 4323 1515 4384 omnia
1527 4324 1739 4403 dispositioni

80 4419 213 4484 sobolis
232 4419 486 4496 promissionem
510 4419 650 4496 accepit,
667 4420 701 4480 et
715 4419 799 4484 Lotlr
823 4418 887 4484 fuit
940 4418 1022 4490 tuac,
1045 4416 1093 4478 illi
1119 4418 1287 4494 magister,
1304 4419 1337 4482 et
1361 4435 1591 4485 successorum
1605 4424 1738 4486 tuorum

80 4517 123 4581 de
139 4515 299 4580 incendio
314 4515 465 4580 Sodomae
480 4515 652 4578 liberatus.
667 4518 739 4578 Duo
754 4532 886 4595 quoque
939 4515 993 4578 vel
1008 4530 1134 4589 eorum,
1155 4516 1212 4593 qui
1228 4532 1288 4594 per
1299 4519 1343 4589 ta,
1359 4518 1412 4580 vel
1439 4535 1499 4596 per
1512 4535 1570 4582 eos
1596 4521 1638 4582 ad
1667 4522 1739 4584 baec

81 4614 257 4692 discipuli,
265 4614 438 4692 quitesum
448 4613 779 4692 bospittocoeperunt,
789 4630 885 4692 quem
941 4613 1065 4676 fuerint
1091 4613 1258 4691 deputati,
1288 4614 1362 4676 sine
1386 4616 1668 4692 contradictione,
1699 4635 1739 4682 ac

79 4716 116 4776 in
142 4711 354 4790 expositione
370 4712 550 4790 Scripturas
574 4728 641 4774 non
660 4713 887 4786 normantia
941 4711 1204 4774 murmuratione
1217 4711 1417 4789 relinquant.

81 4811 184 4890 panis
200 4809 363 4874 fractione
377 4812 552 4872 noverunt
574 4813 639 4873 Per
659 4811 745 4874 banc
764 4827 885 4889 super·
982 4811 1143 4873 Caeterum
1158 4825 1233 4872 cum
1248 4810 1405 4873 unionem
1425 4811 1573 4889 ejusdem
1590 4812 1742 4892 hospitu-

81 4912 154 4974 flua
170 4909 322 4982 divitum,
339 4924 412 4986 quae
437 4909 637 4984 congregata
660 4908 746 4972 forte
768 4926 887 4974 serva·
942 4907 985 4969 lis
1000 4907 1033 4970 et
1048 4907 1161 4970 Sancti
1177 4908 1320 4984 Spiritus
1335 4909 1370 4969 iu
1386 4910 1667 4988 Moutepessulan.
1680 4929 1741 4976 ro-

82 5005 692 5079 ranturadmortem,innecessitates
705 5023 887 5086 pauperum
942 5005 1009 5078 bis,
1028 5005 1062 5069 et
1082 5004 1240 5083 hospitali
1260 5007 1370 5068 vestro
1393 5005 1427 5068 in
1450 5009 1679 5086 spiritualibus
1708 5015 1741 5076 et

82 5105 272 5184 erogantur
293 5104 334 5168 ad
357 5105 472 5167 vitam.
498 5107 562 5168 Per
587 5105 674 5168 banc
696 5106 831 5170 terrem
852 5107 887 5168 in
942 5103 1215 5180 temporabilibus
1232 5104 1453 5181 perniciosam
1477 5109 1691 5184 cognovimus
1709 5111 1743 5174 et

83 5203 251 5276 coelestia,
265 5202 500 5268 ettransitoria
513 5203 548 5265 in
561 5205 686 5266 aeterna
697 5202 788 5266 felici
798 5219 890 5266 com·
943 5201 1262 5280 damnosamipsam
1270 5202 1311 5264 de
1319 5201 1457 5266 fratrum
1467 5209 1657 5270 nostrorum
1666 5225 1742 5270 con-

82 5303 214 5366 mercio
229 5300 484 5373 commutantur,
503 5300 580 5362 dum
596 5315 656 5378 per
670 5317 788 5364 manus
800 5317 887 5379 pau·
944 5299 1020 5362 silio
1035 5299 1239 5377 providimus
1254 5301 1499 5364 dissolvendam
1514 5304 1696 5368 statuentes
1705 5308 1742 5370 nt

83 5415 207 5480 perum
217 5397 481 5460 thesaurizamus
491 5398 526 5458 in
541 5399 647 5472 coelis
657 5398 714 5459 ubi
728 5415 790 5462 nec
801 5415 890 5462 aeru-
944 5413 1005 5460 nec
1025 5398 1112 5461 istud
1127 5397 1190 5471 illi,
1206 5416 1268 5462 nec
1278 5399 1360 5461 illud
1375 5401 1431 5462 isti
1451 5401 1486 5462 in
1497 5402 1609 5479 aliquo
1623 5405 1742 5466 tanea-

51 5521 57 5534 ·
84 5515 142 5574 go,
155 5513 218 5560 uec
234 5497 323 5558 tinea
338 5495 527 5565 demolitur,
539 5495 595 5558 ubi
608 5495 700 5558 fures
715 5513 782 5560 non
802 5498 888 5560 etio·
943 5497 998 5560 tur
1016 5512 1079 5558 nec
1094 5496 1187 5559 vobis
1206 5499 1238 5560 et
1260 5497 1327 5559 illis
1351 5498 1475 5575 aliquid
1502 5499 1546 5562 stt
1567 5515 1742 5564 commune

85 5595 199 5668 diunt,
220 5610 283 5656 nec
310 5592 475 5666 furantur,
503 5594 537 5656 et
562 5592 702 5657 iacimus
728 5595 823 5658 nobis
849 5595 889 5658 de
945 5593 1176 5658 nonobstante
1192 5594 1368 5673 privilegio
1392 5595 1470 5659 dicti
1487 5597 1744 5673 praedecessoris

85 5708 280 5759 mammona
294 5690 480 5770 iniquitatis
499 5691 634 5764 amicos,
652 5693 708 5771 qui
730 5709 805 5756 curn
827 5695 888 5756 de·
945 5693 1062 5767 nosbi,
1075 5695 1126 5756 vel
1142 5695 1267 5768 nostro,
1280 5694 1405 5772 siquod
1422 5711 1524 5772 super
1534 5696 1657 5758 unione
1671 5698 1744 5774 ipsa
