<?xml version="1.0" encoding="UTF-8"?>
<!DOCTYPE html PUBLIC "-//W3C//DTD XHTML 1.0 Transitional//EN"
    "http://www.w3.org/TR/xhtml1/DTD/xhtml1-transitional.dtd">
<html xmlns="http://www.w3.org/1999/xhtml" xml:lang="en" lang="en">
 <head>
  <title>
</title>
<meta http-equiv="Content-Type" content="text/html;charset=utf-8" />
  <meta name='ocr-system' content='tesseract 3.04.00' />
  <meta name='ocr-capabilities' content='ocr_page ocr_carea ocr_par ocr_line ocrx_word'/>
</head>
<body>
  <div class='ocr_page' id='page_1' title='image "./mediiaevibiblio01unkngoog_0432.png"; bbox 0 0 4058 6308; ppageno 0'>
   <div class='ocr_carea' id='block_1_1' title="bbox 760 332 1204 443">
    <p class='ocr_par' dir='ltr' id='par_1_1' title="bbox 760 332 1204 443">
     <span class='ocr_line' id='line_1_1' title="bbox 760 332 1204 443; baseline -0.016 -45"><span class='ocrx_word' id='word_1_1' title='bbox 760 335 989 398; x_wconf 83' lang='lat' dir='ltr'>EPISTOLAE.</span> <span class='ocrx_word' id='word_1_2' title='bbox 1013 332 1089 394; x_wconf 87' lang='lat' dir='ltr'>LIB.</span> <span class='ocrx_word' id='word_1_3' title='bbox 1115 333 1138 393; x_wconf 82' lang='lat'>1.</span> <span class='ocrx_word' id='word_1_4' title='bbox 1199 425 1204 443; x_wconf 26' lang='grc' dir='ltr'><strong>ἢ</strong></span> 
     </span>
    </p>
   </div>
   <div class='ocr_carea' id='block_1_2' title="bbox 445 562 607 652">
    <p class='ocr_par' dir='ltr' id='par_1_2' title="bbox 445 562 607 652">
     <span class='ocr_line' id='line_1_2' title="bbox 445 562 607 652; baseline -0.006 -2"><span class='ocrx_word' id='word_1_5' title='bbox 445 562 607 652; x_wconf 79' lang='lat' dir='ltr'>dccxv</span> 
     </span>
    </p>
   </div>
   <div class='ocr_carea' id='block_1_3' title="bbox 165 725 881 884">
    <p class='ocr_par' dir='ltr' id='par_1_3' title="bbox 165 725 881 884">
     <span class='ocr_line' id='line_1_3' title="bbox 165 725 881 800; baseline -0.007 -12"><span class='ocrx_word' id='word_1_6' title='bbox 165 727 217 789; x_wconf 82' lang='lat' dir='ltr'>Ad</span> <span class='ocrx_word' id='word_1_7' title='bbox 237 727 509 800; x_wconf 76' lang='lat' dir='ltr'><em>archiepiscopos</em></span> <span class='ocrx_word' id='word_1_8' title='bbox 525 725 559 786; x_wconf 87' lang='lat' dir='ltr'>ct</span> <span class='ocrx_word' id='word_1_9' title='bbox 586 729 761 799; x_wconf 81' lang='lat' dir='ltr'>cpiscopos</span> <span class='ocrx_word' id='word_1_10' title='bbox 778 725 881 800; x_wconf 81' lang='lat' dir='ltr'>rapui</span> 
     </span>
     <span class='ocr_line' id='line_1_4' title="bbox 404 827 635 884; baseline -0.004 0"><span class='ocrx_word' id='word_1_11' title='bbox 404 827 635 884; x_wconf 76' lang='lat' dir='ltr'><strong><em>Francorum.</em></strong></span> 
     </span>
    </p>
   </div>
   <div class='ocr_carea' id='block_1_4' title="bbox 379 955 621 1015">
    <p class='ocr_par' dir='ltr' id='par_1_4' title="bbox 379 955 621 1015">
     <span class='ocr_line' id='line_1_5' title="bbox 379 955 621 1015; baseline -0.017 0"><span class='ocrx_word' id='word_1_12' title='bbox 379 981 386 994; x_wconf 52' lang='lat'>³</span> <span class='ocrx_word' id='word_1_13' title='bbox 435 955 531 1015; x_wconf 75' lang='grc'><strong>2111111</strong></span> <span class='ocrx_word' id='word_1_14' title='bbox 542 956 621 1014; x_wconf 78' lang='lat' dir='ltr'>llll.</span> 
     </span>
    </p>
   </div>
   <div class='ocr_carea' id='block_1_5' title="bbox 126 1079 924 1226">
    <p class='ocr_par' dir='ltr' id='par_1_5' title="bbox 126 1079 924 1226">
     <span class='ocr_line' id='line_1_6' title="bbox 126 1079 924 1150; baseline -0.008 -15"><span class='ocrx_word' id='word_1_15' title='bbox 126 1082 267 1150; x_wconf 67' lang='lat' dir='ltr'>[Douqaet</span> <span class='ocrx_word' id='word_1_16' title='bbox 278 1081 381 1134; x_wconf 82' lang='lat' dir='ltr'>Recueil</span> <span class='ocrx_word' id='word_1_17' title='bbox 390 1081 436 1132; x_wconf 85' lang='lat' dir='ltr'>dos</span> <span class='ocrx_word' id='word_1_18' title='bbox 444 1081 505 1134; x_wconf 83' lang='lat' dir='ltr'>hist.</span> <span class='ocrx_word' id='word_1_19' title='bbox 521 1081 554 1132; x_wconf 87' lang='lat' dir='ltr'>de</span> <span class='ocrx_word' id='word_1_20' title='bbox 564 1081 669 1142; x_wconf 75' lang='lat' dir='ltr'>Franco,</span> <span class='ocrx_word' id='word_1_21' title='bbox 682 1085 701 1130; x_wconf 91' lang='lat' dir='ltr'>t.</span> <span class='ocrx_word' id='word_1_22' title='bbox 713 1081 780 1135; x_wconf 85' lang='lat' dir='ltr'>XIX.</span> <span class='ocrx_word' id='word_1_23' title='bbox 794 1095 820 1145; x_wconf 90' lang='lat' dir='ltr'>p.</span> <span class='ocrx_word' id='word_1_24' title='bbox 829 1079 885 1136; x_wconf 82' lang='lat' dir='ltr'>till.</span> <span class='ocrx_word' id='word_1_25' title='bbox 898 1086 924 1130; x_wconf 85' lang='lat' dir='ltr'>et</span> 
     </span>
     <span class='ocr_line' id='line_1_7' title="bbox 140 1160 914 1226; baseline -0.006 -11"><span class='ocrx_word' id='word_1_26' title='bbox 140 1163 229 1215; x_wconf 76' lang='lat' dir='ltr'>uuus.</span> <span class='ocrx_word' id='word_1_27' title='bbox 237 1170 257 1213; x_wconf 89' lang='grc'>1.</span> <span class='ocrx_word' id='word_1_28' title='bbox 270 1164 299 1221; x_wconf 83' lang='lat' dir='ltr'>u,</span> <span class='ocrx_word' id='word_1_29' title='bbox 310 1161 392 1226; x_wconf 82' lang='lat' dir='ltr'>Epist.</span> <span class='ocrx_word' id='word_1_30' title='bbox 403 1161 556 1220; x_wconf 82' lang='lat' dir='ltr'>iunocentii,</span> <span class='ocrx_word' id='word_1_31' title='bbox 565 1176 591 1226; x_wconf 89' lang='lat' dir='ltr'>p.</span> <span class='ocrx_word' id='word_1_32' title='bbox 602 1161 658 1220; x_wconf 72' lang='lat' dir='ltr'>aba,</span> <span class='ocrx_word' id='word_1_33' title='bbox 667 1160 693 1210; x_wconf 91' lang='lat' dir='ltr'>in</span> <span class='ocrx_word' id='word_1_34' title='bbox 704 1160 914 1226; x_wconf 80' lang='lat' dir='ltr'>Appendica(t).]</span> 
     </span>
    </p>
   </div>
   <div class='ocr_carea' id='block_1_6' title="bbox 125 1276 926 1784">
    <p class='ocr_par' dir='ltr' id='par_1_6' title="bbox 125 1276 926 1784">
     <span class='ocr_line' id='line_1_8' title="bbox 125 1276 924 1353; baseline -0.01 -13"><span class='ocrx_word' id='word_1_35' title='bbox 125 1283 196 1340; x_wconf 82' lang='lat' dir='ltr'>Cum</span> <span class='ocrx_word' id='word_1_36' title='bbox 214 1295 264 1353; x_wconf 86' lang='lat' dir='ltr'>per</span> <span class='ocrx_word' id='word_1_37' title='bbox 278 1277 418 1338; x_wconf 85' lang='lat' dir='ltr'>Erardum</span> <span class='ocrx_word' id='word_1_38' title='bbox 439 1278 475 1336; x_wconf 86' lang='lat' dir='ltr'>de</span> <span class='ocrx_word' id='word_1_39' title='bbox 496 1279 598 1347; x_wconf 83' lang='lat' dir='ltr'>Brenn,</span> <span class='ocrx_word' id='word_1_40' title='bbox 628 1277 675 1352; x_wconf 91' lang='lat' dir='ltr'>qui</span> <span class='ocrx_word' id='word_1_41' title='bbox 700 1285 791 1336; x_wconf 86' lang='lat' dir='ltr'>terras</span> <span class='ocrx_word' id='word_1_42' title='bbox 812 1276 924 1334; x_wconf 89' lang='lat' dir='ltr'>comitis</span> 
     </span>
     <span class='ocr_line' id='line_1_9' title="bbox 159 1367 926 1442; baseline -0.009 -13"><span class='ocrx_word' id='word_1_43' title='bbox 159 1367 926 1442; x_wconf 57' lang='grc' dir='ltr'><strong>(1111111119νὶ0111111119,111111111111111111811111-</strong></span> 
     </span>
     <span class='ocr_line' id='line_1_10' title="bbox 162 1456 923 1530; baseline -0.005 -14"><span class='ocrx_word' id='word_1_44' title='bbox 162 1467 221 1516; x_wconf 89' lang='lat' dir='ltr'>tam</span> <span class='ocrx_word' id='word_1_45' title='bbox 233 1457 370 1530; x_wconf 83' lang='lat' dir='ltr'>protectio</span> <span class='ocrx_word' id='word_1_46' title='bbox 385 1456 581 1530; x_wconf 81' lang='lat' dir='ltr'><strong>impediretur,</strong></span> <span class='ocrx_word' id='word_1_47' title='bbox 597 1457 693 1530; x_wconf 85' lang='lat' dir='ltr'>arguit</span> <span class='ocrx_word' id='word_1_48' title='bbox 702 1457 836 1529; x_wconf 73' lang='lat' dir='ltr'>prelatos</span> <span class='ocrx_word' id='word_1_49' title='bbox 848 1459 923 1514; x_wconf 90' lang='lat' dir='ltr'>Pon·</span> 
     </span>
     <span class='ocr_line' id='line_1_11' title="bbox 163 1545 925 1620; baseline -0.005 -15"><span class='ocrx_word' id='word_1_50' title='bbox 163 1547 233 1606; x_wconf 78' lang='lat' dir='ltr'>tilex</span> <span class='ocrx_word' id='word_1_51' title='bbox 248 1546 324 1620; x_wconf 92' lang='lat' dir='ltr'>quod</span> <span class='ocrx_word' id='word_1_52' title='bbox 346 1548 433 1605; x_wconf 86' lang='lat' dir='ltr'>tantis</span> <span class='ocrx_word' id='word_1_53' title='bbox 447 1562 504 1604; x_wconf 92' lang='lat' dir='ltr'>non</span> <span class='ocrx_word' id='word_1_54' title='bbox 519 1546 635 1605; x_wconf 88' lang='lat' dir='ltr'>obviam</span> <span class='ocrx_word' id='word_1_55' title='bbox 661 1546 766 1604; x_wconf 87' lang='lat' dir='ltr'>iverint</span> <span class='ocrx_word' id='word_1_56' title='bbox 783 1545 881 1615; x_wconf 84' lang='lat' dir='ltr'>malis3</span> <span class='ocrx_word' id='word_1_57' title='bbox 896 1551 925 1602; x_wconf 90' lang='lat' dir='ltr'>et</span> 
     </span>
     <span class='ocr_line' id='line_1_12' title="bbox 160 1634 922 1710; baseline -0.003 -16"><span class='ocrx_word' id='word_1_58' title='bbox 160 1636 242 1710; x_wconf 87' lang='lat' dir='ltr'>jubet</span> <span class='ocrx_word' id='word_1_59' title='bbox 263 1637 326 1693; x_wconf 89' lang='lat' dir='ltr'>illos</span> <span class='ocrx_word' id='word_1_60' title='bbox 345 1644 443 1694; x_wconf 84' lang='lat' dir='ltr'>contra</span> <span class='ocrx_word' id='word_1_61' title='bbox 458 1635 598 1694; x_wconf 80' lang='lat' dir='ltr'>Erardum</span> <span class='ocrx_word' id='word_1_62' title='bbox 614 1643 644 1694; x_wconf 87' lang='lat' dir='ltr'>et</span> <span class='ocrx_word' id='word_1_63' title='bbox 657 1634 818 1710; x_wconf 87' lang='lat' dir='ltr'>Philippam</span> <span class='ocrx_word' id='word_1_64' title='bbox 833 1649 922 1708; x_wconf 90' lang='lat' dir='ltr'>quan·</span> 
     </span>
     <span class='ocr_line' id='line_1_13' title="bbox 165 1725 772 1784; baseline -0.005 0"><span class='ocrx_word' id='word_1_65' title='bbox 165 1726 258 1784; x_wconf 84' lang='lat' dir='ltr'>tocltm</span> <span class='ocrx_word' id='word_1_66' title='bbox 273 1740 389 1783; x_wconf 89' lang='lat' dir='ltr'>movere</span> <span class='ocrx_word' id='word_1_67' title='bbox 402 1725 640 1784; x_wconf 81' lang='lat' dir='ltr'>armaltcclosioe.</span> <span class='ocrx_word' id='word_1_68' title='bbox 769 1740 772 1745; x_wconf 92' lang='lat'><em>·</em></span> 
     </span>
    </p>
   </div>
   <div class='ocr_carea' id='block_1_7' title="bbox 46 1859 930 4981">
    <p class='ocr_par' dir='ltr' id='par_1_7' title="bbox 46 1859 930 4981">
     <span class='ocr_line' id='line_1_14' title="bbox 46 1859 923 1940; baseline -0.006 -15"><span class='ocrx_word' id='word_1_69' title='bbox 46 1861 50 1868; x_wconf 88' lang='grc'><strong>’</strong></span> <span class='ocrx_word' id='word_1_70' title='bbox 170 1863 338 1924; x_wconf 88' lang='lat' dir='ltr'>Honorius</span> <span class='ocrx_word' id='word_1_71' title='bbox 348 1862 534 1940; x_wconf 89' lang='lat' dir='ltr'>episcopus,</span> <span class='ocrx_word' id='word_1_72' title='bbox 544 1877 662 1924; x_wconf 89' lang='lat' dir='ltr'>servus</span> <span class='ocrx_word' id='word_1_73' title='bbox 673 1875 844 1924; x_wconf 87' lang='lat' dir='ltr'>servorum</span> <span class='ocrx_word' id='word_1_74' title='bbox 853 1859 923 1931; x_wconf 92' lang='lat' dir='ltr'>Dei,</span> 
     </span>
     <span class='ocr_line' id='line_1_15' title="bbox 128 1959 926 2036; baseline -0.003 -14"><span class='ocrx_word' id='word_1_75' title='bbox 128 1960 416 2022; x_wconf 81' lang='lat' dir='ltr'>venerarabilibus</span> <span class='ocrx_word' id='word_1_76' title='bbox 435 1959 593 2031; x_wconf 85' lang='lat' dir='ltr'>iratribus</span> <span class='ocrx_word' id='word_1_77' title='bbox 614 1959 874 2036; x_wconf 80' lang='lat' dir='ltr'>archiepiscopis</span> <span class='ocrx_word' id='word_1_78' title='bbox 894 1959 926 2020; x_wconf 89' lang='lat' dir='ltr'>et</span> 
     </span>
     <span class='ocr_line' id='line_1_16' title="bbox 128 2055 924 2138; baseline -0.005 -18"><span class='ocrx_word' id='word_1_79' title='bbox 128 2059 297 2138; x_wconf 84' lang='lat' dir='ltr'>episcopis</span> <span class='ocrx_word' id='word_1_80' title='bbox 319 2074 380 2136; x_wconf 86' lang='lat' dir='ltr'>par</span> <span class='ocrx_word' id='word_1_81' title='bbox 393 2073 532 2135; x_wconf 89' lang='lat' dir='ltr'>regnum</span> <span class='ocrx_word' id='word_1_82' title='bbox 547 2057 698 2120; x_wconf 80' lang='lat' dir='ltr'>Franciae</span> <span class='ocrx_word' id='word_1_83' title='bbox 723 2055 924 2124; x_wconf 87' lang='lat' dir='ltr'>constitutis,</span> 
     </span>
     <span class='ocr_line' id='line_1_17' title="bbox 127 2155 831 2234; baseline -0.006 -16"><span class='ocrx_word' id='word_1_84' title='bbox 127 2157 270 2218; x_wconf 87' lang='lat' dir='ltr'>salutem</span> <span class='ocrx_word' id='word_1_85' title='bbox 283 2157 318 2219; x_wconf 88' lang='lat' dir='ltr'>et</span> <span class='ocrx_word' id='word_1_86' title='bbox 331 2157 546 2234; x_wconf 88' lang='lat' dir='ltr'>apostolicam</span> <span class='ocrx_word' id='word_1_87' title='bbox 555 2155 831 2218; x_wconf 78' lang='lat' dir='ltr'>benedictionem.</span> 
     </span>
     <span class='ocr_line' id='line_1_18' title="bbox 168 2251 926 2330; baseline -0.005 -13"><span class='ocrx_word' id='word_1_88' title='bbox 168 2255 290 2317; x_wconf 78' lang='lat' dir='ltr'>Anima</span> <span class='ocrx_word' id='word_1_89' title='bbox 302 2255 417 2317; x_wconf 88' lang='lat' dir='ltr'>nostra</span> <span class='ocrx_word' id='word_1_90' title='bbox 428 2254 561 2316; x_wconf 89' lang='lat' dir='ltr'>turbata</span> <span class='ocrx_word' id='word_1_91' title='bbox 575 2255 627 2316; x_wconf 91' lang='lat' dir='ltr'>est</span> <span class='ocrx_word' id='word_1_92' title='bbox 638 2253 746 2325; x_wconf 90' lang='lat' dir='ltr'>valde,</span> <span class='ocrx_word' id='word_1_93' title='bbox 761 2267 802 2314; x_wconf 87' lang='lat' dir='ltr'>ac</span> <span class='ocrx_word' id='word_1_94' title='bbox 812 2251 926 2330; x_wconf 89' lang='lat' dir='ltr'>imple·</span> 
     </span>
     <span class='ocr_line' id='line_1_19' title="bbox 127 2350 927 2423; baseline -0.005 -9"><span class='ocrx_word' id='word_1_95' title='bbox 127 2355 182 2414; x_wconf 84' lang='lat' dir='ltr'>tus</span> <span class='ocrx_word' id='word_1_96' title='bbox 202 2353 423 2416; x_wconf 83' lang='lat' dir='ltr'>amaritudine</span> <span class='ocrx_word' id='word_1_97' title='bbox 448 2352 565 2415; x_wconf 86' lang='lat' dir='ltr'>venter</span> <span class='ocrx_word' id='word_1_98' title='bbox 591 2353 718 2423; x_wconf 84' lang='lat' dir='ltr'>noster,</span> <span class='ocrx_word' id='word_1_99' title='bbox 747 2350 927 2414; x_wconf 88' lang='lat' dir='ltr'>conturba-</span> 
     </span>
     <span class='ocr_line' id='line_1_20' title="bbox 127 2448 926 2530; baseline -0.005 -16"><span class='ocrx_word' id='word_1_100' title='bbox 127 2453 231 2530; x_wconf 86' lang='lat' dir='ltr'>taque</span> <span class='ocrx_word' id='word_1_101' title='bbox 255 2453 331 2514; x_wconf 89' lang='lat' dir='ltr'>sunt</span> <span class='ocrx_word' id='word_1_102' title='bbox 350 2450 481 2514; x_wconf 89' lang='lat' dir='ltr'>viscera</span> <span class='ocrx_word' id='word_1_103' title='bbox 507 2451 682 2522; x_wconf 76' lang='lat' dir='ltr'>nostrast</span> <span class='ocrx_word' id='word_1_104' title='bbox 700 2448 926 2512; x_wconf 89' lang='lat' dir='ltr'>lumbinostri</span> 
     </span>
     <span class='ocr_line' id='line_1_21' title="bbox 130 2547 927 2628; baseline -0.003 -18"><span class='ocrx_word' id='word_1_105' title='bbox 130 2550 247 2612; x_wconf 89' lang='lat' dir='ltr'>dolore</span> <span class='ocrx_word' id='word_1_106' title='bbox 258 2549 388 2628; x_wconf 87' lang='lat' dir='ltr'>repleti,</span> <span class='ocrx_word' id='word_1_107' title='bbox 406 2549 562 2626; x_wconf 87' lang='lat' dir='ltr'>quoniam</span> <span class='ocrx_word' id='word_1_108' title='bbox 575 2548 636 2610; x_wconf 87' lang='lat' dir='ltr'>lilii</span> <span class='ocrx_word' id='word_1_109' title='bbox 650 2547 813 2611; x_wconf 88' lang='lat' dir='ltr'>venerunt</span> <span class='ocrx_word' id='word_1_110' title='bbox 822 2561 927 2624; x_wconf 89' lang='lat' dir='ltr'>usque</span> 
     </span>
     <span class='ocr_line' id='line_1_22' title="bbox 129 2645 927 2726; baseline -0.003 -18"><span class='ocrx_word' id='word_1_111' title='bbox 129 2648 174 2708; x_wconf 89' lang='lat' dir='ltr'>ad</span> <span class='ocrx_word' id='word_1_112' title='bbox 185 2649 329 2726; x_wconf 86' lang='lat' dir='ltr'>partum,</span> <span class='ocrx_word' id='word_1_113' title='bbox 339 2648 457 2710; x_wconf 86' lang='lat' dir='ltr'>etecca</span> <span class='ocrx_word' id='word_1_114' title='bbox 466 2647 572 2710; x_wconf 91' lang='lat' dir='ltr'>virtus</span> <span class='ocrx_word' id='word_1_115' title='bbox 582 2647 712 2709; x_wconf 90' lang='lat' dir='ltr'>videtur</span> <span class='ocrx_word' id='word_1_116' title='bbox 721 2645 863 2708; x_wconf 86' lang='lat' dir='ltr'>delicere</span> <span class='ocrx_word' id='word_1_117' title='bbox 873 2661 927 2722; x_wconf 89' lang='lat' dir='ltr'>pa-</span> 
     </span>
     <span class='ocr_line' id='line_1_23' title="bbox 127 2744 924 2819; baseline -0.006 -12"><span class='ocrx_word' id='word_1_118' title='bbox 127 2744 924 2819; x_wconf 64' lang='grc' dir='ltr'><strong>11111111,0111101611,ουί111111111111161111110111111111,</strong></span> 
     </span>
     <span class='ocr_line' id='line_1_24' title="bbox 130 2842 924 2922; baseline -0.004 -17"><span class='ocrx_word' id='word_1_119' title='bbox 130 2859 214 2921; x_wconf 88' lang='lat' dir='ltr'>ager</span> <span class='ocrx_word' id='word_1_120' title='bbox 226 2844 317 2905; x_wconf 89' lang='lat' dir='ltr'>satus</span> <span class='ocrx_word' id='word_1_121' title='bbox 332 2843 575 2906; x_wconf 76' lang='lat' dir='ltr'>exhortationis</span> <span class='ocrx_word' id='word_1_122' title='bbox 589 2842 924 2922; x_wconf 83' lang='lat' dir='ltr'>apostolioaesemine‚</span> 
     </span>
     <span class='ocr_line' id='line_1_25' title="bbox 131 2939 927 3006; baseline -0.005 -2"><span class='ocrx_word' id='word_1_123' title='bbox 131 2946 212 3006; x_wconf 86' lang='lat' dir='ltr'>aute</span> <span class='ocrx_word' id='word_1_124' title='bbox 226 2958 380 3004; x_wconf 89' lang='lat' dir='ltr'>messem.</span> <span class='ocrx_word' id='word_1_125' title='bbox 401 2942 585 3004; x_wconf 86' lang='lat' dir='ltr'>Leviathan</span> <span class='ocrx_word' id='word_1_126' title='bbox 608 2941 697 3002; x_wconf 88' lang='lat' dir='ltr'>enim</span> <span class='ocrx_word' id='word_1_127' title='bbox 712 2939 927 3002; x_wconf 85' lang='lat' dir='ltr'>sanctificatis</span> 
     </span>
     <span class='ocr_line' id='line_1_26' title="bbox 130 3037 927 3119; baseline -0.005 -17"><span class='ocrx_word' id='word_1_128' title='bbox 130 3041 275 3113; x_wconf 89' lang='lat' dir='ltr'>Domini,</span> <span class='ocrx_word' id='word_1_129' title='bbox 308 3041 365 3118; x_wconf 87' lang='lat' dir='ltr'>qui</span> <span class='ocrx_word' id='word_1_130' title='bbox 397 3055 499 3119; x_wconf 88' lang='lat' dir='ltr'>super</span> <span class='ocrx_word' id='word_1_131' title='bbox 524 3039 668 3102; x_wconf 91' lang='lat' dir='ltr'>montem</span> <span class='ocrx_word' id='word_1_132' title='bbox 708 3037 927 3115; x_wconf 85' lang='lat' dir='ltr'>caliginosum</span> 
     </span>
     <span class='ocr_line' id='line_1_27' title="bbox 129 3135 928 3215; baseline -0.004 -15"><span class='ocrx_word' id='word_1_133' title='bbox 129 3140 263 3215; x_wconf 83' lang='lat' dir='ltr'>signum</span> <span class='ocrx_word' id='word_1_134' title='bbox 278 3139 483 3210; x_wconf 87' lang='lat' dir='ltr'>levaverunt,</span> <span class='ocrx_word' id='word_1_135' title='bbox 501 3137 537 3199; x_wconf 92' lang='lat' dir='ltr'>ut</span> <span class='ocrx_word' id='word_1_136' title='bbox 546 3136 723 3198; x_wconf 90' lang='lat' dir='ltr'>redderent</span> <span class='ocrx_word' id='word_1_137' title='bbox 738 3135 884 3213; x_wconf 83' lang='lat' dir='ltr'>AEgypto</span> <span class='ocrx_word' id='word_1_138' title='bbox 895 3135 928 3197; x_wconf 90' lang='lat' dir='ltr'>et</span> 
     </span>
     <span class='ocr_line' id='line_1_28' title="bbox 130 3233 927 3314; baseline -0.008 -14"><span class='ocrx_word' id='word_1_139' title='bbox 130 3236 374 3300; x_wconf 86' lang='lat' dir='ltr'>habitatoribus</span> <span class='ocrx_word' id='word_1_140' title='bbox 387 3239 459 3314; x_wconf 84' lang='lat' dir='ltr'>ejus</span> <span class='ocrx_word' id='word_1_141' title='bbox 474 3236 599 3297; x_wconf 91' lang='lat' dir='ltr'>malum</span> <span class='ocrx_word' id='word_1_142' title='bbox 612 3234 699 3312; x_wconf 92' lang='lat' dir='ltr'>quod</span> <span class='ocrx_word' id='word_1_143' title='bbox 722 3233 873 3296; x_wconf 85' lang='lat' dir='ltr'>lecerunt</span> <span class='ocrx_word' id='word_1_144' title='bbox 893 3233 927 3294; x_wconf 94' lang='grc'>111</span> 
     </span>
     <span class='ocr_line' id='line_1_29' title="bbox 132 3332 928 3411; baseline -0.005 -15"><span class='ocrx_word' id='word_1_145' title='bbox 132 3335 254 3398; x_wconf 88' lang='lat' dir='ltr'>Sionet</span> <span class='ocrx_word' id='word_1_146' title='bbox 267 3335 476 3399; x_wconf 82' lang='lat' dir='ltr'>Hierusalem</span> <span class='ocrx_word' id='word_1_147' title='bbox 492 3332 712 3411; x_wconf 87' lang='lat' dir='ltr'>inconspectu</span> <span class='ocrx_word' id='word_1_148' title='bbox 722 3332 854 3394; x_wconf 88' lang='lat' dir='ltr'>Domini</span> <span class='ocrx_word' id='word_1_149' title='bbox 869 3332 928 3393; x_wconf 90' lang='lat' dir='ltr'>Dei</span> 
     </span>
     <span class='ocr_line' id='line_1_30' title="bbox 131 3431 928 3509; baseline -0.005 -15"><span class='ocrx_word' id='word_1_150' title='bbox 131 3434 249 3504; x_wconf 89' lang='lat' dir='ltr'>nostri,</span> <span class='ocrx_word' id='word_1_151' title='bbox 265 3432 330 3496; x_wconf 89' lang='lat' dir='ltr'>iter</span> <span class='ocrx_word' id='word_1_152' title='bbox 342 3433 469 3495; x_wconf 89' lang='lat' dir='ltr'>rectum</span> <span class='ocrx_word' id='word_1_153' title='bbox 480 3447 541 3509; x_wconf 93' lang='lat' dir='ltr'>per</span> <span class='ocrx_word' id='word_1_154' title='bbox 551 3431 732 3502; x_wconf 76' lang='lat' dir='ltr'>anfractus,</span> <span class='ocrx_word' id='word_1_155' title='bbox 743 3431 780 3492; x_wconf 91' lang='lat' dir='ltr'>ut</span> <span class='ocrx_word' id='word_1_156' title='bbox 791 3445 928 3508; x_wconf 87' lang='lat' dir='ltr'>serpens</span> 
     </span>
     <span class='ocr_line' id='line_1_31' title="bbox 130 3528 926 3603; baseline -0.005 -11"><span class='ocrx_word' id='word_1_157' title='bbox 130 3531 312 3603; x_wconf 90' lang='lat' dir='ltr'>tortuosus,</span> <span class='ocrx_word' id='word_1_158' title='bbox 328 3530 488 3602; x_wconf 77' lang='lat' dir='ltr'>distorsit,</span> <span class='ocrx_word' id='word_1_159' title='bbox 505 3531 538 3592; x_wconf 87' lang='lat' dir='ltr'>et</span> <span class='ocrx_word' id='word_1_160' title='bbox 561 3528 729 3590; x_wconf 82' lang='lat' dir='ltr'>obseravit</span> <span class='ocrx_word' id='word_1_161' title='bbox 752 3530 789 3590; x_wconf 88' lang='lat' dir='ltr'>ut</span> <span class='ocrx_word' id='word_1_162' title='bbox 811 3528 926 3600; x_wconf 89' lang='lat' dir='ltr'>vectis,</span> 
     </span>
     <span class='ocr_line' id='line_1_32' title="bbox 132 3626 927 3706; baseline -0.006 -15"><span class='ocrx_word' id='word_1_163' title='bbox 132 3645 244 3692; x_wconf 87' lang='lat' dir='ltr'>coram</span> <span class='ocrx_word' id='word_1_164' title='bbox 259 3629 309 3698; x_wconf 86' lang='lat' dir='ltr'>eis</span> <span class='ocrx_word' id='word_1_165' title='bbox 323 3644 449 3706; x_wconf 90' lang='lat' dir='ltr'>ponens</span> <span class='ocrx_word' id='word_1_166' title='bbox 464 3627 701 3690; x_wconf 85' lang='lat' dir='ltr'>offendiculum</span> <span class='ocrx_word' id='word_1_167' title='bbox 719 3641 783 3703; x_wconf 93' lang='lat' dir='ltr'>quo</span> <span class='ocrx_word' id='word_1_168' title='bbox 800 3626 927 3704; x_wconf 90' lang='lat' dir='ltr'>impin-</span> 
     </span>
     <span class='ocr_line' id='line_1_33' title="bbox 132 3723 928 3804; baseline -0.006 -15"><span class='ocrx_word' id='word_1_169' title='bbox 132 3729 214 3804; x_wconf 89' lang='lat' dir='ltr'>gant</span> <span class='ocrx_word' id='word_1_170' title='bbox 229 3728 263 3789; x_wconf 87' lang='lat' dir='ltr'>et</span> <span class='ocrx_word' id='word_1_171' title='bbox 283 3727 520 3789; x_wconf 85' lang='lat' dir='ltr'>convertantur</span> <span class='ocrx_word' id='word_1_172' title='bbox 542 3726 736 3788; x_wconf 87' lang='lat' dir='ltr'>retrorsum.</span> <span class='ocrx_word' id='word_1_173' title='bbox 762 3723 928 3788; x_wconf 82' lang='lat' dir='ltr'>Attendite</span> 
     </span>
     <span class='ocr_line' id='line_1_34' title="bbox 132 3821 926 3902; baseline -0.006 -15"><span class='ocrx_word' id='word_1_174' title='bbox 132 3821 926 3902; x_wconf 88' lang='lat' dir='ltr'>igituretvidetesisicutdolornosterestdolor,</span> 
     </span>
     <span class='ocr_line' id='line_1_35' title="bbox 132 3921 928 3999; baseline -0.008 -13"><span class='ocrx_word' id='word_1_175' title='bbox 132 3940 207 3986; x_wconf 91' lang='lat' dir='ltr'>cum</span> <span class='ocrx_word' id='word_1_176' title='bbox 230 3923 397 3986; x_wconf 83' lang='lat' dir='ltr'>exercitus</span> <span class='ocrx_word' id='word_1_177' title='bbox 421 3923 462 3984; x_wconf 91' lang='lat' dir='ltr'>ad</span> <span class='ocrx_word' id='word_1_178' title='bbox 482 3921 677 3999; x_wconf 87' lang='lat' dir='ltr'>obsequium</span> <span class='ocrx_word' id='word_1_179' title='bbox 693 3921 824 3982; x_wconf 89' lang='lat' dir='ltr'>Domini</span> <span class='ocrx_word' id='word_1_180' title='bbox 839 3934 928 3998; x_wconf 87' lang='lat' dir='ltr'>prae-</span> 
     </span>
     <span class='ocr_line' id='line_1_36' title="bbox 132 4018 928 4101; baseline -0.006 -18"><span class='ocrx_word' id='word_1_181' title='bbox 132 4021 369 4101; x_wconf 86' lang='lat' dir='ltr'>paratustanto</span> <span class='ocrx_word' id='word_1_182' title='bbox 385 4020 493 4083; x_wconf 90' lang='lat' dir='ltr'>studio</span> <span class='ocrx_word' id='word_1_183' title='bbox 506 4021 539 4084; x_wconf 88' lang='lat' dir='ltr'>et</span> <span class='ocrx_word' id='word_1_184' title='bbox 553 4019 678 4091; x_wconf 87' lang='lat' dir='ltr'>labore,</span> <span class='ocrx_word' id='word_1_185' title='bbox 691 4018 845 4097; x_wconf 87' lang='lat' dir='ltr'>passagio</span> <span class='ocrx_word' id='word_1_186' title='bbox 859 4019 928 4079; x_wconf 91' lang='lat' dir='ltr'>im·</span> 
     </span>
     <span class='ocr_line' id='line_1_37' title="bbox 131 4117 928 4198; baseline -0.006 -17"><span class='ocrx_word' id='word_1_187' title='bbox 131 4120 289 4192; x_wconf 87' lang='lat' dir='ltr'>minente,</span> <span class='ocrx_word' id='word_1_188' title='bbox 304 4119 399 4198; x_wconf 90' lang='lat' dir='ltr'>quasi</span> <span class='ocrx_word' id='word_1_189' title='bbox 420 4119 557 4196; x_wconf 87' lang='lat' dir='ltr'>ragione</span> <span class='ocrx_word' id='word_1_190' title='bbox 572 4117 760 4180; x_wconf 87' lang='lat' dir='ltr'>albescente</span> <span class='ocrx_word' id='word_1_191' title='bbox 775 4117 816 4178; x_wconf 88' lang='lat' dir='ltr'>ad</span> <span class='ocrx_word' id='word_1_192' title='bbox 835 4131 928 4177; x_wconf 87' lang='lat' dir='ltr'>mes-</span> 
     </span>
     <span class='ocr_line' id='line_1_38' title="bbox 133 4215 929 4292; baseline -0.006 -12"><span class='ocrx_word' id='word_1_193' title='bbox 133 4235 215 4292; x_wconf 89' lang='lat' dir='ltr'>sem,</span> <span class='ocrx_word' id='word_1_194' title='bbox 243 4219 366 4280; x_wconf 89' lang='lat' dir='ltr'>astutia</span> <span class='ocrx_word' id='word_1_195' title='bbox 381 4217 546 4280; x_wconf 88' lang='lat' dir='ltr'>diabolica</span> <span class='ocrx_word' id='word_1_196' title='bbox 571 4217 753 4278; x_wconf 88' lang='lat' dir='ltr'>retrorsum</span> <span class='ocrx_word' id='word_1_197' title='bbox 776 4215 929 4277; x_wconf 89' lang='lat' dir='ltr'>videatur</span> 
     </span>
     <span class='ocr_line' id='line_1_39' title="bbox 134 4312 929 4392; baseline -0.005 -14"><span class='ocrx_word' id='word_1_198' title='bbox 134 4317 295 4388; x_wconf 88' lang='lat' dir='ltr'>converti,</span> <span class='ocrx_word' id='word_1_199' title='bbox 314 4333 356 4378; x_wconf 86' lang='lat' dir='ltr'>ne</span> <span class='ocrx_word' id='word_1_200' title='bbox 380 4315 562 4378; x_wconf 87' lang='lat' dir='ltr'>ascendant</span> <span class='ocrx_word' id='word_1_201' title='bbox 579 4315 615 4376; x_wconf 91' lang='lat' dir='ltr'>in</span> <span class='ocrx_word' id='word_1_202' title='bbox 630 4314 773 4392; x_wconf 90' lang='lat' dir='ltr'>palmam</span> <span class='ocrx_word' id='word_1_203' title='bbox 786 4312 819 4375; x_wconf 89' lang='lat' dir='ltr'>et</span> <span class='ocrx_word' id='word_1_204' title='bbox 833 4312 929 4374; x_wconf 90' lang='lat' dir='ltr'>colli-</span> 
     </span>
     <span class='ocr_line' id='line_1_40' title="bbox 133 4411 930 4494; baseline -0.006 -17"><span class='ocrx_word' id='word_1_205' title='bbox 133 4417 214 4491; x_wconf 88' lang='lat' dir='ltr'>gant</span> <span class='ocrx_word' id='word_1_206' title='bbox 226 4414 453 4492; x_wconf 79' lang='lat' dir='ltr'>tructuseJ&#39;us3</span> <span class='ocrx_word' id='word_1_207' title='bbox 470 4413 622 4494; x_wconf 90' lang='lat' dir='ltr'>quodque</span> <span class='ocrx_word' id='word_1_208' title='bbox 632 4428 693 4473; x_wconf 91' lang='lat' dir='ltr'>nos</span> <span class='ocrx_word' id='word_1_209' title='bbox 703 4411 810 4488; x_wconf 90' lang='lat' dir='ltr'>magis</span> <span class='ocrx_word' id='word_1_210' title='bbox 820 4411 930 4472; x_wconf 89' lang='lat' dir='ltr'>movet</span> 
     </span>
     <span class='ocr_line' id='line_1_41' title="bbox 133 4507 929 4585; baseline -0.008 -11"><span class='ocrx_word' id='word_1_211' title='bbox 133 4507 929 4585; x_wconf 84' lang='lat' dir='ltr'>acturbat‚vosvidenteshocmalum,nonsolum</span> 
     </span>
     <span class='ocr_line' id='line_1_42' title="bbox 134 4605 926 4682; baseline -0.006 -11"><span class='ocrx_word' id='word_1_212' title='bbox 134 4627 200 4673; x_wconf 91' lang='lat' dir='ltr'>non</span> <span class='ocrx_word' id='word_1_213' title='bbox 213 4609 376 4682; x_wconf 88' lang='lat' dir='ltr'>habeatis,</span> <span class='ocrx_word' id='word_1_214' title='bbox 398 4610 483 4672; x_wconf 90' lang='lat' dir='ltr'>sicut</span> <span class='ocrx_word' id='word_1_215' title='bbox 496 4608 627 4680; x_wconf 87' lang='lat' dir='ltr'>dicitur,</span> <span class='ocrx_word' id='word_1_216' title='bbox 644 4623 687 4670; x_wconf 84' lang='lat' dir='ltr'>ex</span> <span class='ocrx_word' id='word_1_217' title='bbox 710 4607 773 4668; x_wconf 90' lang='lat' dir='ltr'>hoc</span> <span class='ocrx_word' id='word_1_218' title='bbox 791 4605 926 4678; x_wconf 90' lang='lat' dir='ltr'>luctum,</span> 
     </span>
     <span class='ocr_line' id='line_1_43' title="bbox 134 4705 929 4787; baseline -0.008 -16"><span class='ocrx_word' id='word_1_219' title='bbox 134 4711 167 4771; x_wconf 90' lang='lat' dir='ltr'>et</span> <span class='ocrx_word' id='word_1_220' title='bbox 189 4710 297 4772; x_wconf 88' lang='lat' dir='ltr'>eidem</span> <span class='ocrx_word' id='word_1_221' title='bbox 326 4723 549 4787; x_wconf 89' lang='lat' dir='ltr'>nequaquam,</span> <span class='ocrx_word' id='word_1_222' title='bbox 579 4707 678 4786; x_wconf 87' lang='lat' dir='ltr'>prout</span> <span class='ocrx_word' id='word_1_223' title='bbox 709 4705 751 4767; x_wconf 89' lang='lat' dir='ltr'>ad</span> <span class='ocrx_word' id='word_1_224' title='bbox 782 4705 929 4766; x_wconf 89' lang='lat' dir='ltr'>vestrum</span> 
     </span>
     <span class='ocr_line' id='line_1_44' title="bbox 135 4803 927 4884; baseline -0.006 -16"><span class='ocrx_word' id='word_1_225' title='bbox 135 4807 281 4868; x_wconf 79' lang='lat' dir='ltr'>elicium</span> <span class='ocrx_word' id='word_1_226' title='bbox 310 4806 463 4884; x_wconf 85' lang='lat' dir='ltr'>pertinet,</span> <span class='ocrx_word' id='word_1_227' title='bbox 494 4805 645 4877; x_wconf 86' lang='lat' dir='ltr'>obvietis,</span> <span class='ocrx_word' id='word_1_228' title='bbox 676 4803 927 4874; x_wconf 86' lang='lat' dir='ltr'>verumetiam,</span> 
     </span>
     <span class='ocr_line' id='line_1_45' title="bbox 136 4899 930 4981; baseline -0.005 -16"><span class='ocrx_word' id='word_1_229' title='bbox 136 4906 222 4968; x_wconf 89' lang='lat' dir='ltr'>sicut</span> <span class='ocrx_word' id='word_1_230' title='bbox 258 4904 467 4981; x_wconf 87' lang='lat' dir='ltr'>accepimus,</span> <span class='ocrx_word' id='word_1_231' title='bbox 500 4903 635 4980; x_wconf 92' lang='lat' dir='ltr'>quidam</span> <span class='ocrx_word' id='word_1_232' title='bbox 660 4902 806 4965; x_wconf 88' lang='lat' dir='ltr'>vestrum</span> <span class='ocrx_word' id='word_1_233' title='bbox 838 4899 930 4964; x_wconf 85' lang='lat' dir='ltr'>tanto</span> 
     </span>
    </p>
   </div>
   <div class='ocr_carea' id='block_1_8' title="bbox 7 4999 932 5079">
    <p class='ocr_par' dir='ltr' id='par_1_8' title="bbox 7 4999 932 5079">
     <span class='ocr_line' id='line_1_46' title="bbox 7 4999 932 5079; baseline -0.006 -14"><span class='ocrx_word' id='word_1_234' title='bbox 7 5039 8 5043; x_wconf 60' lang='lat'><em>=</em></span> <span class='ocrx_word' id='word_1_235' title='bbox 136 5003 224 5065; x_wconf 89' lang='lat' dir='ltr'>malo</span> <span class='ocrx_word' id='word_1_236' title='bbox 243 5003 445 5064; x_wconf 90' lang='lat' dir='ltr'>incentivum</span> <span class='ocrx_word' id='word_1_237' title='bbox 468 5001 576 5079; x_wconf 88' lang='lat' dir='ltr'>potius</span> <span class='ocrx_word' id='word_1_238' title='bbox 590 4999 740 5062; x_wconf 88' lang='lat' dir='ltr'>tribuunt</span> <span class='ocrx_word' id='word_1_239' title='bbox 754 4999 787 5061; x_wconf 92' lang='lat' dir='ltr'>et</span> <span class='ocrx_word' id='word_1_240' title='bbox 803 4999 932 5060; x_wconf 87' lang='lat' dir='ltr'>lomen-</span> 
     </span>
    </p>
   </div>
   <div class='ocr_carea' id='block_1_9' title="bbox 135 5103 933 5374">
    <p class='ocr_par' dir='ltr' id='par_1_9' title="bbox 135 5103 933 5374">
     <span class='ocr_line' id='line_1_47' title="bbox 135 5103 416 5162; baseline -0.021 0"><span class='ocrx_word' id='word_1_241' title='bbox 135 5103 216 5162; x_wconf 88' lang='lat' dir='ltr'>tum.</span> <span class='ocrx_word' id='word_1_242' title='bbox 414 5151 416 5156; x_wconf 90' lang='lat'>.</span> 
     </span>
     <span class='ocr_line' id='line_1_48' title="bbox 176 5195 932 5261; baseline -0.007 -1"><span class='ocrx_word' id='word_1_243' title='bbox 176 5199 261 5260; x_wconf 88' lang='lat' dir='ltr'>Olim</span> <span class='ocrx_word' id='word_1_244' title='bbox 285 5213 366 5259; x_wconf 88' lang='lat' dir='ltr'>sane</span> <span class='ocrx_word' id='word_1_245' title='bbox 384 5195 492 5261; x_wconf 83' lang='lat' dir='ltr'>felicis</span> <span class='ocrx_word' id='word_1_246' title='bbox 512 5195 752 5258; x_wconf 87' lang='lat' dir='ltr'>recordationis</span> <span class='ocrx_word' id='word_1_247' title='bbox 768 5196 932 5256; x_wconf 83' lang='lat' dir='ltr'>Innocen-</span> 
     </span>
     <span class='ocr_line' id='line_1_49' title="bbox 136 5291 933 5374; baseline -0.009 -16"><span class='ocrx_word' id='word_1_248' title='bbox 136 5296 203 5359; x_wconf 87' lang='lat' dir='ltr'>tius</span> <span class='ocrx_word' id='word_1_249' title='bbox 218 5311 303 5374; x_wconf 90' lang='lat' dir='ltr'>papa</span> <span class='ocrx_word' id='word_1_250' title='bbox 318 5295 544 5372; x_wconf 88' lang='lat' dir='ltr'>praedecessor</span> <span class='ocrx_word' id='word_1_251' title='bbox 557 5294 681 5365; x_wconf 86' lang='lat' dir='ltr'>noster,</span> <span class='ocrx_word' id='word_1_252' title='bbox 694 5293 810 5356; x_wconf 89' lang='lat' dir='ltr'>voleus</span> <span class='ocrx_word' id='word_1_253' title='bbox 821 5291 933 5352; x_wconf 91' lang='lat' dir='ltr'>immi-</span> 
     </span>
    </p>
   </div>
   <div class='ocr_carea' id='block_1_10' title="bbox 136 5429 933 5797">
    <p class='ocr_par' dir='ltr' id='par_1_10' title="bbox 136 5429 933 5797">
     <span class='ocr_line' id='line_1_50' title="bbox 173 5429 930 5518; baseline -0.012 -23"><span class='ocrx_word' id='word_1_254' title='bbox 173 5435 213 5510; x_wconf 80' lang='lat' dir='ltr'>tl)</span> <span class='ocrx_word' id='word_1_255' title='bbox 234 5437 269 5495; x_wconf 89' lang='lat' dir='ltr'>lu</span> <span class='ocrx_word' id='word_1_256' title='bbox 287 5437 414 5510; x_wconf 78' lang='lat' dir='ltr'>hageno</span> <span class='ocrx_word' id='word_1_257' title='bbox 433 5433 561 5518; x_wconf 73' lang='grc'><strong>1101111111,</strong></span> <span class='ocrx_word' id='word_1_258' title='bbox 577 5432 631 5516; x_wconf 77' lang='grc' dir='ltr'>ι1111.</span> <span class='ocrx_word' id='word_1_259' title='bbox 648 5435 670 5501; x_wconf 89' lang='grc'>1,</span> <span class='ocrx_word' id='word_1_260' title='bbox 686 5432 771 5514; x_wconf 80' lang='lat' dir='ltr'>epist.</span> <span class='ocrx_word' id='word_1_261' title='bbox 787 5431 850 5500; x_wconf 81' lang='grc'><strong>195,</strong></span> <span class='ocrx_word' id='word_1_262' title='bbox 870 5429 930 5487; x_wconf 87' lang='lat' dir='ltr'>dis·</span> 
     </span>
     <span class='ocr_line' id='line_1_51' title="bbox 136 5502 931 5608; baseline -0.01 -42"><span class='ocrx_word' id='word_1_263' title='bbox 136 5516 261 5592; x_wconf 80' lang='lat' dir='ltr'>crepula</span> <span class='ocrx_word' id='word_1_264' title='bbox 274 5514 408 5608; x_wconf 73' lang='lat' dir='ltr'>couoextu</span> <span class='ocrx_word' id='word_1_265' title='bbox 422 5505 666 5590; x_wconf 60' lang='lat' dir='ltr'>mtuzrteptstctse</span> <span class='ocrx_word' id='word_1_266' title='bbox 678 5503 763 5588; x_wconf 63' lang='lat' dir='ltr'>hujus</span> <span class='ocrx_word' id='word_1_267' title='bbox 775 5502 931 5586; x_wconf 74' lang='lat' dir='ltr'>adonicam</span> 
     </span>
     <span class='ocr_line' id='line_1_52' title="bbox 136 5575 933 5797; baseline -0.011 -17"><span class='ocrx_word' id='word_1_268' title='bbox 136 5575 933 5797; x_wconf 69' lang='grc'><strong>111111111111111111119</strong></span> 
     </span>
     <span class='ocr_line' id='line_1_53' title="bbox 137 5739 759 5782; baseline -0.016 0"><span class='ocrx_word' id='word_1_269' title='bbox 137 5739 171 5782; x_wconf 86' lang='lat' dir='ltr'>su</span> <span class='ocrx_word' id='word_1_270' title='bbox 235 5739 252 5780; x_wconf 90' lang='lat' dir='ltr'>u</span> <span class='ocrx_word' id='word_1_271' title='bbox 752 5758 759 5772; x_wconf 91' lang='lat'>.</span> 
     </span>
    </p>
   </div>
   <div class='ocr_carea' id='block_1_11' title="bbox 976 301 1788 851">
    <p class='ocr_par' dir='ltr' id='par_1_11' title="bbox 976 301 1788 851">
     <span class='ocr_line' id='line_1_54' title="bbox 1599 301 1788 396; baseline -0.021 -82"><span class='ocrx_word' id='word_1_272' title='bbox 1599 307 1602 314; x_wconf 79' lang='grc'>,</span> <span class='ocrx_word' id='word_1_273' title='bbox 1715 301 1788 396; x_wconf 66' lang='grc'>390,</span> 
     </span>
     <span class='ocr_line' id='line_1_55' title="bbox 976 492 1772 574; baseline 0.003 -18"><span class='ocrx_word' id='word_1_274' title='bbox 976 493 1130 557; x_wconf 86' lang='lat' dir='ltr'>uentibus</span> <span class='ocrx_word' id='word_1_275' title='bbox 1159 492 1318 573; x_wconf 88' lang='lat' dir='ltr'>periculis</span> <span class='ocrx_word' id='word_1_276' title='bbox 1342 493 1496 567; x_wconf 77' lang='lat' dir='ltr'>obtime,</span> <span class='ocrx_word' id='word_1_277' title='bbox 1535 495 1647 558; x_wconf 88' lang='lat' dir='ltr'>audito</span> <span class='ocrx_word' id='word_1_278' title='bbox 1685 495 1772 574; x_wconf 89' lang='lat' dir='ltr'>quod</span> 
     </span>
     <span class='ocr_line' id='line_1_56' title="bbox 977 592 1772 670; baseline 0.005 -16"><span class='ocrx_word' id='word_1_279' title='bbox 977 593 1121 654; x_wconf 71' lang='lat' dir='ltr'>hirardus</span> <span class='ocrx_word' id='word_1_280' title='bbox 1133 592 1174 654; x_wconf 91' lang='lat' dir='ltr'>de</span> <span class='ocrx_word' id='word_1_281' title='bbox 1188 595 1307 664; x_wconf 89' lang='lat' dir='ltr'>Brena,</span> <span class='ocrx_word' id='word_1_282' title='bbox 1322 593 1375 655; x_wconf 91' lang='lat' dir='ltr'>cui</span> <span class='ocrx_word' id='word_1_283' title='bbox 1390 607 1450 670; x_wconf 88' lang='lat' dir='ltr'>per</span> <span class='ocrx_word' id='word_1_284' title='bbox 1464 593 1589 656; x_wconf 87' lang='lat' dir='ltr'>sanctae</span> <span class='ocrx_word' id='word_1_285' title='bbox 1604 595 1772 658; x_wconf 87' lang='lat' dir='ltr'>memoriae</span> 
     </span>
     <span class='ocr_line' id='line_1_57' title="bbox 976 690 1773 768; baseline 0.003 -16"><span class='ocrx_word' id='word_1_286' title='bbox 976 690 1145 752; x_wconf 84' lang='lat' dir='ltr'>Albertum</span> <span class='ocrx_word' id='word_1_287' title='bbox 1178 691 1519 768; x_wconf 86' lang='lat' dir='ltr'>Hierosolymitanum</span> <span class='ocrx_word' id='word_1_288' title='bbox 1548 693 1773 768; x_wconf 87' lang='lat' dir='ltr'>patriarcham</span> 
     </span>
     <span class='ocr_line' id='line_1_58' title="bbox 978 788 1771 851; baseline 0.001 -1"><span class='ocrx_word' id='word_1_289' title='bbox 978 788 1170 850; x_wconf 88' lang='lat' dir='ltr'>solemniter</span> <span class='ocrx_word' id='word_1_290' title='bbox 1192 788 1318 850; x_wconf 85' lang='lat' dir='ltr'>lecerat</span> <span class='ocrx_word' id='word_1_291' title='bbox 1343 788 1498 851; x_wconf 86' lang='lat' dir='ltr'>interdici</span> <span class='ocrx_word' id='word_1_292' title='bbox 1521 805 1564 850; x_wconf 92' lang='lat' dir='ltr'>ne</span> <span class='ocrx_word' id='word_1_293' title='bbox 1587 805 1662 851; x_wconf 89' lang='lat' dir='ltr'>cum</span> <span class='ocrx_word' id='word_1_294' title='bbox 1687 790 1771 851; x_wconf 84' lang='lat' dir='ltr'>Phi-</span> 
     </span>
    </p>
   </div>
   <div class='ocr_carea' id='block_1_12' title="bbox 978 886 1773 965">
    <p class='ocr_par' dir='ltr' id='par_1_12' title="bbox 978 886 1773 965">
     <span class='ocr_line' id='line_1_59' title="bbox 978 886 1773 965; baseline 0.005 -19"><span class='ocrx_word' id='word_1_295' title='bbox 978 886 1078 964; x_wconf 87' lang='lat' dir='ltr'>lippa,</span> <span class='ocrx_word' id='word_1_296' title='bbox 1099 903 1197 964; x_wconf 89' lang='lat' dir='ltr'>quam</span> <span class='ocrx_word' id='word_1_297' title='bbox 1224 901 1334 948; x_wconf 87' lang='lat' dir='ltr'>comes</span> <span class='ocrx_word' id='word_1_298' title='bbox 1357 887 1522 965; x_wconf 90' lang='lat' dir='ltr'>quondam</span> <span class='ocrx_word' id='word_1_299' title='bbox 1544 888 1708 950; x_wconf 83' lang='lat' dir='ltr'>Henricus</span> <span class='ocrx_word' id='word_1_300' title='bbox 1732 889 1773 950; x_wconf 93' lang='lat' dir='ltr'>de</span> 
     </span>
    </p>
   </div>
   <div class='ocr_carea' id='block_1_13' title="bbox 978 985 1773 1158">
    <p class='ocr_par' dir='ltr' id='par_1_13' title="bbox 978 985 1773 1158">
     <span class='ocr_line' id='line_1_60' title="bbox 978 985 1773 1064; baseline 0.003 -18"><span class='ocrx_word' id='word_1_301' title='bbox 978 985 1096 1062; x_wconf 88' lang='lat' dir='ltr'>copula</span> <span class='ocrx_word' id='word_1_302' title='bbox 1123 985 1311 1048; x_wconf 87' lang='lat' dir='ltr'>incestuosa</span> <span class='ocrx_word' id='word_1_303' title='bbox 1341 987 1542 1064; x_wconf 86' lang='lat' dir='ltr'>susceperat,</span> <span class='ocrx_word' id='word_1_304' title='bbox 1575 987 1773 1049; x_wconf 88' lang='lat' dir='ltr'>contrahere</span> 
     </span>
     <span class='ocr_line' id='line_1_61' title="bbox 979 1080 1773 1158; baseline 0 -16"><span class='ocrx_word' id='word_1_305' title='bbox 979 1081 1209 1158; x_wconf 86' lang='lat' dir='ltr'>praesumeret,</span> <span class='ocrx_word' id='word_1_306' title='bbox 1238 1080 1414 1151; x_wconf 89' lang='lat' dir='ltr'>cum‚sicut</span> <span class='ocrx_word' id='word_1_307' title='bbox 1441 1082 1627 1158; x_wconf 89' lang='lat' dir='ltr'>acceperat,</span> <span class='ocrx_word' id='word_1_308' title='bbox 1658 1081 1773 1142; x_wconf 89' lang='lat' dir='ltr'>eadem</span> 
     </span>
    </p>
   </div>
   <div class='ocr_carea' id='block_1_14' title="bbox 978 1178 1805 5371">
    <p class='ocr_par' dir='ltr' id='par_1_14' title="bbox 978 1178 1805 4883">
     <span class='ocr_line' id='line_1_62' title="bbox 978 1178 1776 1256; baseline 0.001 -17"><span class='ocrx_word' id='word_1_309' title='bbox 978 1179 1086 1256; x_wconf 89' lang='lat' dir='ltr'>ipsum</span> <span class='ocrx_word' id='word_1_310' title='bbox 1107 1179 1259 1256; x_wconf 83' lang='lat' dir='ltr'>proxima</span> <span class='ocrx_word' id='word_1_311' title='bbox 1276 1178 1574 1255; x_wconf 84' lang='lat' dir='ltr'>consanguinitatis</span> <span class='ocrx_word' id='word_1_312' title='bbox 1588 1179 1677 1240; x_wconf 89' lang='lat' dir='ltr'>linea</span> <span class='ocrx_word' id='word_1_313' title='bbox 1694 1195 1776 1240; x_wconf 87' lang='lat' dir='ltr'>con-</span> 
     </span>
     <span class='ocr_line' id='line_1_63' title="bbox 978 1277 1777 1354; baseline 0 -16"><span class='ocrx_word' id='word_1_314' title='bbox 978 1277 1132 1352; x_wconf 85' lang='lat' dir='ltr'>tingeret,</span> <span class='ocrx_word' id='word_1_315' title='bbox 1149 1278 1183 1337; x_wconf 91' lang='lat' dir='ltr'>et</span> <span class='ocrx_word' id='word_1_316' title='bbox 1205 1277 1277 1354; x_wconf 90' lang='lat' dir='ltr'>ipse</span> <span class='ocrx_word' id='word_1_317' title='bbox 1303 1277 1530 1354; x_wconf 89' lang='lat' dir='ltr'>praedecessor</span> <span class='ocrx_word' id='word_1_318' title='bbox 1553 1277 1666 1339; x_wconf 87' lang='lat' dir='ltr'>noster</span> <span class='ocrx_word' id='word_1_319' title='bbox 1680 1293 1777 1338; x_wconf 89' lang='lat' dir='ltr'>man-</span> 
     </span>
     <span class='ocr_line' id='line_1_64' title="bbox 979 1373 1775 1453; baseline 0 -17"><span class='ocrx_word' id='word_1_320' title='bbox 979 1375 1108 1437; x_wconf 91' lang='lat' dir='ltr'>daverit</span> <span class='ocrx_word' id='word_1_321' title='bbox 1130 1375 1231 1436; x_wconf 83' lang='lat' dir='ltr'>testes</span> <span class='ocrx_word' id='word_1_322' title='bbox 1252 1375 1356 1452; x_wconf 90' lang='lat' dir='ltr'>recipi</span> <span class='ocrx_word' id='word_1_323' title='bbox 1370 1389 1471 1453; x_wconf 87' lang='lat' dir='ltr'>super</span> <span class='ocrx_word' id='word_1_324' title='bbox 1486 1373 1775 1450; x_wconf 87' lang='lat' dir='ltr'>consanguinitate</span> 
     </span>
     <span class='ocr_line' id='line_1_65' title="bbox 980 1472 1773 1550; baseline -0.001 -16"><span class='ocrx_word' id='word_1_325' title='bbox 980 1472 1158 1550; x_wconf 87' lang='lat' dir='ltr'>praedicta,</span> <span class='ocrx_word' id='word_1_326' title='bbox 1200 1472 1379 1550; x_wconf 87' lang='lat' dir='ltr'>cupiditate</span> <span class='ocrx_word' id='word_1_327' title='bbox 1410 1473 1585 1535; x_wconf 87' lang='lat' dir='ltr'>ambitiosa</span> <span class='ocrx_word' id='word_1_328' title='bbox 1609 1473 1773 1546; x_wconf 85' lang='lat' dir='ltr'>caecatus,</span> 
     </span>
     <span class='ocr_line' id='line_1_66' title="bbox 980 1571 1776 1649; baseline 0 -17"><span class='ocrx_word' id='word_1_329' title='bbox 980 1571 1129 1633; x_wconf 89' lang='lat' dir='ltr'>eamdem</span> <span class='ocrx_word' id='word_1_330' title='bbox 1154 1571 1343 1649; x_wconf 79' lang='lat' dir='ltr'>Philippum</span> <span class='ocrx_word' id='word_1_331' title='bbox 1356 1571 1421 1634; x_wconf 89' lang='lat' dir='ltr'>sibi</span> <span class='ocrx_word' id='word_1_332' title='bbox 1448 1571 1655 1633; x_wconf 88' lang='lat' dir='ltr'>clandestine</span> <span class='ocrx_word' id='word_1_333' title='bbox 1669 1585 1776 1648; x_wconf 88' lang='lat' dir='ltr'>oopu-</span> 
     </span>
     <span class='ocr_line' id='line_1_67' title="bbox 980 1669 1785 1747; baseline 0 -18"><span class='ocrx_word' id='word_1_334' title='bbox 980 1670 1077 1742; x_wconf 88' lang='lat' dir='ltr'>larat,</span> <span class='ocrx_word' id='word_1_335' title='bbox 1094 1670 1137 1744; x_wconf 87' lang='lat' dir='ltr'>et,</span> <span class='ocrx_word' id='word_1_336' title='bbox 1158 1669 1198 1732; x_wconf 90' lang='lat' dir='ltr'>de</span> <span class='ocrx_word' id='word_1_337' title='bbox 1213 1669 1361 1747; x_wconf 87' lang='lat' dir='ltr'>partibus</span> <span class='ocrx_word' id='word_1_338' title='bbox 1380 1669 1513 1731; x_wconf 90' lang='lat' dir='ltr'>rediens</span> <span class='ocrx_word' id='word_1_339' title='bbox 1526 1669 1785 1741; x_wconf 71' lang='lat' dir='ltr'>transmarinis-</span> 
     </span>
     <span class='ocr_line' id='line_1_68' title="bbox 980 1765 1773 1847; baseline -0.001 -18"><span class='ocrx_word' id='word_1_340' title='bbox 980 1767 1014 1829; x_wconf 92' lang='lat' dir='ltr'>in</span> <span class='ocrx_word' id='word_1_341' title='bbox 1029 1784 1167 1844; x_wconf 89' lang='lat' dir='ltr'>regnum</span> <span class='ocrx_word' id='word_1_342' title='bbox 1187 1767 1338 1830; x_wconf 80' lang='lat' dir='ltr'>Franciae</span> <span class='ocrx_word' id='word_1_343' title='bbox 1349 1767 1523 1830; x_wconf 80' lang='lat' dir='ltr'>festinaret</span> <span class='ocrx_word' id='word_1_344' title='bbox 1538 1765 1587 1847; x_wconf 77' lang='lat'>(2)</span> <span class='ocrx_word' id='word_1_345' title='bbox 1603 1768 1773 1838; x_wconf 88' lang='lat' dir='ltr'>accedere,</span> 
     </span>
     <span class='ocr_line' id='line_1_69' title="bbox 980 1865 1776 1945; baseline 0 -19"><span class='ocrx_word' id='word_1_346' title='bbox 980 1868 1026 1939; x_wconf 89' lang='lat' dir='ltr'>ut,</span> <span class='ocrx_word' id='word_1_347' title='bbox 1041 1866 1070 1926; x_wconf 89' lang='lat' dir='ltr'>si</span> <span class='ocrx_word' id='word_1_348' title='bbox 1085 1867 1207 1945; x_wconf 87' lang='lat' dir='ltr'>posset,</span> <span class='ocrx_word' id='word_1_349' title='bbox 1219 1865 1364 1928; x_wconf 89' lang='lat' dir='ltr'>schisma</span> <span class='ocrx_word' id='word_1_350' title='bbox 1378 1865 1494 1928; x_wconf 87' lang='lat' dir='ltr'>contra</span> <span class='ocrx_word' id='word_1_351' title='bbox 1506 1866 1662 1928; x_wconf 87' lang='lat' dir='ltr'>dilectum</span> <span class='ocrx_word' id='word_1_352' title='bbox 1671 1865 1776 1927; x_wconf 87' lang='lat' dir='ltr'>illium</span> 
     </span>
     <span class='ocr_line' id='line_1_70' title="bbox 981 1963 1778 2042; baseline 0.003 -18"><span class='ocrx_word' id='word_1_353' title='bbox 981 1964 1124 2026; x_wconf 91' lang='lat' dir='ltr'>nobilem</span> <span class='ocrx_word' id='word_1_354' title='bbox 1142 1965 1252 2026; x_wconf 88' lang='lat' dir='ltr'>virum</span> <span class='ocrx_word' id='word_1_355' title='bbox 1273 1963 1498 2027; x_wconf 74' lang='lat' dir='ltr'>&#39;theobaldum</span> <span class='ocrx_word' id='word_1_356' title='bbox 1513 1965 1702 2042; x_wconf 74' lang='lat' dir='ltr'>Campaniae</span> <span class='ocrx_word' id='word_1_357' title='bbox 1719 1979 1778 2026; x_wconf 90' lang='lat' dir='ltr'>co-</span> 
     </span>
     <span class='ocr_line' id='line_1_71' title="bbox 981 2062 1777 2138; baseline -0.001 -15"><span class='ocrx_word' id='word_1_358' title='bbox 981 2063 1093 2128; x_wconf 89' lang='lat' dir='ltr'>mitam</span> <span class='ocrx_word' id='word_1_359' title='bbox 1130 2063 1315 2135; x_wconf 87' lang='lat' dir='ltr'>suscitaret,</span> <span class='ocrx_word' id='word_1_360' title='bbox 1358 2077 1426 2124; x_wconf 87' lang='lat' dir='ltr'>non</span> <span class='ocrx_word' id='word_1_361' title='bbox 1463 2063 1570 2124; x_wconf 88' lang='lat' dir='ltr'>solum</span> <span class='ocrx_word' id='word_1_362' title='bbox 1609 2062 1645 2122; x_wconf 93' lang='grc'>111</span> <span class='ocrx_word' id='word_1_363' title='bbox 1675 2078 1777 2138; x_wconf 88' lang='lat' dir='ltr'>grave</span> 
     </span>
     <span class='ocr_line' id='line_1_72' title="bbox 981 2160 1778 2240; baseline 0 -18"><span class='ocrx_word' id='word_1_364' title='bbox 981 2161 1174 2223; x_wconf 86' lang='lat' dir='ltr'>scandalum</span> <span class='ocrx_word' id='word_1_365' title='bbox 1195 2161 1290 2238; x_wconf 88' lang='lat' dir='ltr'>regni</span> <span class='ocrx_word' id='word_1_366' title='bbox 1313 2161 1472 2240; x_wconf 80' lang='lat' dir='ltr'>ejusdem,</span> <span class='ocrx_word' id='word_1_367' title='bbox 1489 2160 1727 2234; x_wconf 82' lang='lat' dir='ltr'>verumetiam</span> <span class='ocrx_word' id='word_1_368' title='bbox 1742 2161 1778 2222; x_wconf 92' lang='lat' dir='ltr'>in</span> 
     </span>
     <span class='ocr_line' id='line_1_73' title="bbox 980 2259 1779 2338; baseline -0.001 -17"><span class='ocrx_word' id='word_1_369' title='bbox 980 2259 1106 2335; x_wconf 87' lang='lat' dir='ltr'>grande</span> <span class='ocrx_word' id='word_1_370' title='bbox 1121 2259 1331 2338; x_wconf 88' lang='lat' dir='ltr'>dispendium</span> <span class='ocrx_word' id='word_1_371' title='bbox 1346 2261 1458 2321; x_wconf 84' lang='lat' dir='ltr'>Terrae</span> <span class='ocrx_word' id='word_1_372' title='bbox 1478 2259 1620 2332; x_wconf 86' lang='lat' dir='ltr'>Sanctae,</span> <span class='ocrx_word' id='word_1_373' title='bbox 1644 2261 1779 2335; x_wconf 87' lang='lat' dir='ltr'>aposto-</span> 
     </span>
     <span class='ocr_line' id='line_1_74' title="bbox 981 2356 1778 2436; baseline 0.001 -18"><span class='ocrx_word' id='word_1_374' title='bbox 981 2357 1056 2418; x_wconf 88' lang='lat' dir='ltr'>licis</span> <span class='ocrx_word' id='word_1_375' title='bbox 1070 2357 1167 2419; x_wconf 89' lang='lat' dir='ltr'>vobis</span> <span class='ocrx_word' id='word_1_376' title='bbox 1178 2358 1307 2421; x_wconf 88' lang='lat' dir='ltr'>dederit</span> <span class='ocrx_word' id='word_1_377' title='bbox 1320 2356 1367 2436; x_wconf 81' lang='lat'>(3)</span> <span class='ocrx_word' id='word_1_378' title='bbox 1379 2358 1499 2420; x_wconf 87' lang='lat' dir='ltr'>litteris</span> <span class='ocrx_word' id='word_1_379' title='bbox 1511 2357 1546 2418; x_wconf 92' lang='lat' dir='ltr'>in</span> <span class='ocrx_word' id='word_1_380' title='bbox 1558 2356 1778 2434; x_wconf 72' lang='lat' dir='ltr'>praecoquem</span> 
     </span>
     <span class='ocr_line' id='line_1_75' title="bbox 981 2454 1777 2532; baseline 0 -18"><span class='ocrx_word' id='word_1_381' title='bbox 981 2454 1106 2517; x_wconf 89' lang='lat' dir='ltr'>dictum</span> <span class='ocrx_word' id='word_1_382' title='bbox 1122 2455 1295 2527; x_wconf 84' lang='lat' dir='ltr'>Erardum,</span> <span class='ocrx_word' id='word_1_383' title='bbox 1312 2457 1415 2516; x_wconf 88' lang='lat' dir='ltr'>Deum</span> <span class='ocrx_word' id='word_1_384' title='bbox 1436 2455 1595 2516; x_wconf 86' lang='lat' dir='ltr'>habentes</span> <span class='ocrx_word' id='word_1_385' title='bbox 1607 2469 1676 2532; x_wconf 80' lang='lat' dir='ltr'>puae</span> <span class='ocrx_word' id='word_1_386' title='bbox 1692 2470 1777 2515; x_wconf 91' lang='lat' dir='ltr'>ocu-</span> 
     </span>
     <span class='ocr_line' id='line_1_76' title="bbox 981 2551 1778 2642; baseline -0.001 -28"><span class='ocrx_word' id='word_1_387' title='bbox 981 2553 1039 2627; x_wconf 88' lang='lat' dir='ltr'>lis,</span> <span class='ocrx_word' id='word_1_388' title='bbox 1085 2552 1215 2615; x_wconf 86' lang='lat' dir='ltr'>sublato</span> <span class='ocrx_word' id='word_1_389' title='bbox 1243 2552 1420 2632; x_wconf 88' lang='lat' dir='ltr'>cujuslibet</span> <span class='ocrx_word' id='word_1_390' title='bbox 1447 2552 1719 2630; x_wconf 84' lang='lat' dir='ltr'>contradictionis</span> <span class='ocrx_word' id='word_1_391' title='bbox 1745 2551 1778 2642; x_wconf 80' lang='lat' dir='ltr'>et</span> 
     </span>
     <span class='ocr_line' id='line_1_77' title="bbox 981 2650 1780 2730; baseline 0 -18"><span class='ocrx_word' id='word_1_392' title='bbox 981 2650 1214 2730; x_wconf 87' lang='lat' dir='ltr'>appellationis</span> <span class='ocrx_word' id='word_1_393' title='bbox 1222 2651 1405 2725; x_wconf 87' lang='lat' dir='ltr'>obstaculo,</span> <span class='ocrx_word' id='word_1_394' title='bbox 1416 2665 1658 2728; x_wconf 84' lang='lat' dir='ltr'>percensuram</span> <span class='ocrx_word' id='word_1_395' title='bbox 1670 2650 1780 2712; x_wconf 89' lang='lat' dir='ltr'>eccle-</span> 
     </span>
     <span class='ocr_line' id='line_1_78' title="bbox 982 2747 1779 2827; baseline -0.004 -15"><span class='ocrx_word' id='word_1_396' title='bbox 982 2751 1151 2812; x_wconf 88' lang='lat' dir='ltr'>siasticam</span> <span class='ocrx_word' id='word_1_397' title='bbox 1180 2765 1392 2827; x_wconf 88' lang='lat' dir='ltr'>compescere</span> <span class='ocrx_word' id='word_1_398' title='bbox 1428 2749 1606 2820; x_wconf 89' lang='lat' dir='ltr'>curaretis,</span> <span class='ocrx_word' id='word_1_399' title='bbox 1636 2749 1663 2809; x_wconf 90' lang='lat' dir='ltr'>si</span> <span class='ocrx_word' id='word_1_400' title='bbox 1694 2747 1779 2811; x_wconf 89' lang='lat' dir='ltr'>lorte</span> 
     </span>
     <span class='ocr_line' id='line_1_79' title="bbox 981 2846 1777 2926; baseline -0.004 -16"><span class='ocrx_word' id='word_1_401' title='bbox 981 2846 1777 2926; x_wconf 57' lang='lat' dir='ltr'>occasionepraescriptapraesumeretmalignari</span> 
     </span>
     <span class='ocr_line' id='line_1_80' title="bbox 982 2943 1779 3025; baseline -0.004 -17"><span class='ocrx_word' id='word_1_402' title='bbox 982 2951 1077 3025; x_wconf 88' lang='lat' dir='ltr'>cujus</span> <span class='ocrx_word' id='word_1_403' title='bbox 1104 2943 1165 3010; x_wconf 87' lang='lat' dir='ltr'>nos</span> <span class='ocrx_word' id='word_1_404' title='bbox 1189 2947 1339 3024; x_wconf 88' lang='lat' dir='ltr'>vestigiis</span> <span class='ocrx_word' id='word_1_405' title='bbox 1354 2945 1567 3018; x_wconf 86' lang='lat' dir='ltr'>inhaerentes,</span> <span class='ocrx_word' id='word_1_406' title='bbox 1590 2961 1634 3006; x_wconf 86' lang='lat' dir='ltr'>ne</span> <span class='ocrx_word' id='word_1_407' title='bbox 1656 2945 1779 3022; x_wconf 88' lang='lat' dir='ltr'>hujus·</span> 
     </span>
     <span class='ocr_line' id='line_1_81' title="bbox 982 3043 1777 3121; baseline -0.001 -16"><span class='ocrx_word' id='word_1_408' title='bbox 982 3043 1638 3121; x_wconf 85' lang='lat' dir='ltr'>modioccasionapossetejusdemTerrae</span> <span class='ocrx_word' id='word_1_409' title='bbox 1647 3044 1777 3105; x_wconf 85' lang='lat' dir='ltr'>Sanctae</span> 
     </span>
     <span class='ocr_line' id='line_1_82' title="bbox 983 3133 1778 3218; baseline -0.003 -16"><span class='ocrx_word' id='word_1_410' title='bbox 983 3141 1136 3218; x_wconf 90' lang='lat' dir='ltr'>impediri</span> <span class='ocrx_word' id='word_1_411' title='bbox 1146 3157 1336 3214; x_wconf 86' lang='lat' dir='ltr'>succursus,</span> <span class='ocrx_word' id='word_1_412' title='bbox 1346 3133 1602 3204; x_wconf 83' lang='lat' dir='ltr'>contradictum</span> <span class='ocrx_word' id='word_1_413' title='bbox 1617 3141 1778 3202; x_wconf 82' lang='lat' dir='ltr'>Erardum</span> 
     </span>
     <span class='ocr_line' id='line_1_83' title="bbox 982 3231 1780 3320; baseline -0.001 -19"><span class='ocrx_word' id='word_1_414' title='bbox 982 3241 1015 3302; x_wconf 90' lang='lat' dir='ltr'>et</span> <span class='ocrx_word' id='word_1_415' title='bbox 1029 3231 1179 3302; x_wconf 85' lang='lat' dir='ltr'>eamdem</span> <span class='ocrx_word' id='word_1_416' title='bbox 1193 3240 1380 3318; x_wconf 91' lang='lat' dir='ltr'>Philippam</span> <span class='ocrx_word' id='word_1_417' title='bbox 1392 3237 1452 3320; x_wconf 80' lang='lat' dir='ltr'>(l),</span> <span class='ocrx_word' id='word_1_418' title='bbox 1468 3231 1573 3318; x_wconf 88' lang='lat' dir='ltr'>nuper</span> <span class='ocrx_word' id='word_1_419' title='bbox 1587 3239 1681 3301; x_wconf 90' lang='lat' dir='ltr'>vobis</span> <span class='ocrx_word' id='word_1_420' title='bbox 1696 3255 1780 3318; x_wconf 86' lang='lat' dir='ltr'>prae-</span> 
     </span>
     <span class='ocr_line' id='line_1_84' title="bbox 983 3335 1780 3416; baseline 0 -18"><span class='ocrx_word' id='word_1_421' title='bbox 983 3339 1113 3416; x_wconf 89' lang='lat' dir='ltr'>ceptum</span> <span class='ocrx_word' id='word_1_422' title='bbox 1128 3335 1238 3400; x_wconf 89' lang='lat' dir='ltr'>simile</span> <span class='ocrx_word' id='word_1_423' title='bbox 1249 3337 1428 3400; x_wconf 90' lang='lat' dir='ltr'>recolimus</span> <span class='ocrx_word' id='word_1_424' title='bbox 1443 3337 1620 3400; x_wconf 84' lang='lat' dir='ltr'>direxisse.</span> <span class='ocrx_word' id='word_1_425' title='bbox 1635 3339 1672 3398; x_wconf 91' lang='lat' dir='ltr'>ln</span> <span class='ocrx_word' id='word_1_426' title='bbox 1682 3352 1780 3414; x_wconf 89' lang='lat' dir='ltr'>gene·</span> 
     </span>
     <span class='ocr_line' id='line_1_85' title="bbox 982 3434 1779 3513; baseline -0.003 -17"><span class='ocrx_word' id='word_1_427' title='bbox 982 3435 1047 3496; x_wconf 87' lang='lat' dir='ltr'>ruli</span> <span class='ocrx_word' id='word_1_428' title='bbox 1077 3451 1207 3513; x_wconf 90' lang='lat' dir='ltr'>quoque</span> <span class='ocrx_word' id='word_1_429' title='bbox 1230 3435 1396 3508; x_wconf 86' lang='lat' dir='ltr'>Concilio,</span> <span class='ocrx_word' id='word_1_430' title='bbox 1425 3435 1583 3512; x_wconf 89' lang='lat' dir='ltr'>quoniam</span> <span class='ocrx_word' id='word_1_431' title='bbox 1603 3434 1644 3495; x_wconf 90' lang='lat' dir='ltr'>ad</span> <span class='ocrx_word' id='word_1_432' title='bbox 1663 3435 1779 3496; x_wconf 81' lang='lat' dir='ltr'>Crucis</span> 
     </span>
     <span class='ocr_line' id='line_1_86' title="bbox 983 3533 1780 3611; baseline 0.001 -18"><span class='ocrx_word' id='word_1_433' title='bbox 983 3534 1151 3610; x_wconf 83' lang='lat' dir='ltr'>negotium</span> <span class='ocrx_word' id='word_1_434' title='bbox 1164 3534 1413 3611; x_wconf 86' lang='lat' dir='ltr'>exsequendum</span> <span class='ocrx_word' id='word_1_435' title='bbox 1429 3533 1479 3594; x_wconf 86' lang='lat' dir='ltr'>est</span> <span class='ocrx_word' id='word_1_436' title='bbox 1498 3533 1704 3609; x_wconf 86' lang='lat' dir='ltr'>permaxime</span> <span class='ocrx_word' id='word_1_437' title='bbox 1719 3548 1780 3594; x_wconf 91' lang='lat' dir='ltr'>ne-</span> 
     </span>
     <span class='ocr_line' id='line_1_87' title="bbox 983 3629 1778 3708; baseline 0.003 -20"><span class='ocrx_word' id='word_1_438' title='bbox 983 3631 1166 3692; x_wconf 87' lang='lat' dir='ltr'>cessarium</span> <span class='ocrx_word' id='word_1_439' title='bbox 1205 3632 1240 3692; x_wconf 92' lang='lat' dir='ltr'>ut</span> <span class='ocrx_word' id='word_1_440' title='bbox 1264 3631 1431 3708; x_wconf 89' lang='lat' dir='ltr'>principes</span> <span class='ocrx_word' id='word_1_441' title='bbox 1462 3630 1576 3707; x_wconf 92' lang='lat' dir='ltr'>populi</span> <span class='ocrx_word' id='word_1_442' title='bbox 1602 3629 1778 3691; x_wconf 88' lang='lat' dir='ltr'>christiani</span> 
     </span>
     <span class='ocr_line' id='line_1_88' title="bbox 983 3725 1779 3803; baseline 0.003 -15"><span class='ocrx_word' id='word_1_443' title='bbox 983 3727 1025 3788; x_wconf 91' lang='lat' dir='ltr'>ad</span> <span class='ocrx_word' id='word_1_444' title='bbox 1059 3728 1205 3789; x_wconf 89' lang='lat' dir='ltr'>invicem</span> <span class='ocrx_word' id='word_1_445' title='bbox 1245 3741 1360 3803; x_wconf 89' lang='lat' dir='ltr'>pacem</span> <span class='ocrx_word' id='word_1_446' title='bbox 1401 3725 1602 3797; x_wconf 89' lang='lat' dir='ltr'>observent,</span> <span class='ocrx_word' id='word_1_447' title='bbox 1640 3726 1779 3803; x_wconf 88' lang='lat' dir='ltr'>provida</span> 
     </span>
     <span class='ocr_line' id='line_1_89' title="bbox 983 3822 1778 3900; baseline -0.003 -15"><span class='ocrx_word' id='word_1_448' title='bbox 983 3825 1046 3887; x_wconf 88' lang='lat' dir='ltr'>luit</span> <span class='ocrx_word' id='word_1_449' title='bbox 1066 3823 1305 3886; x_wconf 87' lang='lat' dir='ltr'>deliberatione</span> <span class='ocrx_word' id='word_1_450' title='bbox 1325 3823 1494 3896; x_wconf 89' lang='lat' dir='ltr'>statutum,</span> <span class='ocrx_word' id='word_1_451' title='bbox 1522 3824 1559 3884; x_wconf 92' lang='lat' dir='ltr'>ut</span> <span class='ocrx_word' id='word_1_452' title='bbox 1585 3822 1703 3884; x_wconf 89' lang='lat' dir='ltr'>saltem</span> <span class='ocrx_word' id='word_1_453' title='bbox 1718 3838 1778 3900; x_wconf 90' lang='lat' dir='ltr'>per</span> 
     </span>
     <span class='ocr_line' id='line_1_90' title="bbox 983 3919 1779 4000; baseline -0.003 -17"><span class='ocrx_word' id='word_1_454' title='bbox 983 3921 1239 4000; x_wconf 89' lang='lat' dir='ltr'>quadriennium</span> <span class='ocrx_word' id='word_1_455' title='bbox 1266 3921 1300 3982; x_wconf 90' lang='grc'>111</span> <span class='ocrx_word' id='word_1_456' title='bbox 1325 3921 1395 3984; x_wconf 92' lang='lat' dir='ltr'>toto</span> <span class='ocrx_word' id='word_1_457' title='bbox 1419 3919 1500 3982; x_wconf 92' lang='lat' dir='ltr'>orbe</span> <span class='ocrx_word' id='word_1_458' title='bbox 1512 3919 1697 3983; x_wconf 87' lang='lat' dir='ltr'>christiano</span> <span class='ocrx_word' id='word_1_459' title='bbox 1712 3937 1779 3998; x_wconf 85' lang='lat' dir='ltr'>pax</span> 
     </span>
     <span class='ocr_line' id='line_1_91' title="bbox 983 4019 1778 4099; baseline -0.003 -17"><span class='ocrx_word' id='word_1_460' title='bbox 983 4019 1185 4099; x_wconf 81' lang='lat' dir='ltr'>generaliter</span> <span class='ocrx_word' id='word_1_461' title='bbox 1199 4019 1401 4091; x_wconf 87' lang='lat' dir='ltr'>servaretur,</span> <span class='ocrx_word' id='word_1_462' title='bbox 1427 4019 1474 4080; x_wconf 91' lang='lat' dir='ltr'>ita</span> <span class='ocrx_word' id='word_1_463' title='bbox 1487 4019 1574 4097; x_wconf 90' lang='lat' dir='ltr'>quod</span> <span class='ocrx_word' id='word_1_464' title='bbox 1587 4035 1646 4097; x_wconf 89' lang='lat' dir='ltr'>per</span> <span class='ocrx_word' id='word_1_465' title='bbox 1666 4020 1778 4081; x_wconf 88' lang='lat' dir='ltr'>eccle-</span> 
     </span>
     <span class='ocr_line' id='line_1_92' title="bbox 984 4107 1780 4196; baseline -0.003 -16"><span class='ocrx_word' id='word_1_466' title='bbox 984 4120 1109 4181; x_wconf 88' lang='lat' dir='ltr'>siarum</span> <span class='ocrx_word' id='word_1_467' title='bbox 1123 4107 1279 4196; x_wconf 86' lang='lat' dir='ltr'>praelatos</span> <span class='ocrx_word' id='word_1_468' title='bbox 1295 4115 1523 4180; x_wconf 88' lang='lat' dir='ltr'>discordantes</span> <span class='ocrx_word' id='word_1_469' title='bbox 1540 4117 1780 4180; x_wconf 88' lang='lat' dir='ltr'>reducerentur</span> 
     </span>
     <span class='ocr_line' id='line_1_93' title="bbox 984 4216 1781 4295; baseline 0 -16"><span class='ocrx_word' id='word_1_470' title='bbox 984 4218 1024 4279; x_wconf 91' lang='lat' dir='ltr'>ad</span> <span class='ocrx_word' id='word_1_471' title='bbox 1037 4218 1292 4295; x_wconf 86' lang='lat' dir='ltr'>plenampacem</span> <span class='ocrx_word' id='word_1_472' title='bbox 1304 4216 1499 4278; x_wconf 88' lang='lat' dir='ltr'>auttlrmam</span> <span class='ocrx_word' id='word_1_473' title='bbox 1508 4216 1659 4292; x_wconf 89' lang='lat' dir='ltr'>treugam</span> <span class='ocrx_word' id='word_1_474' title='bbox 1671 4217 1781 4279; x_wconf 91' lang='lat' dir='ltr'>invio·</span> 
     </span>
     <span class='ocr_line' id='line_1_94' title="bbox 983 4313 1780 4392; baseline 0.001 -17"><span class='ocrx_word' id='word_1_475' title='bbox 983 4315 1129 4378; x_wconf 88' lang='lat' dir='ltr'>labiliter</span> <span class='ocrx_word' id='word_1_476' title='bbox 1147 4314 1398 4386; x_wconf 87' lang='lat' dir='ltr'>observandam,</span> <span class='ocrx_word' id='word_1_477' title='bbox 1429 4315 1462 4375; x_wconf 88' lang='lat' dir='ltr'>at</span> <span class='ocrx_word' id='word_1_478' title='bbox 1481 4313 1539 4391; x_wconf 91' lang='lat' dir='ltr'>qui</span> <span class='ocrx_word' id='word_1_479' title='bbox 1569 4316 1780 4392; x_wconf 88' lang='lat' dir='ltr'>acquiescere</span> 
     </span>
     <span class='ocr_line' id='line_1_95' title="bbox 984 4413 1780 4490; baseline 0 -16"><span class='ocrx_word' id='word_1_480' title='bbox 984 4413 1780 4490; x_wconf 84' lang='lat' dir='ltr'>sortecontemnerent,perexcommunicationem</span> 
     </span>
     <span class='ocr_line' id='line_1_96' title="bbox 984 4503 1779 4590; baseline -0.001 -18"><span class='ocrx_word' id='word_1_481' title='bbox 984 4513 1019 4572; x_wconf 92' lang='lat' dir='ltr'>in</span> <span class='ocrx_word' id='word_1_482' title='bbox 1033 4526 1194 4590; x_wconf 87' lang='lat' dir='ltr'>personas</span> <span class='ocrx_word' id='word_1_483' title='bbox 1209 4511 1242 4572; x_wconf 89' lang='lat' dir='ltr'>et</span> <span class='ocrx_word' id='word_1_484' title='bbox 1259 4511 1470 4574; x_wconf 88' lang='lat' dir='ltr'>interdictum</span> <span class='ocrx_word' id='word_1_485' title='bbox 1484 4510 1520 4570; x_wconf 93' lang='lat' dir='ltr'>in</span> <span class='ocrx_word' id='word_1_486' title='bbox 1533 4503 1641 4571; x_wconf 84' lang='lat' dir='ltr'>terras</span> <span class='ocrx_word' id='word_1_487' title='bbox 1656 4510 1779 4571; x_wconf 88' lang='lat' dir='ltr'>arctis-</span> 
     </span>
     <span class='ocr_line' id='line_1_97' title="bbox 985 4606 1780 4687; baseline -0.003 -17"><span class='ocrx_word' id='word_1_488' title='bbox 985 4610 1067 4671; x_wconf 89' lang='lat' dir='ltr'>sime</span> <span class='ocrx_word' id='word_1_489' title='bbox 1082 4608 1298 4687; x_wconf 80' lang='lat' dir='ltr'>cogerentur3</span> <span class='ocrx_word' id='word_1_490' title='bbox 1315 4607 1381 4668; x_wconf 86' lang='lat' dir='ltr'>nisi</span> <span class='ocrx_word' id='word_1_491' title='bbox 1395 4606 1488 4668; x_wconf 88' lang='lat' dir='ltr'>tanta</span> <span class='ocrx_word' id='word_1_492' title='bbox 1497 4609 1585 4669; x_wconf 88' lang='lat' dir='ltr'>esset</span> <span class='ocrx_word' id='word_1_493' title='bbox 1598 4607 1780 4684; x_wconf 88' lang='lat' dir='ltr'>injuriato-</span> 
     </span>
     <span class='ocr_line' id='line_1_98' title="bbox 984 4703 1805 4784; baseline -0.001 -15"><span class='ocrx_word' id='word_1_494' title='bbox 984 4724 1059 4769; x_wconf 90' lang='lat' dir='ltr'>rum</span> <span class='ocrx_word' id='word_1_495' title='bbox 1086 4705 1225 4778; x_wconf 89' lang='lat' dir='ltr'>malitia,</span> <span class='ocrx_word' id='word_1_496' title='bbox 1250 4705 1335 4784; x_wconf 91' lang='lat' dir='ltr'>quod</span> <span class='ocrx_word' id='word_1_497' title='bbox 1358 4705 1423 4782; x_wconf 89' lang='lat' dir='ltr'>ipsi</span> <span class='ocrx_word' id='word_1_498' title='bbox 1449 4703 1509 4766; x_wconf 92' lang='lat' dir='ltr'>tali</span> <span class='ocrx_word' id='word_1_499' title='bbox 1534 4719 1599 4764; x_wconf 91' lang='lat' dir='ltr'>non</span> <span class='ocrx_word' id='word_1_500' title='bbox 1624 4703 1805 4768; x_wconf 88' lang='lat' dir='ltr'>deberent</span> 
     </span>
     <span class='ocr_line' id='line_1_99' title="bbox 985 4805 1236 4883; baseline -0.012 -16"><span class='ocrx_word' id='word_1_501' title='bbox 985 4821 1066 4883; x_wconf 88' lang='lat' dir='ltr'>pace</span> <span class='ocrx_word' id='word_1_502' title='bbox 1080 4805 1236 4882; x_wconf 87' lang='lat' dir='ltr'>gaudere.</span> 
     </span>
    </p>

    <p class='ocr_par' dir='ltr' id='par_1_15' title="bbox 985 4899 1783 5371">
     <span class='ocr_line' id='line_1_100' title="bbox 1025 4899 1778 4978; baseline -0.001 -14"><span class='ocrx_word' id='word_1_503' title='bbox 1025 4902 1117 4965; x_wconf 87' lang='lat' dir='ltr'>Licet</span> <span class='ocrx_word' id='word_1_504' title='bbox 1132 4903 1234 4978; x_wconf 91' lang='lat' dir='ltr'>igitur</span> <span class='ocrx_word' id='word_1_505' title='bbox 1243 4899 1350 4963; x_wconf 90' lang='lat' dir='ltr'>dictus</span> <span class='ocrx_word' id='word_1_506' title='bbox 1369 4899 1529 4969; x_wconf 83' lang='lat' dir='ltr'>Erardus,</span> <span class='ocrx_word' id='word_1_507' title='bbox 1543 4915 1620 4962; x_wconf 88' lang='lat' dir='ltr'>cum</span> <span class='ocrx_word' id='word_1_508' title='bbox 1635 4901 1778 4978; x_wconf 88' lang='lat' dir='ltr'>compli-</span> 
     </span>
     <span class='ocr_line' id='line_1_101' title="bbox 985 4998 1780 5078; baseline -0.003 -16"><span class='ocrx_word' id='word_1_509' title='bbox 985 5001 1077 5062; x_wconf 91' lang='lat' dir='ltr'>cibus</span> <span class='ocrx_word' id='word_1_510' title='bbox 1092 5002 1125 5064; x_wconf 89' lang='lat' dir='ltr'>et</span> <span class='ocrx_word' id='word_1_511' title='bbox 1138 4998 1386 5078; x_wconf 89' lang='lat' dir='ltr'>coadjutoribus</span> <span class='ocrx_word' id='word_1_512' title='bbox 1402 4998 1483 5070; x_wconf 88' lang='lat' dir='ltr'>suis,</span> <span class='ocrx_word' id='word_1_513' title='bbox 1502 4999 1589 5060; x_wconf 88' lang='lat' dir='ltr'>siout</span> <span class='ocrx_word' id='word_1_514' title='bbox 1604 5013 1647 5060; x_wconf 86' lang='lat' dir='ltr'>ex</span> <span class='ocrx_word' id='word_1_515' title='bbox 1659 4999 1780 5062; x_wconf 89' lang='lat' dir='ltr'>litteris</span> 
     </span>
     <span class='ocr_line' id='line_1_102' title="bbox 985 5095 1783 5162; baseline -0.001 -2"><span class='ocrx_word' id='word_1_516' title='bbox 985 5099 1098 5162; x_wconf 89' lang='lat' dir='ltr'>dilecti</span> <span class='ocrx_word' id='word_1_517' title='bbox 1125 5097 1186 5160; x_wconf 87' lang='lat' dir='ltr'>tilii</span> <span class='ocrx_word' id='word_1_518' title='bbox 1213 5096 1335 5159; x_wconf 90' lang='lat' dir='ltr'>nobilis</span> <span class='ocrx_word' id='word_1_519' title='bbox 1352 5095 1417 5158; x_wconf 85' lang='lat' dir='ltr'>viri</span> <span class='ocrx_word' id='word_1_520' title='bbox 1437 5097 1560 5160; x_wconf 89' lang='lat' dir='ltr'>odonis</span> <span class='ocrx_word' id='word_1_521' title='bbox 1580 5097 1673 5158; x_wconf 89' lang='lat' dir='ltr'>ducis</span> <span class='ocrx_word' id='word_1_522' title='bbox 1695 5101 1783 5159; x_wconf 90' lang='lat' dir='ltr'>Bur-</span> 
     </span>
     <span class='ocr_line' id='line_1_103' title="bbox 985 5195 1781 5275; baseline 0 -17"><span class='ocrx_word' id='word_1_523' title='bbox 985 5197 1118 5275; x_wconf 88' lang='lat' dir='ltr'>gundiae</span> <span class='ocrx_word' id='word_1_524' title='bbox 1136 5195 1358 5272; x_wconf 85' lang='lat' dir='ltr'>crucesignati</span> <span class='ocrx_word' id='word_1_525' title='bbox 1380 5195 1476 5257; x_wconf 91' lang='lat' dir='ltr'>nobis</span> <span class='ocrx_word' id='word_1_526' title='bbox 1489 5196 1644 5267; x_wconf 89' lang='lat' dir='ltr'>innotuit,</span> <span class='ocrx_word' id='word_1_527' title='bbox 1656 5198 1781 5258; x_wconf 87' lang='lat' dir='ltr'>terram</span> 
     </span>
     <span class='ocr_line' id='line_1_104' title="bbox 986 5292 1777 5371; baseline -0.004 -15"><span class='ocrx_word' id='word_1_528' title='bbox 986 5295 1116 5357; x_wconf 88' lang='lat' dir='ltr'>comitis</span> <span class='ocrx_word' id='word_1_529' title='bbox 1141 5292 1314 5355; x_wconf 89' lang='lat' dir='ltr'>memorati</span> <span class='ocrx_word' id='word_1_530' title='bbox 1330 5305 1437 5371; x_wconf 88' lang='lat' dir='ltr'>nuper</span> <span class='ocrx_word' id='word_1_531' title='bbox 1457 5292 1623 5354; x_wconf 88' lang='lat' dir='ltr'>hostiliter</span> <span class='ocrx_word' id='word_1_532' title='bbox 1636 5292 1777 5365; x_wconf 88' lang='lat' dir='ltr'>intrans,</span> 
     </span>
    </p>
   </div>
   <div class='ocr_carea' id='block_1_15' title="bbox 987 5425 1781 5788">
    <p class='ocr_par' dir='ltr' id='par_1_16' title="bbox 1022 5425 1393 5500">
     <span class='ocr_line' id='line_1_105' title="bbox 1022 5425 1393 5500; baseline -0.003 -15"><span class='ocrx_word' id='word_1_533' title='bbox 1022 5425 1064 5500; x_wconf 81' lang='lat'>(²)</span> <span class='ocrx_word' id='word_1_534' title='bbox 1083 5427 1146 5485; x_wconf 83' lang='lat' dir='ltr'>th.</span> <span class='ocrx_word' id='word_1_535' title='bbox 1163 5427 1215 5498; x_wconf 78' lang='lat' dir='ltr'>lep.</span> <span class='ocrx_word' id='word_1_536' title='bbox 1232 5425 1393 5484; x_wconf 81' lang='lat' dir='ltr'>festinabat.</span> 
     </span>
    </p>

    <p class='ocr_par' dir='ltr' id='par_1_17' title="bbox 1023 5497 1282 5572">
     <span class='ocr_line' id='line_1_106' title="bbox 1023 5497 1282 5572; baseline -0.015 -14"><span class='ocrx_word' id='word_1_537' title='bbox 1023 5503 1063 5572; x_wconf 75' lang='lat'>(3)</span> <span class='ocrx_word' id='word_1_538' title='bbox 1079 5499 1181 5557; x_wconf 77' lang='lat' dir='ltr'>Metius</span> <span class='ocrx_word' id='word_1_539' title='bbox 1195 5497 1282 5555; x_wconf 83' lang='lat' dir='ltr'>dedit.</span> 
     </span>
    </p>

    <p class='ocr_par' dir='ltr' id='par_1_18' title="bbox 987 5566 1781 5788">
     <span class='ocr_line' id='line_1_107' title="bbox 1023 5566 1781 5646; baseline -0.003 -18"><span class='ocrx_word' id='word_1_540' title='bbox 1023 5571 1064 5646; x_wconf 83' lang='lat' dir='ltr'>(t)</span> <span class='ocrx_word' id='word_1_541' title='bbox 1085 5569 1228 5642; x_wconf 79' lang='lat' dir='ltr'>legendae</span> <span class='ocrx_word' id='word_1_542' title='bbox 1242 5569 1384 5642; x_wconf 85' lang='lat' dir='ltr'>superius,</span> <span class='ocrx_word' id='word_1_543' title='bbox 1417 5611 1423 5626; x_wconf 91' lang='lat'>.</span> <span class='ocrx_word' id='word_1_544' title='bbox 1440 5566 1494 5624; x_wconf 90' lang='grc'>590</span> <span class='ocrx_word' id='word_1_545' title='bbox 1505 5573 1534 5624; x_wconf 86' lang='lat' dir='ltr'>at</span> <span class='ocrx_word' id='word_1_546' title='bbox 1545 5567 1608 5636; x_wconf 88' lang='grc'><strong>597,</strong></span> <span class='ocrx_word' id='word_1_547' title='bbox 1622 5569 1781 5626; x_wconf 82' lang='lat' dir='ltr'>Innocentii</span> 
     </span>
     <span class='ocr_line' id='line_1_108' title="bbox 987 5583 1780 5788; baseline -0.004 -86"><span class='ocrx_word' id='word_1_548' title='bbox 987 5643 1097 5788; x_wconf 40' lang='lat' dir='ltr'>linito&amp;</span> <span class='ocrx_word' id='word_1_549' title='bbox 1119 5647 1148 5699; x_wconf 85' lang='lat' dir='ltr'>at</span> <span class='ocrx_word' id='word_1_550' title='bbox 1163 5643 1290 5785; x_wconf 53' lang='lat' dir='ltr'>{Ipnoi-ii,</span> <span class='ocrx_word' id='word_1_551' title='bbox 1305 5655 1332 5714; x_wconf 90' lang='lat' dir='ltr'>p.</span> <span class='ocrx_word' id='word_1_552' title='bbox 1346 5583 1413 5708; x_wconf 57' lang='lat' dir='ltr'>titi,l</span> <span class='ocrx_word' id='word_1_553' title='bbox 1424 5638 1460 5696; x_wconf 89' lang='lat' dir='ltr'>ad</span> <span class='ocrx_word' id='word_1_554' title='bbox 1474 5639 1627 5714; x_wconf 84' lang='lat' dir='ltr'>episcopos</span> <span class='ocrx_word' id='word_1_555' title='bbox 1642 5640 1780 5699; x_wconf 75' lang='lat' dir='ltr'>Francia.</span> 
     </span>
    </p>

    <p class='ocr_par' dir='ltr' id='par_1_19' title="bbox 1026 5727 1182 5786">
     <span class='ocr_line' id='line_1_109' title="bbox 1026 5727 1182 5786; baseline -0.026 -13"><span class='ocrx_word' id='word_1_556' title='bbox 1026 5758 1033 5773; x_wconf 96' lang='lat'>.</span> <span class='ocrx_word' id='word_1_557' title='bbox 1087 5727 1182 5786; x_wconf 82' lang='lat' dir='ltr'>uque.</span> 
     </span>
    </p>
   </div>
   <div class='ocr_carea' id='block_1_16' title="bbox 0 0 2047 6308">
    <p class='ocr_par' dir='ltr' id='par_1_20' title="bbox 0 0 2047 6308">
     <span class='ocr_line' id='line_1_110' title="bbox 0 0 2047 6308; baseline 0 0"><span class='ocrx_word' id='word_1_558' title='bbox 0 0 2047 6308; x_wconf 95' lang='lat' dir='ltr'> </span> 
     </span>
    </p>
   </div>
  </div>
 </body>
</html>
