3994 6326
154 167 157 174 '
226 171 284 230 547
840 169 1016 230 HONORII
1039 169 1083 230 Ill
1105 169 1255 230 OPERA.
1801 179 1847 242 ils

228 329 354 392 luntate
368 325 497 405 plenius
511 325 691 400 intellecta,
707 325 802 390 vobis
817 329 974 406 injunxit,
989 331 1025 393 ut
1078 327 1186 406 pessis
1213 329 1246 390 et
1272 329 1471 408 patientibus
1497 332 1693 407 procuretis,
1720 333 1751 398 et
1770 337 1806 398 ad
1825 339 1851 401 id

104 427 106 432 ’
227 426 367 491 nuncios
382 429 415 488 et
429 427 659 504 procuratores
681 425 829 498 idoneos,
850 427 907 504 qui
928 443 1025 490 man·
1079 426 1852 512 pleniusexsequendumpostsusceptioncmpra·

227 529 304 590 deta
319 528 431 590 nostra
447 525 643 603 reciperent,
660 525 701 586 ad
714 525 864 588 nostram
876 542 1025 604 praesen-
1079 527 1233 598 sentium,
1243 525 1332 587 intre
1344 541 1490 587 mensem
1501 543 1559 588 vos
1570 527 1685 589 Pisani
1695 529 1852 596 duoscires

226 627 308 688 tiam
323 623 507 696 mitteretis,
519 625 552 686 et
566 625 637 701 ipse
650 625 858 700 postmodnm
870 624 911 687 ad
924 629 1025 701 Apos-
1078 626 1275 698 Jenuenses,
1285 625 1318 687 et
1327 640 1386 686 vos
1396 627 1583 686 Janueuses
1592 626 1852 693 tolidemPisanos

227 724 361 786 tolicam
389 722 507 784 sedem
531 722 674 794 rediens,
692 722 788 783 nobis
813 724 846 786 et
866 722 1024 784 tratribus
1079 722 1851 803 pacisametoresdiscretosetprovidoseligatis,

228 823 351 885 nostris
366 820 521 898 exposuit
535 819 632 897 plene
643 837 683 882 ac
694 820 838 884 fideliter
852 821 1023 883 universa.
1080 837 1163 898 quos
1185 823 1260 899 post
1277 836 1393 882 eorum
1405 821 1603 882 electionem
1617 821 1705 884 intra
1718 825 1852 899 triduum,

227 923 296 984 Nos
311 919 413 996 igitur
435 934 495 996 per
509 921 583 996 ejus
606 919 737 982 fidelem
761 920 926 982 rationem
949 921 1024 982 ins·
1080 919 1166 995 quod
1182 918 1222 980 de
1237 919 1422 981 manifestis
1436 919 1523 980 iulba
1539 919 1767 997 quadraginta,
1785 927 1854 987 etde

228 1019 338 1091 tructi,
369 1017 501 1078 nunciis
532 1019 565 1078 et
591 1017 862 1093 procuratoribus
888 1018 1023 1090 vestris,
1081 1017 1190 1078 dubiis
1201 1033 1282 1078 vero
1294 1019 1368 1094 post
1382 1018 1551 1094 querelam
1567 1021 1765 1095 propositam
1785 1023 1854 1084 inire

227 1117 384 1181 videlicet
399 1114 564 1176 nobilibus
587 1116 669 1176 viris
684 1114 835 1178 Gisberto
850 1115 979 1192 Albigo,
994 1116 1026 1178 et
1081 1116 1257 1192 sexaginta
1283 1115 1354 1176 dies
1380 1116 1613 1192 pronuncient,
1638 1119 1672 1178 et
1689 1120 1852 1195 potestates,

228 1220 317 1279 Leon
344 1232 404 1293 pro
429 1214 524 1276 vobis
553 1214 697 1289 Pisanis,
724 1215 757 1278 et
782 1214 928 1278 Huberto
952 1214 1027 1292 Spi-
1080 1212 1238 1285 rectores,
1255 1214 1480 1276 seuconsules
1495 1215 1638 1286 vestros,
1656 1217 1711 1293 qui
1728 1233 1781 1294 pro
1793 1219 1855 1278 tem·

228 1317 327 1387 nulae,
355 1313 492 1375 Fulconi
514 1313 659 1385 castelli,
689 1313 826 1374 Daniele
851 1313 971 1381 Dorias,
994 1312 1027 1373 et
1081 1327 1161 1389 pore
1180 1311 1317 1384 luerint,
1346 1313 1382 1374 ut
1403 1312 1436 1373 id
1457 1313 1543 1390 quod
1574 1312 1618 1374 ab
1643 1313 1710 1374 illis
1729 1331 1854 1392 pronun·

228 1417 368 1489 Hugone
383 1410 584 1472 cancellario
607 1427 667 1489 pro
690 1411 784 1472 vobis
803 1411 1026 1474 Januensibus
1082 1411 1204 1472 cletum
1219 1410 1320 1472 luerit
1334 1409 1469 1483 iaciant,
1484 1413 1559 1488 post
1577 1412 1853 1488 pronuntiationem

229 1511 271 1572 ad
283 1526 343 1572 nos
360 1525 458 1586 super
472 1509 668 1586 iisexparte
680 1509 791 1570 vestra
806 1509 1025 1582 transmissis,
1082 1508 1169 1570 infra
1194 1509 1313 1584 uiginti
1333 1508 1403 1570 dies
1426 1509 1619 1571 executioni
1639 1509 1791 1584 mandari,
1809 1527 1853 1572 as·

228 1611 265 1671 in
288 1609 401 1672 nostre
426 1607 604 1684 prasentia
627 1607 826 1676 constitutis,
848 1605 943 1669 vobis
967 1605 1027 1668 sub
1081 1607 1236 1683 tringetis
1267 1607 1400 1668 vinculo
1434 1609 1630 1684 juramenti.
1664 1610 1739 1670 Haec
1768 1611 1854 1670 auten

229 1706 340 1768 debito
357 1705 538 1783 juramenti
553 1703 594 1766 de
609 1705 774 1765 communi
790 1703 929 1767 fratrum
944 1720 1026 1766 nos·
1082 1704 1176 1767 vobis
1188 1705 1230 1766 ad
1245 1720 1404 1782 praesens,
1416 1704 1519 1766 salvis
1533 1705 1691 1766 omnibus
1705 1706 1774 1768 eliis
1787 1722 1855 1768 ntan-

229 1808 357 1867 trorum
368 1803 506 1865 consilio
518 1803 739 1880 praecipimus,
748 1819 821 1880 quae
833 1801 1025 1880 sequuntur.
1083 1804 1168 1866 datis
1181 1802 1315 1875 nostris,
1327 1803 1482 1865 dommus
1498 1804 1715 1882 injungenda.
1724 1805 1854 1868 Volumus

229 1907 296 1966 Vos
332 1903 455 1979 itaque,
480 1904 682 1974 leonenses,
711 1903 885 1979 postquam
914 1901 1028 1962 nuncii
1083 1903 1183 1964 etiam
1197 1899 1292 1962 vohis
1306 1901 1529 1966 Jauuensibus
1545 1905 1604 1980 jus
1625 1903 1778 1979 pignoris,
1790 1901 1853 1980 quod

229 2001 332 2063 vestri
346 2000 388 2062 ad
404 1999 538 2078 proprie
557 1998 751 2062 remeabunt
773 1999 860 2062 infra
883 2015 1028 2060 mensem
1083 2001 1119 2061 in
1136 1999 1287 2078 judicatu
1306 1999 1456 2062 arboreae
1472 2016 1531 2062 vos
1546 2000 1675 2062 babere
1690 2001 1853 2077 proponitis,

230 2099 414 2165 custodiam
425 2096 702 2160 CastriBonilacii
712 2097 818 2168 nobis,
828 2097 861 2160 et
871 2100 1029 2159 Romanae
1083 2099 1213 2160 salvum
1223 2096 1306 2169 lore,
1323 2097 1370 2158 ita
1383 2098 1421 2161 ut
1431 2097 1516 2159 nibil
1530 2099 1777 2176 consequemini
1789 2097 1854 2158 ultra

230 2196 388 2260 Ecclesiae
404 2195 594 2270 assignetis,
606 2197 739 2257 tenendi
753 2212 857 2273 usque
871 2195 913 2258 ad
927 2195 1031 2257 bene-
1085 2197 1218 2266 sortem,
1233 2197 1268 2258 et
1278 2209 1318 2257 ea
1330 2197 1484 2274 percepta
1497 2197 1549 2258 vel
1565 2198 1595 2258 si
1607 2201 1678 2276 jam
1692 2195 1855 2275 percepistis

228 2295 387 2373 placitum
412 2295 561 2356 nostrum
590 2310 649 2370 per
676 2309 754 2366 eos,
784 2310 865 2371 quos
896 2294 939 2356 ed
967 2293 1029 2355 boc
1084 2295 1244 2367 eamdem,
1261 2295 1297 2356 ut
1320 2309 1359 2355 ea
1386 2295 1540 2372 percepta
1562 2296 1617 2356 vel
1640 2297 1670 2356 si
1679 2297 1746 2374 jam
1764 2309 1855 2370 perco-

229 2392 423 2456 duxerimus
446 2390 661 2469 deputandos,
678 2392 724 2453 ita
749 2393 785 2454 ut
799 2407 858 2470 per
875 2391 938 2454 boc
953 2392 1031 2452 nul·
1084 2393 1180 2471 pistis
1197 2392 1357 2464 eamdem,
1373 2391 1446 2470 ipsa
1459 2393 1606 2455 contenti
1625 2393 1745 2454 dictum
1760 2391 1854 2468 pignus

231 2490 299 2552 lum
314 2493 472 2552 Romanae
495 2489 652 2552 Ecclesiae
672 2490 902 2567 praejudicium
922 2505 1029 2566 gene·
1084 2491 1272 2554 absolutum
1287 2489 1411 2567 absque
1427 2490 1624 2556 ditticultete
1645 2489 1854 2570 aliquadinit-

232 2590 335 2660 retur,
352 2587 385 2652 et
407 2603 466 2650 vos
482 2585 529 2667 (1)
541 2588 740 2652 Pisanorum
756 2587 923 2666 praedictis
938 2603 1029 2649 nun·
1084 2590 1175 2652 tatis,

231 2687 292 2748 ciis
305 2689 447 2749 tanuen.
470 2699 530 2762 pro
551 2686 714 2748 Jeuuensi
733 2685 878 2757 civitate,
902 2685 935 2748 et
959 2699 1031 2746 om·
1124 2686 1217 2749 Nulli
1230 2702 1309 2765 ergo
1324 2687 1459 2748 omnino
1474 2687 1648 2750 hominum
1673 2685 1765 2748 liceat
1777 2684 1854 2760 hujus

230 2784 328 2848 nibus
344 2783 715 2856 ciuibusJanueusibus,
733 2786 766 2845 et
779 2799 839 2860 pro
851 2783 1028 2855 universis,
1086 2785 1190 2847 nostri
1211 2785 1368 2862 praecepti
1383 2785 1539 2861 paginam
1560 2783 1753 2860 intringere,
1772 2781 1815 2843 vel
1832 2780 1854 2840 ei

231 2883 288 2963 qui
301 2883 378 2944 suut
390 2881 431 2944 de
444 2897 559 2944 eorum
572 2880 724 2945 districtu
734 2881 769 2942 in
782 2883 872 2944 terra
887 2882 921 2943 et
932 2882 1028 2953 mari,
1085 2899 1169 2945 ausu
1179 2882 1358 2945 temerario
1369 2883 1547 2945 contraire.
1565 2882 1600 2944 si
1617 2883 1689 2961 quis
1698 2882 1795 2943 autem
1808 2879 1854 2938 hoc

231 2983 265 3046 et
279 2997 337 3044 vos
353 2980 468 3043 Pisani
487 2979 655 3060 provehis
673 2982 706 3044 et
726 2981 846 3042 vestris
866 2980 1028 3052 omnibus
1086 2982 1249 3044 attemme
1264 2981 1523 3058 praesumpserit,
1539 2980 1792 3057 indignationem
1806 2991 1855 3036 on·

231 3079 404 3156 postquam
419 3077 533 3140 nuncii
548 3077 652 3140 vostri
673 3077 844 3141 redierint.
856 3079 1032 3141 Januensi·
1086 3079 1266 3157 nipotentis
1295 3078 1354 3140 Del
1375 3094 1415 3140 ec
1434 3077 1607 3141 beatorum
1631 3077 1718 3140 Petri
1738 3077 1767 3136 et
1779 3071 1853 3135 Pauli

232 3176 324 3240 sibus
336 3177 370 3239 et
381 3176 451 3237 suis
465 3174 618 3238 omnibus
632 3191 756 3247 veram,
774 3175 905 3252 plenam
920 3177 955 3237 et
968 3175 1030 3237 fir·
1086 3177 1310 3255 apostolorum
1326 3178 1398 3254 ejus
1413 3191 1448 3237 se
1464 3177 1595 3238 noverit
1613 3178 1816 3238 incursurum.

231 3291 319 3337 mam
332 3289 446 3352 pacem
461 3272 608 3336 reddetis
623 3273 656 3334 et
671 3273 706 3334 in
717 3274 886 3350 posterum
901 3289 1031 3334 consor·
1126 3277 1245 3338 Datum
1256 3275 1422 3348 Laterani,
1435 3274 1588 3336 kalendis
1599 3273 1785 3342 decembris,
1795 3275 1857 3347 pon

231 3374 330 3446 vetis,
360 3373 394 3434 et
420 3371 484 3434 boc
511 3370 735 3448 praecipimus,
758 3371 860 3433 salvis
879 3371 1031 3433 omnibus
1087 3373 1450 3436 tilicatusnostrianno
1466 3373 1626 3437 secunde.

233 3471 311 3532 aliis
326 3469 490 3533 mendatis
506 3469 628 3532 nostris
642 3485 742 3546 super
759 3469 812 3542 iis,
827 3469 900 3548 quae
916 3470 957 3531 ad
972 3486 1033 3546 pe·

233 3586 303 3632 cem
319 3568 431 3630 lacere
442 3568 691 3644 dignoscuntur,
707 3568 743 3631 ut
753 3584 812 3646 per
823 3584 884 3630 nos
897 3568 1034 3631 univer-
1436 3542 1538 3629 LXX

234 3669 280 3730 sis
291 3667 420 3729 demum
433 3666 609 3729 discordiis
620 3666 707 3729 intra
718 3668 848 3743 tempus
863 3666 1034 3744 praeligen·
1088 3700 1140 3760 Ad
1153 3696 1302 3758 Petrum
1313 3695 1469 3757 abbatem
1482 3697 1517 3756 S·
1534 3697 1684 3770 [gemm-3
1695 3688 1852 3754 memes,

233 3767 310 3827 dum
326 3765 1034 3842 anobisDomioocooperantesopitis,pex
1390 3818 1407 3875 ἲ
1423 3816 1476 3875 doc
1503 3818 1571 3876 lali

232 3863 321 3926 inter
334 3880 393 3925 nos
407 3865 566 3941 perpetua
580 3863 691 3926 valeat
709 3863 913 3936 conservari,
925 3865 960 3926 et
972 3879 1033 3926 vos
1284 3932 1290 3944 ,
1412 3932 1446 3942 Η
1478 3860 1522 3942 “,
1574 3859 1582 3873 ’
1666 3931 1672 3942 ‚

234 3962 350 4024 Pisani
366 3976 479 4038 pacem
497 3959 646 4022 eamdem
669 3960 820 4022 omnibus
835 3961 955 4024 vestris
970 3977 1033 4023 cu·
1104 3934 1203 4001 wana,
1214 3933 1337 3986 Arcena
1349 3932 1568 3984 admonstrare
1582 3933 1615 3983 ‘¹⁰
1628 3928 1746 3988 ΜΛ·
1756 3921 1842 3986 Μ

233 4059 315 4120 retis
350 4058 475 4136 absque
513 4073 614 4122 morae
643 4057 817 4135 dispendio
855 4059 1032 4132 nuntiare,
1089 4044 1122 4103 Ei
1138 4041 1276 4116 indulget,
1288 4047 1319 4108 ut
1338 4041 1525 4101 lliffllflllffllffl
1538 4055 1610 4112 illm
1625 4043 1655 4099 P·
1669 4028 1853 4136 ecquidsuullt

234 4173 358 4233 vosque
384 4159 570 4218 Januenses
598 4155 713 4217 nuncii
733 4155 867 4218 nomine
886 4156 1034 4222 omnium
1125 4130 1496 4232 proedeoeffl0'?⁸‚i⁰¹⁹⁸iu⁸
1507 4126 1853 4230 ¹¹¹⁰¹¹³⁸⁸⁰F¹¹d⁸mm²¹¹¹²¹m

233 4254 452 4319 Januensium
476 4252 572 4315 dictis
592 4253 791 4315 Pisanorum
819 4253 951 4316 nunciis
975 4271 1034 4332 pro
1125 4219 1551 4293 [⁹⁰³¹⁰⁰¹’¹⁹⁸¹¹¹m⁰¹ev⁰⁰⁸¹⁰
1566 4223 1666 4292 ⁹⁰⁸⁸¹¹'

234 4353 368 4416 civitate
383 4351 505 4412 Pisana
518 4351 661 4423 Pisanis
680 4351 712 4414 et
733 4351 886 4414 omnibus
904 4353 984 4425 suis,
1003 4357 1036 4414 et
1129 4347 1491 4424 Honorineepiscopus‚
1503 4333 1850 4407 servusserrorumllci,

234 4469 293 4514 vos
315 4454 500 4514 Jannenses
526 4465 586 4527 pro
608 4449 714 4522 vobis,
738 4450 771 4512 ct
791 4451 911 4512 vestris
927 4452 1036 4512 omni·
1090 4444 1288 4509 dilectotllio
1303 4444 1414 4506 abbati
1431 4447 1464 4506 S.
1481 4443 1624 4519 Remigii
1636 4436 1802 4504 Remensis,
1815 4445 1852 4490 sa·

233 4551 306 4623 bus,
320 4549 406 4612 sicut
421 4549 455 4610 in
468 4547 601 4610 Pisanis
615 4548 665 4610 est
674 4548 967 4621 dictum,eemdem
977 4565 1035 4627 per
1090 4547 1191 4612 lutam
1206 4545 1238 4606 et
1252 4543 1468 4620 apostolicam
1480 4540 1773 4602 benedictionem...

235 4650 347 4713 omnia
369 4647 511 4710 faciatis.
535 4648 584 4711 Ad
606 4648 678 4712 baec
702 4647 914 4726 praecipimus
940 4648 1034 4710 robis
1129 4643 1247 4706 Extua
1262 4640 1515 4704 sauerelatione
1529 4627 1849 4716 accepimusquodP·‚

235 4748 380 4816 Pisanis,
409 4747 445 4810 ut
472 4746 576 4808 nobili
601 4747 675 4810 uiro
695 4745 802 4823 Judici
826 4747 975 4808 Turiten.
1003 4747 1036 4809 st
1089 4739 1269 4819 etquidem
1289 4739 1348 4801 alii
1368 4737 1630 4816 praedecessores
1651 4735 1709 4804 tui,
1729 4725 1850 4830 quaedam

236 4850 307 4924 ejns
323 4846 391 4908 tilio
404 4845 568 4924 rebusque
583 4845 877 4922 ipsoruminterra
890 4846 923 4906 et
936 4845 1032 4918 meri,
1089 4841 1175 4902 bona
1197 4837 1391 4900 monasterii
1413 4839 1447 4898 S.
1474 4835 1617 4911 Remigii
1640 4825 1807 4894 Remensis,
1825 4833 1850 4878 111

233 4960 359 5014 veram,
378 4943 518 5015 firmem,
534 4943 567 5006 et
589 4942 721 5018 plenam
741 4959 856 5021 pacem
875 4942 1033 5016 reddetis,
1090 4953 1192 5014 grave
1212 4935 1317 5014 ipsius
1346 4933 1536 4996 alienarunt
1563 4925 1749 4993 monasterii
1766 4921 1848 5022 detri-

236 5044 334 5120 atque
350 5040 500 5102 servetis.
517 5040 635 5104 Omnia
650 5055 741 5114 vero,
759 5057 868 5119 qnaea
888 5041 1035 5119 tempore
1089 5036 1248 5098 mentum.
1264 5035 1311 5096 Ea
1327 5033 1471 5110 propter,
1489 5029 1609 5091 dilecte
1623 5028 1657 5088 in
1672 5012 1848 5088 Dominodln

235 5139 331 5202 nobis
366 5136 507 5216 praestiti
535 5137 718 5215 jnramenti
749 5139 827 5200 suut
853 5138 1035 5200 hincinde
1089 5133 1156 5196 tuis
1180 5131 1333 5211 precibus
1356 5131 1450 5206 grato
1470 5125 1702 5192 concurrentes
1728 5125 1847 5180 assensn,

236 5238 357 5310 ablata,
391 5235 444 5298 vel
479 5235 636 5312 deinceps
673 5234 800 5298 eulerri
839 5236 1033 5312 contigerit,
1091 5231 1288 5294 auctoritate
1301 5227 1363 5291 tibi
1379 5226 1591 5305 praesentium
1607 5221 1805 5296 indulgemus,
1822 5203 1849 5265 ¹1²

234 5337 411 5398 restituere
424 5350 484 5398 vos
498 5333 613 5396 Pisani
627 5334 659 5397 et
671 5323 857 5397 Januenses
879 5334 1036 5396 damnum
1091 5329 1311 5392 alienationes
1336 5325 1511 5404 praedictas
1539 5323 1600 5387 tibi
1621 5321 1724 5389 liceat,
1747 5307 1848 5374 sublato

273 5465 312 5540 (ll
326 5465 483 5537 bopardam
497 5465 664 5522 crediderim
677 5482 686 5520 :
698 5465 732 5522 Et
744 5479 796 5522 vos
806 5465 927 5522 tanuen.
939 5465 1036 5522 nuncii
1092 5462 1259 5520 Pisanorum
1275 5473 1327 5533 pro
1338 5459 1441 5516 Pisana
1460 5457 1575 5515 civitate
1590 5463 1619 5515 ct
1630 5448 1752 5528 omnibus
1763 5435 1847 5500 civibus

236 5539 332 5597 stetim
349 5536 465 5594 nornine
477 5537 605 5594 omnium
622 5539 743 5596 tanuen.
765 5535 908 5612 predictis
924 5536 1037 5596 nunciis
1092 5533 1214 5592 Pisanis.
1232 5531 1437 5606 (Coquelinest
