4082 6342
276 385 336 445 ⁴59

277 543 420 609 babebat
453 543 576 622 praeter
603 543 785 622 annualem
817 543 1076 620 hospitationem

276 643 408 722 quando
433 641 558 705 ibidem
582 642 739 720 jacuerit,
765 643 799 704 et
824 642 953 704 talliam
977 659 1075 720 quarn

275 740 362 818 apud
378 741 574 818 cergiacum
591 741 625 802 in
653 741 841 810 chassim,
853 741 886 803 et
898 741 985 820 apud
1000 744 1077 806 Cor·

275 840 392 902 melias
402 838 495 900 vobis
509 838 655 902 donavit.
671 843 719 900 Ex
733 839 819 900 dono
834 838 929 906 bonas
951 855 1077 900 memo·

275 936 335 998 riae
349 934 505 996 Garriredi
521 936 696 996 carnoten.
720 935 878 1012 episcopi,
900 935 1021 999 altaria
1035 935 1075 996 16

273 1033 485 1106 Monarvilla,
507 1035 540 1096 et
563 1034 603 1094 16
623 1031 781 1096 Rubrido.
801 1036 850 1094 Ex
868 1033 953 1097 dono
969 1034 1075 1096 Alvisi

273 1132 369 1194 bonae
394 1132 561 1196 66666616
589 1131 779 1194 Atrebates.
804 1131 951 1208 episcopi
970 1131 1075 1194 altare

274 1229 315 1292 16
346 1229 509 1292 Anechin.
547 1232 596 1292 Ex
622 1229 709 1290 dono
742 1229 882 1290 illustris
906 1230 1075 1293 6666616

274 1327 557 1388 1116661166111661
574 1327 774 1389 etWillelmi
785 1327 949 1404 quondam
959 1343 1074 1406 regum

273 1427 414 1502 Angliae,
427 1426 670 1488 Derherstriam
686 1441 787 1503 super
806 1427 944 1494 1166166
961 1425 1076 1488 Sabri-

272 1539 326 1588 nae
343 1524 452 1596 sitam,
469 1525 651 1597 16616666,
668 1527 796 1591 Moram
812 1540 888 1587 cum
907 1524 1074 1602 appendi-

274 1622 332 1684 tiis
347 1621 427 1686 6616.
452 1621 500 1684 Ad
514 1623 585 1684 baec
600 1623 793 1684 comitatum
808 1623 1001 1696 chassiui,
1016 1623 1075 1700 qui

269 1719 358 1796 juris
372 1719 461 1782 beati
481 1720 632 1797 Dionysii
647 1722 708 1794 est,
725 1737 821 1798 quem
843 1721 984 1787 illustris
998 1737 1074 1788 me·

273 1817 390 1880 66616
405 1817 590 1885 Ludovicus
606 1819 771 1894 quondam
793 1834 855 1880 666
869 1821 1075 1882 Francorum

273 1915 701 1993 666866661666666166
714 1917 865 1984 abbatem
878 1917 986 1980 sancti
1002 1918 1076 1978 Dio-

273 2014 362 2090 nysii
390 2014 426 2074 iu
448 2012 648 2078 beneficium
672 2016 705 2078 et
730 2014 864 2081 166166
888 2015 1075 2092 suscepisse

274 2112 496 2188 cognoscitur,
513 2113 670 2189 quonlam
685 2113 715 2174 is
731 2113 880 2190 possidet
901 2116 997 2190 cujus
1013 2129 1075 2174 no-

272 2209 361 2270 mine
377 2209 575 2285 possidetur,
596 2210 657 2271 tibi
671 2211 805 2289 tuisque
826 2211 1074 2276 successorihus

272 2307 518 2370 6661666666.
544 2308 712 2370 vicariam
742 2326 872 2387 quoque
900 2311 933 2372 et
962 2309 1074 2370 omni-

271 2406 403 2467 modam
425 2406 590 2484 justitiam
614 2423 654 2470 66
678 2408 863 2484 plenariam
888 2408 1074 2470 libertatem

268 2505 366 2582 juxta
377 2504 494 2569 villam
507 2506 614 2568 sancti
627 2506 789 2584 Dionysii,
800 2507 886 2570 sicut
900 2507 1074 2584 suscriptis

273 2603 426 2664 terminis
442 2603 669 2680 distinguitur,
691 2620 712 2666 a
727 2605 828 2666 fluvio
844 2605 999 2670 videlicet
1014 2608 1075 2668 Se-

273 2717 394 2779 quano,
408 2717 428 2762 a
443 2702 633 2765 molendino
657 2703 744 2779 quod
766 2703 864 2778 vulgo
888 2703 1075 2780 appellatur

271 2799 396 2862 Barard
413 2815 518 2876 usque
527 2799 569 2860 ad
582 2815 772 2876 supremum
781 2801 880 2876 caput
894 2800 984 2862 villae
1000 2817 1074 2878 quae

271 2897 411 2958 vocatur
434 2897 670 2965 Arbervillare,
697 2912 795 2974 quam
828 2896 987 2975 66616166
1013 2913 1075 2960 rex

270 2995 358 3072 juris
393 3011 466 3057 esse
502 2995 593 3058 beati
627 2994 777 3073 Dionysii
815 3011 1071 3072 recognoscens,

273 3093 379 3154 eidem
395 3094 598 3164 monasterio
616 3093 773 3166 restituit,
789 3085 890 3158 robis
906 3094 1074 3160 nihilomi-

273 3207 336 3252 666
349 3191 595 3253 6661666666.

313 3289 481 3350 Praeterea
491 3288 713 3350 omnimodam
724 3289 918 3366 potestatem
929 3305 1075 3350 omnem·

899 362 1075 450 666666
1099 386 1313 448 urorum.
1856 395 1905 454 ((6

1103 509 1108 516 ¹
1130 545 1353 620 continentur,
1363 545 1505 609 statium
1516 546 1904 626 hactenussuntservata,

1130 645 1321 721 Apostolico
1336 645 1518 706 66616166
1533 645 1739 708 roboramus.
1757 649 1839 709 Sane
1851 665 1904 710 uo-

1130 741 1255 806 valium
1277 744 1475 816 vestrorum,
1501 745 1577 816 etc,
1607 760 1712 818 66666
1737 750 1905 822 praesumat.

1130 840 1244 901 Liceat
1266 855 1396 917 quoque
1420 840 1514 902 vohis
1540 841 1690 914 clericos,
1719 844 1793 914 etc,
1817 860 1907 918 ((6666

1130 939 1286 1000 retinere.
1303 939 1522 1002 Prohibemus
1539 941 1685 1019 insuper,
1703 941 1739 1002 ut
1753 941 1834 1002 nulli
1852 943 1908 1002 lra-

1129 1039 1217 1098 trum
1232 1038 1430 1108 vestrorum,
1445 1040 1520 1112 etc,
1536 1054 1643 1114 ((6666
1656 1039 1811 1100 retinere.

1168 1136 1375 1198 Auctoritate
1404 1151 1533 1213 quoque
1553 1137 1743 1214 Apostolica
1765 1136 1908 1214 probibe-

1129 1247 1215 1306 mus,
1232 1249 1274 1294 66
1288 1233 1409 1310 aliquis
1423 1233 1524 1296 abbas
1539 1236 1732 1296 monasterii
1746 1235 1846 1311 ipsius
1859 1236 1912 1296 ter·

1129 1347 1196 1402 ras,
1214 1330 1364 1393 redditus
1379 1331 1420 1392 ad
1435 1333 1544 1409 ipsum
1559 1333 1758 1410 spectantes,
1775 1333 1910 1408 6666611-
2013 1391 2014 1418 ἦ

1129 1427 1191 1490 bus
1204 1430 1275 1492 suis
1290 1431 1349 1490 aut
1364 1429 1450 1499 aliis,
1467 1429 1592 1502 domos,
1609 1430 1662 1492 rel
1678 1430 1781 1492 61166
1795 1445 1833 1491 66
1849 1445 1910 1506 qua
2013 1423 2014 1438 ³

1129 1525 1169 1588 de
1186 1526 1322 1590 caducis
1343 1526 1552 1603 proveniant,
1574 1528 1632 1589 aut
1654 1527 1840 1590 ministeria
1859 1527 1912 1586 do-

1129 1640 1214 1697 666,
1231 1624 1297 1688 6161
1311 1623 1369 1686 illa
1384 1626 1512 1686 166166
1527 1641 1600 1702 (666
1618 1627 1696 1687 6661
1708 1625 1911 1688 servientium
2013 1639 2014 1644 ¹

1128 1722 1337 1794 clericorum,
1355 1721 1434 1784 1666
1455 1723 1645 1800 praesumat,
1669 1739 1733 1786 666
1752 1723 1913 1801 pecuniam

1129 1821 1217 1882 ultra
1229 1822 1363 1882 centum
1376 1805 1560 1882 1116666166
1575 1837 1715 1882 6666666
1727 1821 1828 1882 totius
1838 1819 1913 1896 capi·

1129 1918 1191 1980 tuli
1212 1919 1264 1980 vel
1286 1919 1424 1996 majoris
1445 1919 1478 1982 et
1500 1919 1644 1982 sanioris
1670 1919 1787 1996 666116,
1813 1919 1913 1979 66166

1129 2018 1300 2094 suscipere
1310 2017 1441 2078 audeat.
1451 2017 1541 2078 Nulli
1550 2034 1679 2095 quoque
1688 2016 1913 2080 monachorum

1130 2115 1288 2196 quidquid
1310 2115 1383 2178 sine
1404 2131 1569 2176 consensu
1592 2115 1722 2177 abbatis
1747 2115 1788 2176 ab
1814 2114 1913 2189 aliquo

1130 2216 1243 2278 mutuo
1259 2213 1408 2290 recipere
1427 2213 1537 2274 liceat.
1559 2216 1590 2274 Is
1607 2217 1720 2274 autem
1734 2212 1790 2290 qui
1809 2211 1915 2272 minis·
2013 2213 2014 2244 ³

1130 2312 1250 2373 terium
1262 2311 1378 2374 domus
1388 2310 1553 2383 hahuerit,
1564 2308 1913 2374 611666661666611166
2013 2333 2014 2370 ι

1130 2411 1323 2496 66166666
1339 2409 1482 2486 66616161
1499 2411 1620 2486 666166
1633 2408 1764 2470 abbatis
1779 2421 1911 2469 consen-
2013 2405 2014 2426 ¹

1131 2524 1215 2568 sum.
1251 2507 1434 2570 Statuimus
1462 2507 1561 2568 61166
1588 2506 1625 2567 ut
1649 2507 1754 2568 abbas
1777 2504 1912 2582 sigillum

1131 2605 1299 2682 proprium
1317 2603 1437 2666 habeat
1453 2605 1540 2666 61661
1560 2605 1611 2666 661
1624 2604 1664 2665 (16
1682 2601 1912 2666 666666161166

1130 2704 1291 2766 hactenus
1306 2702 1526 2766 observatum.
1542 2705 1580 2762 ln
1604 2701 1851 2778 parochialibus
1862 2714 1917 2758 au-

1129 2803 1194 2862 tem
1228 2799 1378 2860 ecclesiis
1407 2816 1489 2876 quas
1523 2798 1665 2871 hahetis,
1700 2799 1803 2860 liceat
1832 2794 1915 2858 robis
2013 2813 2014 2854 ι

1129 2897 1317 2960 6666616166
1346 2897 1469 2973 eligere
1497 2898 1531 2960 61
1553 2897 1744 2959 1166666666
1770 2896 1913 2973 66166666

1130 2997 1343 3073 praesentare,
1365 2995 1495 3072 quibus,
1514 2995 1543 3056 si
1562 2995 1673 3056 idonei
1696 2994 1821 3056 suerint
1837 2991 1916 3069 epis-

1129 3111 1231 3171 copus
1247 3095 1432 3156 animarum
1446 3109 1559 3154 66666
1575 3093 1769 3164 666611161,
1787 3093 1823 3152 61
1839 3088 1915 3150 eide

1128 3192 1368 3268 spiritualibus,
1390 3190 1483 3253 vobis
1500 3192 1609 3252 autern
1626 3191 1668 3251 de
1687 3186 1915 3266 temporalibus

1128 3287 1837 3366 16166616666661666.16611116661166661
1867 3282 1915 3342 111-

274 3403 338 3464 666
359 3387 536 3462 justitiam,
558 3387 590 3448 61
616 3386 789 3448 universas
816 3386 1073 3448 consuetudines
1129 3388 1180 3448 cia
1196 3387 1357 3450 laicorum
1373 3386 1555 3464 66616666
1571 3386 1739 3446 memoriae
1757 3387 1810 3446 W.
1826 3397 1917 3460 quou-

274 3484 498 3546 nuudiuarum
514 3484 548 3548 16
564 3483 644 3548 dicti
655 3483 760 3560 ipsius
771 3483 860 3560 regis
871 3483 1073 3548 liberalitate
1129 3485 1204 3546 166
1228 3484 1331 3546 abhas
1350 3483 1497 3562 ejusdem
1524 3483 1719 3544 monasterii
1742 3483 1786 3544 ad
1811 3492 1917 3542 manus

274 3581 369 3644 vohis
384 3597 572 3654 concessas,
590 3583 626 3645 ut
638 3582 806 3660 perpetuis
821 3598 878 3644 eas
889 3582 999 3659 quiete
1015 3583 1076 3643 ob-
1128 3599 1206 3644 6666
1221 3582 1262 3644 ab
1284 3581 1472 3644 hominibus
1483 3581 1518 3642 iu
1532 3580 1637 3657 burgo
1653 3582 1762 3642 666611
1778 3573 1917 3654 Dionysii

274 3680 410 3742 timeatis
433 3681 636 3758 temporibus
661 3681 923 3744 confirmationis
951 3682 1073 3744 nostrae
1129 3679 1749 3754 commorantibuslegitimerevocavit,
1760 3679 1918 3739 decaetero

275 3779 459 3844 munimine
474 3779 681 3846 roboramus,
695 3780 743 3840 Ad
757 3779 829 3840 haec
840 3779 1073 3842 refutationem
1128 3780 1205 3840 aliis
1226 3777 1408 3854 assignari3
1434 3777 1604 3853 regulares
1624 3777 1724 3838 etiam
1746 3774 1918 3838 consuetu·
2015 3835 2016 3852 χ

274 3892 386 3956 66666
417 3877 667 3942 consuetudinis
681 3893 780 3954 quam
803 3877 1014 3940 Burchardus
1034 3876 1073 3938 de
1128 3877 1223 3938 (11666
1244 3893 1264 3938 6
1283 3874 1584 3952 praedecessoribus
1605 3875 1727 3936 vestris
1743 3877 1778 3936 et
1798 3868 1918 3935 asebis
2015 3923 2016 3936 ,

275 3976 387 4036 Μο616
406 3975 611 4037 Morentiaco
629 3976 663 4042 16
685 3974 793 4036 vineis
817 3975 920 4036 vestri
937 3991 1075 4038 monas-
1128 3975 1291 4037 hactenus
1306 3973 1497 4034 observatas
1513 3972 1624 4049 aliqua
1639 3971 1777 4033 levitate
1792 3965 1916 4034 mutari,
2015 3987 2016 4048 ι

275 4070 1074 4146 16611161116611661116611166666161611161666161
1129 4072 1248 4132 616116
1271 4071 1328 4132 166
1353 4071 1423 4131 sive
1441 4071 1575 4130 tuorum
1597 4069 1698 4131 luerit
1718 4064 1918 4146 providentie
2015 4063 2016 4120 t

275 4171 374 4230 terrae
392 4183 473 4229 666.
489 4167 649 4228 Similiter
668 4168 939 4243 compositionem
956 4168 1074 4229 initam
1129 4184 1358 4230 successorum
1371 4183 1445 4228 666
1461 4182 1624 4228 consensu
1637 4167 1777 4244 capituli
1792 4165 1918 4227 ((6166-
2015 4159 2016 4248 g

275 4265 365 4330 inter
398 4264 637 4329 monasterium
663 4265 808 4332 vestrum
841 4267 875 4326 et
899 4264 1074 4326 ecclesiam
1125 4267 1211 4345 joris
1230 4267 1289 4328 aut
1306 4264 1449 4325 sanioris
1465 4265 1580 4341 partis,
1601 4265 1801 4326 auctoritate
1817 4265 1918 4338 Apes·
2015 4267 2016 4330 5

277 4360 1073 4440 sauctiExuperiiGorholien.inpraesentiahonae
1128 4364 1229 4426 161166
1244 4362 1466 4440 probibemus.
1484 4363 1595 4424 Novas
1611 4363 1773 4438 praeteree
1790 4357 1919 4422 611616-

276 4459 793 4537 66666161616666166666166
803 4460 1075 4536 (166661666616
1128 4461 1214 4522 bites
1223 4453 1916 4536 exactionesabarchiepiscopis,episcopis,

275 4561 362 4637 copi,
378 4575 478 4636 super
499 4558 689 4634 integritate
716 4556 900 4640 praehendae
926 4557 1074 4634 ejusdem
1129 4558 1385 4629 archidiaconis
1407 4573 1465 4618 seu
1487 4557 1623 4618 decanis
1641 4558 1695 4618 vel
1714 4557 1794 4617 aliis
1814 4553 1918 4617 eccle·-

274 4657 437 4720 ecclesiae.
460 4657 509 4724 nd
528 4657 701 4733 exemplar
719 4654 855 4731 1666666
874 4653 981 4716 1611616
999 4669 1074 4716 me-

275 4756 390 4826 66616
400 4755 584 4819 1666666111
594 4753 742 4824 6666611,
754 4752 924 4814 Anastasii
937 4751 1075 4814 611666-

275 4853 478 4914 666111166111
494 4855 718 4916 Romanorum
732 4850 938 4920 Pontificum,
951 4849 1075 4927 praede-

275 4965 445 5010 cessorum
462 4951 661 5020 nostrorum,
684 4948 958 5024 compositionem
974 4963 1074 5023 super

1128 4657 1255 4717 siarum
1267 4655 1416 4734 praelatis
1430 4655 1566 4716 omniuo
1579 4653 1676 4716 vohis
1692 4653 1766 4715 iteri
1779 4648 1920 4730 prohibe·

1128 4770 1212 4816 mus.
1244 4753 1396 4816 Gbrisma
1424 4767 1515 4822 vero,
1534 4751 1645 4816 oleum
1664 4753 1828 4823 sanctum,
1848 4748 1917 4814 etc,

1128 4866 1235 4925 usone
1249 4849 1419 4912 exlrihere.
1434 4848 1779 4925 inhibemusiusuper,
1795 4843 1917 4910 6116166

1128 4948 1210 5012 lines
1235 4947 1476 5025 parochialium
1501 4945 1718 5008 ecclesiarum
1737 4947 1916 5007 vestrarum
2005 5027 2009 5036 Ι

276 5046 506 5108 controversia
524 5061 598 5122 (666
619 5044 784 5122 quondam
800 5046 888 5110 iuter
902 5046 1073 5108 6666616-
1128 5045 1239 5106 661166
1254 5045 1327 5106 6166
1341 5043 1522 5105 dioecesani
1535 5042 1681 5124 episcopi
1696 5045 1729 5104 et
1740 5043 1850 5104 vestro
1864 5053 1914 5100 as·

275 5141 1072 5212 616666616666166666166166666611Μί-
1128 5159 1228 5204 sensu
1255 5142 1429 5218 capellam,
1458 5140 1511 5206 vel
1546 5139 1727 5200 oratorium
1756 5139 1914 5201 61116666

274 5241 401 5304 61666116
419 5239 619 5312 vertebatur,
636 5240 723 5302 sicut
741 5240 775 5300 16
791 5240 981 5302 66666166
1001 5241 1072 5302 Ro·-
1127 5242 1318 5316 66666661,
1329 5239 1431 5302 salvis
1444 5237 1627 5314 privileg-iis
1641 5239 1799 5303 Romauae
1814 5233 1914 5298 Eccle-

276 5355 450 5406 manorum
476 5337 673 5400 Pontificum
697 5337 897 5398 authenticis
923 5337 1072 5416 plenarie
1127 5339 1197 5399 616.
1223 5337 1343 5398 Missas
1372 5351 1454 5396 6666
1478 5333 1628 5412 publicas
1658 5334 1833 5402 celebrari,
1864 5327 1916 5391 661

276 5437 479 5510 contuetur,
509 5435 708 5501 auctoritate
733 5435 924 5510 6666161166
951 5433 1074 5496 666116-
1127 5435 1287 5495 stationes
1302 5433 1465 5494 1666166
1479 5428 1917 5508 monasteriopraeterabba·
2015 5511 2016 5526 χ

275 5549 416 5596 66666.
433 5537 502 5596 Has
513 5533 677 5612 siquidem
692 5547 807 5602 66666
817 5533 1072 5608 6666661116666
1126 5531 1170 5592 116
1198 5530 1401 5592 voluntatem
1430 5528 1503 5590 lieri
1525 5527 1754 5604 prohibemus;
1782 5527 1916 5590 661666

274 5649 333 5696 666
346 5631 657 5714 refutationessicut
668 5629 794 5708 absque
804 5630 967 5706 pravitate
978 5627 1071 5693 16616
1126 5627 1343 5696 interdicere,
1374 5641 1435 5688 nec
1463 5626 1770 5697 excommunicare,
1798 5617 1915 5686 66661

266 5733 403 5802 suntet
423 5733 582 5808 receptae,
604 5730 637 5791 et
657 5729 691 5794 iu
716 5726 848 5812 66616116
870 5725 1072 5794 authenticis
1126 5723 1287 5802 synodum
1302 5737 1422 5784 666666
1437 5722 1487 5782 vel
1500 5721 1664 5792 abbatem,
1677 5723 1729 5783 rel
1741 5722 1846 5802 ipsius
1857 5713 1915 5780 loci
