4014 6312
316 375 375 434 487
937 363 1112 431 HONORII
1135 361 1349 431 litoralia.
1866 373 1906 436 las

312 531 453 610 quadam
478 527 677 610 praebenda,
694 543 792 606 quam
814 541 873 590 voa
897 526 971 602 lilii,
992 526 1107 601 abbas,
1165 527 1334 606 Stephani.
1350 527 1390 591 nt
1404 525 1432 590 si
1445 525 1520 606 quis
1535 535 1649 588 eorum
1660 535 1775 606 pauper
1783 530 1826 592 vel
1839 532 1905 595 diras

312 632 346 693 et
359 627 718 706 conventuspetehatis
732 626 768 691 in
781 625 939 705 praedicta
958 627 1108 706 cappella
1163 623 1250 704 apud
1285 626 1436 688 sanctum
1472 625 1672 702 Stephanum
1696 626 1828 689 habitum
1845 631 1903 692 reli*

312 729 400 790 inter
426 743 485 789 vos
512 724 734 787 amicabiliter
763 725 896 796 initam,
925 724 1012 787 sicut
1036 725 1108 785 sine
1162 723 1271 800 gionis
1283 723 1427 786 voluerit
1441 739 1622 796 assumere,
1638 739 1702 784 non
1720 725 1902 802 negabiturei,

312 824 476 902 pravitate
502 821 639 900 provide
663 820 751 883 iacta
774 823 836 894 est,
869 821 901 885 ot
926 823 1042 899 sponte
1067 820 1108 881 ab
1162 821 1421 885 sedvoluntaria
1444 820 1491 882 ibi
1511 821 1718 898 suscipietur.
1733 825 1902 902 Domuspro·

312 922 453 999 utraque
468 922 561 998 parte
575 921 720 996 recepta,
738 917 817 980 etin
828 919 1018 981 authentico
1031 918 1108 980 inde
1162 919 1244 996 priae
1260 920 1496 982 canonicorum
1511 917 1679 998 cappellae,
1694 920 1842 998 inquibus
1853 940 1903 984 no-

312 1019 461 1082 coniecto
499 1019 631 1095 plenius
665 1016 873 1090 continetur,
911 1016 1108 1079 auctoritate
1162 1019 1336 1090 rantur,et
1351 1016 1655 1096 officinacappellae
1670 1033 1732 1078 non
1749 1021 1832 1081 erunt
1847 1036 1904 1082 cen·

309 1118 499 1195 Apostolica
511 1116 758 1189 confirmamuS,
771 1116 982 1192 etpraesentis
993 1113 1107 1191 scripti
1163 1114 1291 1188 suades,
1322 1131 1384 1177 nec
1411 1115 1562 1188 cellaria,
1597 1131 1658 1177 nec
1688 1117 1839 1193 coquinae,
1864 1135 1906 1180 nac

310 1215 494 1292 patrocinio
527 1213 778 1275 communimus.
818 1213 867 1275 Ad
908 1213 958 1274 rei
997 1213 1108 1274 autem
1162 1213 1330 1289 grangiae3
1353 1212 1491 1290 reliquae
1531 1229 1610 1276 vero
1643 1213 1737 1276 erunt
1763 1215 1903 1276 censuales.

311 1312 464 1374 notitiam
472 1312 666 1389 pleniorem,
678 1313 826 1375 tenorem
838 1311 943 1388 ipsius
962 1311 1106 1372 authen·
1163 1311 1277 1373 vineae
1301 1327 1430 1390 quoque
1456 1311 1616 1389 cappellae
1630 1311 1670 1373 de
1684 1311 1906 1388 generabana

307 1409 365 1472 tici
374 1409 593 1486 praesentibus
606 1409 645 1472 do
661 1409 811 1473 verhoad
820 1407 957 1471 verbum
969 1408 1107 1470 lecimus
1163 1424 1264 1470 censu
1291 1425 1390 1487 quam
1419 1423 1439 1470 a
1459 1409 1597 1471 decimis
1620 1410 1716 1472 erunt
1738 1409 1850 1484 liberm
1868 1410 1907 1472 sed

310 1507 475 1580 annotari,
490 1507 546 1585 qui
561 1508 638 1569 talis
653 1509 723 1570 ost:
1163 1507 1306 1583 propriae
1320 1506 1556 1569 canonicorum
1564 1507 1671 1569 vineae
1684 1523 1807 1569 censum
1819 1508 1907 1584 absque

349 1605 472 1666 Notum
487 1605 531 1668 sit
549 1605 713 1680 omnihus,
727 1607 769 1668 ad
795 1621 879 1684 quos
894 1603 1107 1683 praesentium
1162 1603 1300 1666 decimis
1328 1604 1462 1667 dabunt.
1493 1604 1604 1666 abhas
1629 1621 1720 1678 vero,
1740 1606 1772 1666 et
1794 1605 1906 1668 mnonici

307 1703 825 1781 veneritpraesentiahtterarum,
833 1702 919 1781 quod
930 1702 1106 1772 dissensio,
1162 1703 1269 1765 sancti
1294 1703 1464 1780 Stephani,
1492 1703 1637 1764 decanus
1653 1704 1685 1764 et
1704 1704 1840 1764 canonici
1855 1720 1908 1778 cap

310 1817 383 1878 qnae
396 1800 587 1863 vertebatur
601 1800 689 1863 inter
701 1800 897 1864 abbatemet
908 1801 1107 1862 conventum
1162 1801 1259 1877 pellae
1276 1800 1471 1863 fidelitatem
1497 1801 1562 1863 sihi
1589 1801 1732 1864 invicem
1750 1800 1910 1872 ieceruntet

309 1899 416 1962 sancti
444 1897 603 1976 Stephani
625 1899 757 1962 Divion.
785 1915 827 1960 ax
857 1912 922 1960 una
951 1900 1056 1975 parte,
1075 1898 1108 1960 et
1161 1898 1248 1960 lianc
1276 1899 1479 1972 fidelitatem,
1507 1901 1541 1961 et
1576 1900 1663 1962 hanc
1687 1899 1909 1976 compositionem

309 1997 490 2058 canonicos
517 1996 676 2074 cappellae
703 1995 797 2058 ducis
827 1995 957 2057 Divion.
984 2011 1028 2058 ex
1056 1995 1108 2056 al·
1161 1996 1248 2058 hona
1272 1996 1337 2058 ilde
1365 1997 1542 2059 tenendam
1556 1999 1590 2060 et
1608 1997 1912 2073 observandamjura·

308 2094 392 2160 tara,
408 2109 509 2172 super
525 2094 717 2170 integritate
736 2093 922 2172 praebendae
941 2092 1106 2170 praedictae
1161 2095 1272 2157 mento
1300 2095 1498 2172 interposito
1512 2095 1737 2158 firmaverunt.
1752 2094 1844 2158 hhhas
1856 2107 1910 2155 vero

308 2191 479 2267 cappellae,
496 2208 595 2269 quam
606 2192 738 2267 petebat
751 2190 893 2254 ecclesia
909 2189 1017 2252 sancti
1028 2191 1105 2252 Ste—
1161 2196 1194 2256 et
1216 2193 1380 2266 canonici,
1402 2193 1547 2256 decanus
1565 2194 1599 2255 et
1624 2193 1775 2256 canonici
1793 2191 1911 2269 cappella

307 2288 422 2366 phani,
450 2288 488 2350 in
516 2288 605 2349 hunc
632 2289 765 2350 modum
796 2287 970 2368 pacificata
997 2289 1047 2350 est
1074 2288 1107 2350 et
1161 2291 1216 2368 qui
1230 2287 1911 2370 substituanturadcompositionemetideli·

171 2415 175 2422 ·
307 2387 427 2462 sopita,
444 2385 530 2448 etad
543 2385 754 2448 concordiam
768 2386 935 2448 revocata.
957 2384 1105 2448 Ecclesia
1160 2391 1260 2452 tatem
1286 2390 1510 2465 supradictam
1533 2390 1710 2452 tenendam
1727 2389 1911 2452 etobservau·

307 2483 414 2545 sancti
427 2482 586 2561 Stephani
600 2499 700 2544 anam
711 2482 922 2564 praebendam
941 2483 1105 2559 integram
1160 2486 1699 2564 damjuramentoeeobligabunt;
1717 2487 1909 2553 etsidecanus

307 2580 489 2643 habehitin
502 2580 652 2658 cappella
665 2581 776 2654 ducis,
787 2597 889 2660 quam
904 2581 979 2658 ipsa
997 2580 1106 2642 eccle-
1160 2584 1212 2645 vel
1237 2584 1358 2662 aliquia
1387 2586 1624 2648 canonicorum
1658 2585 1807 2662 cappehae
1827 2586 1911 2660 J'urare

309 2679 360 2740 sia
375 2679 536 2756 percipiet
561 2680 677 2740 eodem
703 2679 800 2756 modo
822 2695 886 2756 quo
901 2679 935 2740 et
952 2679 1105 2740 canonici
1160 2682 1306 2745 noluerit
1319 2683 1407 2745 inira
1423 2684 1574 2746 octodies
1589 2685 1761 2760 postquam
1775 2680 1911 2758 requisitus

308 2775 1102 2852 residentas’etdeservientesincedamcappella,
1161 2780 1260 2844 luerit
1275 2779 1316 2842 ah
1345 2781 1463 2843 abbate
1488 2782 1595 2844 sancti
1612 2781 1779 2858 Stephani,
1799 2777 1913 2855 prehen-

311 2875 345 2936 et
357 2874 607 2937 deservieteam
626 2891 686 2952 per
700 2874 896 2936 canonicum
918 2873 1105 2950 regularem
1160 2879 1337 2941 damsuam
1350 2879 1612 2956 nonrecipietin
1624 2877 1912 2957 cappellaantaquan

308 2971 464 3033 idoneum
479 2973 512 3034 et
526 2971 743 3033 sacerdotem.
756 2972 923 3032 Praeterea
939 2969 968 3030 ei
983 2969 1105 3048 aliquis
1156 2976 1332 3054 juraverit.
1362 2977 1523 3038 Similiter
1546 2976 1576 3038 ei
1602 2976 1724 3049 abbas,
1748 2975 1796 3037 vel
1823 2971 1911 3048 aliquis

309 3069 544 3133 canonicorum
553 3069 721 3148 praeoactae
734 3068 945 3146 cappellaede
955 3067 1021 3130 hac
1031 3068 1106 3130 luce
1160 3070 1913 3152 canonicorumsanctiStephanihocidemlaceva

309 3168 516 3243 migraverit,
528 3167 670 3230 ecclesia
683 3166 773 3230 santi
789 3166 948 3244 Stephani
962 3165 1105 3229 fructum
1160 3170 1315 3244 noluerit,
1332 3171 1419 3232 inira
1433 3173 1507 3234 octo
1524 3171 1596 3233 dies
1618 3173 1786 3249 postquam
1802 3165 1913 3245 requisi·

311 3265 601 3343 praebendaeillius
612 3265 763 3328 canonici
771 3264 927 3337 defuncti,
940 3266 1013 3344 post
1022 3281 1107 3328 mor·
1160 3270 1213 3330 tus
1241 3268 1341 3330 luerit
1365 3285 1385 3330 a
1408 3269 1534 3330 decano
1559 3269 1730 3346 cappellae,
1746 3263 1913 3346 praebendam

260 3391 262 3397 2
308 3362 376 3424 tem
390 3362 496 3439 ipsius
511 3363 675 3435 canonici,
691 3378 752 3440 per
768 3378 869 3423 unum
883 3378 1008 3424 annum
1018 3362 1106 3425 inte-
1161 3382 1226 3427 non
1236 3365 1375 3443 recipiet
1385 3365 1421 3427 in
1434 3365 1576 3428 ecclesia
1590 3366 1700 3429 sancti
1710 3363 1859 3442 Stephani,
1871 3374 1913 3419 nec

307 3460 1104 3540 graliterhahebit,siillecanonicuspraebendam
1160 3463 1425 3526 communionem
1453 3463 1593 3526 fratrum
1619 3461 1753 3526 habehit
1776 3461 1913 3536 antequam

306 3557 361 3619 vol
394 3561 521 3635 partem
537 3558 721 3637 praebendae
743 3559 922 3638 aliqnando
943 3561 1106 3639 receperit
1156 3561 1330 3640 juraverit.
1348 3561 1508 3624 Similiter
1524 3559 1677 3634 siabbas,
1697 3560 1749 3624 vel
1762 3556 1865 3634 aliquis
1875 3568 1913 3614 ca·

309 3657 443 3719 nomine
466 3656 669 3736 praebendae3
685 3658 739 3720 vel
766 3659 795 3720 si
809 3658 939 3720 ratione
957 3658 1104 3720 infirmi·
1160 3661 1355 3722 nonicorum
1379 3659 1486 3722 sancti
1508 3659 1670 3735 Stephani
1695 3657 1750 3737 qui
1771 3655 1807 3718 da
1825 3653 1913 3715 caetero

308 3755 385 3818 tatis
401 3755 443 3818 ad
457 3756 603 3835 aliquam
614 3757 811 3834 religionem
824 3756 1004 3830 transierit,
1022 3757 1105 3819 etde
1141 3827 1143 3832 ,
1160 3757 1403 3820 substituentur
1413 3757 1640 3834 juramentum
1657 3756 1745 3819 istud
1763 3755 1856 3816 iacere
1873 3762 1914 3807 vo-

295 3847 366 3916 'illa
380 3855 572 3918 infirmitate
584 3855 757 3928 moriatur,
779 3855 892 3933 elapso
915 3869 1001 3917 anno
1017 3871 1106 3932 prae·
1159 3856 1261 3918 luerit
1274 3853 1361 3917 intra
1385 3855 1460 3920 octo
1489 3854 1559 3916 dies
1582 3855 1756 3933 postquam
1772 3840 1913 3928 requisitus

308 3951 415 4014 banda
440 3953 561 4015 redibit
575 3953 617 4014 ad
633 3953 806 4029 capellam.
834 3952 870 4014 Si
888 3968 968 4014 vero
983 3952 1105 4031 aliquis
1159 3953 1260 4014 suerit
1287 3969 1307 4013 a
1334 3952 1471 4024 decano,
1492 3951 1647 4014 canonici
1669 3949 1772 4014 sancti
1792 3937 1913 4022 Stephani

309 4052 545 4112 canonicorum
581 4049 767 4127 praebendae
803 4066 874 4112 suae
909 4050 975 4112 alio
1008 4050 1104 4112 modo
1160 4066 1225 4112 non
1251 4047 1421 4112 habebunt
1449 4064 1597 4126 cumpro
1611 4047 1741 4120 abbate,
1764 4060 1818 4108 nec
1840 4038 1914 4102 albas

308 4148 560 4218 renuntiaverit,
573 4147 715 4210 ecclesia
728 4148 834 4210 sancti
846 4147 1005 4225 Stephani
1015 4147 1106 4210 lruc-
1159 4147 1357 4210 canonicum
1378 4146 1514 4209 habebit
1528 4163 1587 4224 pro
1602 4146 1761 4209 canonico
1779 4140 1912 4213 donacju·

308 4247 378 4309 tum
392 4245 484 4306 illius
497 4244 682 4322 praehendas
698 4244 906 4323 propterhoc
921 4261 988 4307 non
1002 4244 1106 4307 hahe-
1159 4245 1295 4308 raverit.
1324 4245 1486 4307 Similiter
1511 4245 1541 4306 si
1568 4243 1726 4316 decanus,
1753 4241 1800 4305 val
1824 4231 1913 4311 aliquis

308 4343 358 4406 bit
375 4366 382 4405 ε
398 4343 554 4407 tamensi
570 4343 700 4406 ratione
715 4342 918 4405 infirmitatis
932 4333 1106 4407 renuntia·
1159 4342 1395 4405 canonicorum
1418 4342 1578 4420 cappellae
1600 4341 1657 4419 qui
1672 4342 1713 4403 de
1727 4354 1806 4402 novo
1819 4329 1912 4397 subst-

308 4444 405 4514 verit,
426 4444 459 4506 et
478 4458 545 4506 non
569 4442 776 4506 convaluerit
801 4456 876 4504 eam
904 4441 1052 4519 hahebit;
1076 4443 1105 4504 si
1160 4441 1304 4514 tuentur,
1320 4440 1403 4502 illud
1422 4441 1650 4518 Juramentum
1677 4437 1783 4502 iacere
1806 4425 1914 4496 noluerit

308 4541 526 4612 convaluerit,
542 4557 609 4603 non
628 4539 773 4602 habebit
798 4540 940 4618 Ideoque
955 4540 1010 4618 pia
1025 4557 1106 4602 con·
1159 4539 1247 4602 inira
1269 4539 1343 4602 octo
1367 4539 1449 4610 dias,
1476 4540 1650 4616 postquam
1674 4534 1839 4614 requisitus
1859 4527 1912 4587 lue·

308 4641 509 4703 sideratione
525 4641 682 4703 statutum
698 4637 762 4702 suit
781 4639 817 4700 ut
840 4638 981 4702 ecclesia
999 4638 1106 4702 sancti
1161 4637 1204 4700 rit
1226 4637 1268 4702 ah
1289 4637 1418 4709 abbate,
1442 4637 1598 4716 decanus,
1613 4651 1681 4698 non
1701 4630 1856 4698 habebitur
1872 4635 1913 4700 pro

309 4739 467 4817 Stephani
497 4755 556 4816 pro
587 4737 727 4816 singulis
755 4736 921 4798 defunctis
936 4736 1105 4799 canonicis
1160 4737 1321 4800 decanea
1336 4735 1507 4797 canonicis
1531 4735 1612 4807 suis,
1636 4733 1685 4796 uti
1699 4729 1911 4797 canonicusque

307 4837 466 4915 cappellae
500 4836 592 4896 ducis
622 4836 756 4913 plenum
782 4834 884 4896 iaciat
911 4833 1105 4912 obsequium
1161 4834 1321 4896 canonico
1349 4850 1369 4894 a
1394 4833 1521 4894 decano
1548 4847 1611 4894 suo
1650 4832 1753 4893 donec
1774 4817 1909 4918 juraverit

308 4935 565 5010 omnitempore
593 4935 761 5011 tamquam
780 4947 840 5010 pro
866 4947 932 4994 uno
951 4948 994 4994 ex
1016 4932 1103 5008 suis3
1160 4931 1269 4993 hhhas
1296 4945 1387 5000 vero,
1417 4931 1451 4992 et
1478 4929 1632 4992 canonici
1660 4926 1764 4990 sancti
1791 4918 1910 4996 stephan

306 5035 339 5094 et
364 5031 517 5094 canonici
538 5030 697 5108 cappellae
719 5045 779 5109 pro
806 5029 977 5092 canonicis
997 5031 1106 5093 sancti
1159 5011 1908 5106 istamfidelitatemjmahnntincappalleducist

308 5129 468 5208 Stephani
489 5129 614 5191 iaciant
625 5128 792 5192 similiter.
807 5127 963 5207 cappella
972 5144 1038 5191 non
1050 5127 1107 5190 ha·
1160 5129 1305 5191 decanus
1320 5141 1411 5199 vero,
1422 5127 1455 5188 et
1465 5125 1619 5190 canonici
1626 5122 1781 5203 cappella
1789 5107 1911 5197 jurabunt

305 5229 395 5290 hebit
410 5225 648 5300 coemeterium,
665 5243 726 5288 nec
747 5227 996 5304 parrochiatum
1018 5242 1106 5304 prae-
1156 5242 1234 5288 cam
1249 5226 1285 5287 in
1299 5223 1442 5286 ecclesia
1457 5223 1564 5285 sancti
1586 5220 1745 5300 Steph‘ani
1770 5208 1910 5280 secundari1

304 5330 455 5406 terquam
480 5325 574 5387 ducis
594 5327 627 5387 et
650 5325 804 5398 ducissae,
826 5339 968 5402 quorum
991 5339 1105 5387 curam
1160 5325 1318 5402 praedicta
1330 5321 1497 5400 requisiti.
1512 5321 1582 5382 Odo
1595 5320 1706 5384 autem
1720 5317 1784 5379 dux
1793 5315 1912 5384 Burgu-

304 5425 405 5488 hahet
432 5425 630 5487 anctoritate
666 5423 793 5484 domini
825 5426 925 5501 Papae
959 5424 1105 5486 decanus
1160 5421 1321 5483 diaehanc
1334 5418 1604 5498 compositionem
1617 5414 1771 5486 laudavit,
1786 5405 1912 5478 evadne·

305 5523 472 5601 praedictae
483 5522 653 5601 cappellae.
663 5522 725 5584 Sed
737 5523 770 5584 et
779 5521 933 5584 canonici
946 5521 1104 5600 cappellae
1160 5519 1311 5581 titionem
1331 5518 1504 5595 utriusque
1524 5516 1628 5594 partis
1642 5515 1840 5604 manutenere
1855 5511 1912 5603 pro·

304 5637 372 5683 non
388 5621 542 5698 poterunt
556 5620 657 5683 aliam
671 5619 867 5698 religionem
885 5620 939 5681 vel
955 5619 1104 5682 ordinem
1160 5617 1261 5690 mieit,
1273 5617 1306 5680 et
1316 5615 1402 5694 quod
1412 5631 1486 5678 eam
1500 5613 1601 5677 faciet
1615 5612 1753 5674 fideliter
1766 5606 1910 5706 observari·

305 5723 339 5782 in
356 5720 504 5799 cappella
520 5719 676 5792 statuero,
694 5719 759 5781 nisi
779 5718 983 5783 deecclesia
998 5717 1104 5780 sancti
1161 5718 1197 5778 ln
1218 5717 1314 5792 cujus
1337 5714 1388 5775 rei
1408 5712 1632 5777 testimonium
1655 5703 1801 5788 praesenti
1817 5691 1910 5769 seraph
