3996 6326
51 247 88 308 80
512 245 688 310 VIA-IN
708 247 839 310 suste
860 247 1011 311 SANGTI
1032 249 1234 319 ANDREAE.
1657 259 1698 320 90

48 417 132 468 num.
147 400 303 468 Andreas
312 403 419 484 primo
431 404 467 468 in
481 405 632 478 Athenis,
648 408 794 471 secundo
808 406 844 471 in
897 407 971 487 prio
980 408 1115 472 nomine
1124 409 1302 485 Andrean,
1310 410 1371 476 eet
1383 407 1578 492 Apostolum
1585 416 1697 494 primo

48 503 179 576 Achaia,
196 505 231 567 et
243 519 368 567 corona
381 505 533 584 martyrii
550 506 706 584 migrant
719 505 761 570 ad
774 507 844 570 Do-
897 506 1051 570 vocatum
1074 507 1255 586 appellant
1280 510 1368 572 Nam
1388 511 1475 574 sieut
1499 511 1641 590 legimus
1659 515 1697 580 in

47 603 179 662 minum.
196 590 260 664 Isti
279 597 346 665 due
364 599 486 666 iratres
505 600 759 667 illustraverunt
781 607 845 667 Ee-
897 605 1096 680 evangelice
1124 622 1145 666 c
1166 607 1248 668 Cum
1273 607 1377 672 staret
1400 612 1562 684 loannes,
1578 613 1626 676 -et
1652 629 1696 684 ex

48 697 176 761 alesiam
192 699 267 773 Dei,
283 700 363 778 quia
376 701 465 764 sicut
483 702 533 763 sol
554 701 724 765 illuminet
741 701 840 776 diem
896 699 1111 780 <discipulis
1145 706 1219 782 ejus
1255 704 1331 779 duo,
1368 707 1552 784 respiciens
1578 711 1697 772 lesum

48 797 167 860 etluna
190 797 363 861 illuminat
385 800 527 873 noctem,
550 799 598 863 lta
621 797 679 862 ssu
694 799 759 862 duo
773 800 845 863 lra-
897 815 915 859 e
936 797 1161 876 ambulantem
1188 801 1292 864 dixit:
1322 805 1407 866 Ecce
1431 807 1545 882 Agnus
1566 807 1638 880 Dei,
1663 807 1699 870 et

49 895 109 958 tres
121 893 401 960 illuminaverunt
422 895 617 960 Elcclesiam.
641 898 734 962 Unde
754 899 842 976 legi·
897 909 915 956 e
936 896 1115 960 audierunt
1132 914 1209 960 eum
1230 899 1296 963 duo
1314 900 1470 979 discipuli
1494 903 1694 980 loquentem,

50 1011 114 1054 mus
127 995 162 1054 in
179 995 327 1057 Genesi:
342 1012 362 1056 e
376 996 569 1059 saetosus
583 997 649 1060 duo
663 997 842 1060 luminaria
896 1010 915 1054 e
936 993 970 1056 et
982 995 1088 1058 secuti
1097 995 1177 1060 sunt
1186 999 1314 1060 lesum.
1328 999 1409 1061 Erat
1420 999 1531 1062 autem
1544 1001 1695 1064 Andreas

49 1105 170 1169 magne,
186 1093 222 1154 et
242 1094 356 1172 posuit
370 1108 410 1156 ea
425 1095 464 1156 ln
478 1095 688 1158 firmamento
701 1096 790 1165 coeli,
806 1096 843 1158 ut
895 1109 914 1153 e
935 1091 1040 1155 irater
1055 1094 1201 1156 Simonis
1215 1095 1318 1169 Petri,
1335 1113 1423 1164 nnus
1438 1113 1481 1160 ex
1497 1097 1625 1160 duobus
1638 1100 1696 1178 qui

49 1190 150 1252 essem
171 1191 208 1251 lu
223 1188 375 1268 signaet
400 1193 551 1272 tempera
572 1193 606 1256 et
628 1193 700 1257 dies
721 1195 756 1257 et
772 1211 841 1256 an-
896 1191 1151 1254 eaudieranta
1176 1195 1318 1256 toenne.
1339 1211 1360 1255 e
1383 1193 1494 1274 (toan.
1521 1196 1696 1277 1,40.)Et

48 1303 102 1351 noe
115 1306 133 1351 ›
146 1288 245 1370 (Gen.
263 1305 289 1364 1,
303 1289 353 1364 14,
371 1289 437 1372 17).
895 1288 974 1352 licet
989 1289 1087 1352 ambo
1106 1291 1183 1354 ante
1207 1291 1294 1354 hauc
1315 1293 1524 1356 vocationem
1543 1295 1697 1358 venerint

83 1387 343 1451 Firmamentum
373 1389 449 1452 coeit
469 1389 584 1452 semita
605 1390 755 1453 Ecclesia
777 1392 839 1464 est,
895 1386 1080 1460 edicente,
1105 1387 1218 1450 animo
1239 1389 1350 1452 tamen
1372 1389 1533 1452 redeundi
1554 1391 1596 1454 ad
1612 1408 1694 1470 pro·-

50 1484 125 1562 quod
145 1489 218 1564 ejus
240 1487 454 1550 conversatio
470 1487 509 1549 in
530 1487 624 1551 coelis
643 1489 704 1562 est,
726 1489 841 1567 utpote
895 1484 968 1562 pria
986 1486 1160 1548 venerunt.
1183 1485 1278 1550 Unde
1295 1487 1468 1550 redierunt
1481 1489 1524 1550 ad
1547 1489 1694 1552 osticium

50 1599 112 1660 que
136 1585 334 1663 priusquam
360 1587 571 1649 oonsmrexit
590 1603 668 1648 cum
694 1586 838 1662 (dimoto,
895 1581 1082 1660 piscatoris.
1112 1585 1180 1646 Par
1205 1584 1316 1646 autem
1339 1585 1540 1662 intelligitur
1563 1586 1692 1660 cilicio,

52 1697 113 1758 que
137 1697 274 1745 sursum
296 1684 375 1748 sunt
395 1683 525 1763 querit,
548 1701 616 1748 non
638 1701 712 1764 quae
739 1701 842 1763 super
894 1680 980 1759 quod
1002 1680 1099 1744 ambo
1116 1680 1269 1759 germani
1286 1682 1419 1756 iratres,
1447 1683 1547 1746 ambo
1568 1685 1696 1764 pariter

51 1781 170 1854 terram
187 1783 221 1845 et
238 1782 464 1859 posteriorum
477 1781 840 1856 acsimanensium
893 1779 1003 1842 vocati
1028 1779 1070 1842 ad
1094 1780 1329 1858 apostolatum,
1357 1781 1456 1844 ambo
1483 1783 1611 1860 pariter
1635 1799 1696 1846 as-

52 1877 219 1941 ertendens
245 1897 286 1942 se
316 1881 441 1959 ipsam,
466 1898 560 1960 qua,
584 1897 716 1943 sursum
743 1883 838 1956 sunt,
893 1876 1016 1954 sumpti
1029 1876 1073 1938 ad
1083 1877 1235 1940 ordinem
1252 1877 1595 1956 episcopalemambo
1609 1879 1694 1960 epis·

51 1975 133 2054 sapit,
156 1977 211 2038 ubl
233 1979 387 2041 curicus
409 1979 461 2044 est
484 1980 519 2041 in
541 1980 679 2043 dextera
703 1980 763 2042 Dei
785 1996 841 2042 se·
893 1974 1490 2055 copianimarum,amboptscat01es
1507 1978 1691 2042 nominum.

53 2075 130 2136 dens.
152 2078 188 2137 ln
212 2076 280 2138 Aoc
304 2077 512 2141 firmamento
540 2078 617 2140 etati
638 2078 786 2156 Apostoli
804 2079 840 2141 et
894 2072 957 2134 Sed
973 2073 1082 2136 minor
1095 2073 1160 2135 furit
1173 2074 1346 2152 potestate.

52 2173 100 2234 alii
125 2174 236 2236 Sancti
262 2175 435 2253 umquam
459 2176 632 2254 splendida
657 2176 838 2240 luminaria
931 2172 1018 2232 Nam
1039 2171 1125 2234 sieut
1145 2172 1272 2250 placuit
1291 2173 1334 2246 ei,
1350 2176 1447 2252 quus
1466 2173 1595 2252 judicia
1615 2173 1694 2240 sunt

52 2273 140 2333 uariis
161 2260 370 2351 temporibus
399 2273 574 2349 fulserunt,
604 2275 691 2338 sieut
712 2276 837 2337 Paulus
892 2268 1031 2347 abyssus
1046 2269 1161 2344 multa,
1181 2285 1221 2332 eo
1236 2271 1323 2349 quod
1338 2272 1479 2334 altitudo
1497 2272 1693 2338 divitiarum

54 2369 108 2429 ait:
122 2372 320 2446 unornane
333 2373 838 2446 tareeeeenettomozortaflee
892 2368 942 2429 est
960 2368 1144 2446 ,sapientie
1171 2369 1205 2432 et
1231 2369 1383 2432 scientiae
1408 2372 1493 2447 ojus,
1524 2386 1586 2432 nec
1616 2372 1693 2450 quie

54 2469 84 2528 tn
98 2469 316 2541 Arnaomeeto
338 2469 476 2550 (Philip.
501 2487 539 2540 u,
566 2470 629 2552 15).
654 2472 722 2550 ipsi
747 2473 837 2534 enim
891 2466 1048 2542 cognovit
1069 2481 1204 2530 sensum
1231 2467 1376 2540 Domini,
1397 2469 1455 2531 aut
1477 2468 1693 2532 consiliarius

54 2565 183 2643 Apostoli
197 2565 337 2630 luerunt
349 2569 524 2631 duodecim
541 2569 647 2632 stellae
660 2570 697 2632 in
710 2585 836 2634 cerens
891 2565 963 2640 ejus
989 2562 1069 2636 luit,
1099 2563 1188 2626 inter
1214 2579 1329 2627 omnes
1354 2565 1530 2642 Apostolos
1555 2565 1690 2630 beatum

56 2679 176 2740 sponsae,
197 2667 383 2729 secundum
405 2667 491 2746 quod
510 2663 633 2732 dicitnr
654 2669 691 2730 in
705 2673 838 2747 Apooa.
890 2661 1027 2722 Petrum
1039 2661 1213 2724 oonstittiit
1223 2662 1387 2726 siendum
1407 2663 1443 2726 et
1455 2679 1688 2728 successorem

55 2760 143 2839 typici:
156 2764 200 2826 Ει
217 2767 256 2826 en
274 2767 390 2841 capeto
404 2769 480 2840 ptus
504 2779 634 2829 corona
656 2769 835 2831 amararum
890 2757 1035 2821 suumin
1049 2759 1161 2830 terrie,
1184 2761 1219 2822 et
1237 2759 1271 2824 ei
1288 2759 1533 2838 plenitudinem
1549 2761 1690 2824 contulit

57 2863 210 2922 aronam
225 2859 417 2941 (Apoem,
433 2859 477 2944 1).
494 2865 532 2926 m
548 2861 713 2942 spernunt
728 2865 837 2927 enm-
889 2855 1073 2934 poesela,
1093 2857 1272 2936 inquens:
1289 2859 1547 2932 succresco,
1571 2857 1606 2921 et
1628 2875 1691 2920 su-

58 2959 296 3032 uente,ldestin
309 2961 836 3040 sanotaEeeleeiaduomagnalu·
887 2969 954 3029 W
992 2957 1084 3018 le
1117 2954 1259 3030 petrem
1295 2956 1471 3028 wdlfisswd
1500 2959 1691 3020 Eoelsssidm

59 3055 180 3120 minaria
193 3057 389 3133 fabricavit,
406 3060 537 3138 quando
551 3059 637 3124 duos
657 3075 835 3138 germanos
888 3063 1016 3125 meam,
1035 3052 1069 3116 0!
1089 3052 1149 3116 “bt
1171 3055 1256 3116 dabo
1276 3057 1389 3116 datm
1406 3057 1509 3130 ²⁴00?st
1524 3059 1691 3118 mrum

59 3149 169 3228 rums,
194 3158 343 3230 Petrum,
368 3157 526 3220 nutricet
550 3159 584 3221 et
604 3159 770 3222 Andrean
793 3159 835 3221 au
891 3147 1021 3228 (uatu.
1037 3163 1107 3224 xvc
1125 3148 1177 3229 19)
1197 3149 1372 3228 insumens
1391 3151 1522 3212 ceteris
1543 3153 1687 3229 Aposto-

61 3249 269 3315 illustrandam
292 3255 441 3317 sancum
463 3256 646 3318 seelestam
669 3273 837 3320 convoca-
888 3245 942 3318 us,
970 3247 1004 3309 et
1030 3246 1183 3310 omnibus
1208 3247 1410 3312 Christianis
1431 3248 1587 3326 pretulit,
1609 3248 1688 3312 uum

61 3345 111 3408 ut:
125 3352 402 3427 Venttepoelme,
415 3356 545 3429 meam
559 3370 620 3417 eos
634 3357 836 3432 mnasea-
888 3363 964 3410 eum
974 3349 1122 3412 omnium
1137 3365 1274 3412 suarum
1288 3350 1400 3412 ovitun
1411 3351 1578 3428 pastorem
1586 3367 1690 3421 eoos-
1827 3378 1830 3384 ·

62 3443 135 3508 tores
150 3454 326 3513 nonem
340 3449 457 3532 (Mac.
474 3469 497 3523 1,
515 3451 579 3532 17).
600 3453 659 3516 Isti
668 3453 746 3514 suat
759 3453 834 3516 duae
888 3446 989 3510 tituit.
1006 3447 1262 3510 commoneatur
1274 3447 1365 3510 enim
1384 3449 1555 3510 anemine
1569 3448 1686 3512 heatus

62 3543 294 3627 otumnaequas
313 3563 413 3610 vesus
433 3549 593 3628 paciuao
611 3551 647 3613 iu
668 3552 833 3615 vestinum
887 3544 1048 3618 Andreas,
1070 3545 1156 3624 quau
1179 3545 1298 3610 naluit
1320 3547 1398 3620 ante
1420 3547 1641 3610 vocationem.
1660 3549 1690 3610 A

62 3643 152 3720 templi
172 3647 282 3724 posuit
299 3647 379 3709 ante
392 3648 534 3726 ostium3
552 3665 636 3728 quas
650 3650 754 3712 ambit
775 3650 833 3712 lu-
888 3643 1022 3706 nomine
1032 3643 1380 3717 commendatur,dum
1393 3643 1515 3714 dicitur
1524 3644 1685 3706 Andreas.

63 3738 169 3804 niculus
194 3745 370 3808 duodecim
396 3743 593 3821 cubitorum,
618 3747 660 3810 de
692 3765 832 3827 quarum
886 3741 1037 3803 Andreas
1069 3753 1212 3820 namque
1238 3741 1348 3804 virilis
1372 3741 1626 3820 interpretatur,
1655 3743 1691 3804 et
1734 3804 1735 3807 ,

63 3839 149 3902 nmio
167 3843 317 3907 cuneus
338 3843 458 3906 ostium
477 3845 586 3923 aperit
607 3846 829 3920 credentibus,
885 3837 958 3916 ipse
967 3838 1111 3902 viriliter
1120 3839 1243 3904 restitit
1257 3841 1353 3916 licere
1364 3837 1585 3918 persecutori,
1597 3840 1630 3903 et
1641 3839 1690 3918 ip-

64 3936 283 4010 quiuesedicit
297 3963 305 4002 ι
321 3945 395 4018 spo
408 3955 488 4005 conr
496 3944 635 4006 cottona
646 3945 720 4007 Per
733 3948 832 4007 esee
886 3953 960 3998 sum
971 3937 1116 4000 viriliter
1130 3937 1311 4014 superavit.

63 4035 121 4102 nce
139 4037 321 4112 tatrotertt,
337 4041 537 4113 smootdur,
563 4041 596 4104 at
615 4042 833 4119 teoredtetor
925 4036 969 4098 Hi
981 4036 1058 4098 sunt
1071 4035 1137 4099 duo
1152 4035 1334 4098 Cherubini
1348 4051 1385 4098 se
1397 4037 1512 4099 mutuo
1525 4036 1689 4114 aspicien-

64 4130 289 4210 eteoredteter‚
307 4137 341 4198 et
350 4151 483 4211 pmcne
500 4141 653 4202 occentet
668 4137 778 4220 (toan.
794 4157 829 4214 x,
884 4134 951 4205 tes,
987 4134 1067 4212 quia
1103 4134 1137 4196 et
1169 4133 1321 4196 Andreae
1354 4133 1504 4212 respexit
1538 4134 1685 4208 Petrum,

62 4223 95 4302 9).
113 4230 148 4290 lli
169 4235 243 4295 sunt
269 4233 337 4295 duo
362 4233 439 4307 viri,
465 4247 551 4296 unus
579 4235 771 4314 precedens
797 4240 832 4300 et
885 4232 1016 4309 quando
1038 4231 1136 4294 duxit
1155 4246 1231 4293 eum
1245 4231 1424 4305 adlesum,
1446 4232 1687 4310 quiaAndreae

64 4322 128 4385 alter
148 4329 367 4410 subsequens,
391 4332 447 4410 qui
464 4332 599 4395 bouum
620 4333 831 4397 abduxerunt
884 4331 947 4393 luit
961 4330 1145 4408 discipulus
1156 4329 1297 4394 loannis
1311 4330 1469 4408 Baptistae
1482 4330 1518 4394 et
1532 4329 1685 4416 discipu-
1722 4379 1725 4386 .

65 4417 187 4489 leierrs
202 4431 333 4503 Sancta,
349 4431 446 4509 quod,
460 4430 626 4506 videlicet,
638 4432 672 4494 et
680 4433 829 4496 Andreas
885 4430 939 4490 lus
952 4431 1033 4492 lesu
1047 4428 1171 4491 Christi
1185 4429 1363 4506 antequem
1379 4429 1498 4492 Petrus
1518 4427 1630 4492 luerit.
1646 4431 1688 4492 st

46 4519 106 4592 ‚lli
123 4528 293 4601 praecessit,
317 4529 487 4606 tamquam
515 4529 608 4607 priua
635 4531 774 4610 recatus
797 4532 831 4594 et
883 4527 958 4589 ldeo
987 4526 1083 4590 duxit
1110 4539 1186 4590 eum
1215 4526 1257 4588 ad
1284 4529 1410 4599 lesum,
1440 4526 1549 4588 versis
1574 4527 1686 4590 minen

66 4615 135 4688 llius
159 4627 304 4702 secutum
338 4627 371 4688 et
401 4627 519 4688 Petrus
545 4627 603 4705 qui
633 4627 829 4692 subsecutus
882 4623 1029 4688 vultibus
1050 4626 1085 4687 in
1114 4623 1392 4703 propitiatorium,
1408 4624 1488 4702 quia
1514 4625 1547 4688 et
1569 4641 1685 4688 eorum

66 4715 109 4786 tlt
129 4720 230 4798 utpote
249 4739 348 4802 quem
366 4724 516 4788 Andreas
534 4725 675 4788 adduxit
699 4725 741 4788 ad
763 4729 830 4790 Do-
883 4723 995 4785 vultus
1013 4722 1048 4783 in
1067 4722 1164 4784 illum
1182 4722 1400 4800 aspexerunt,
1417 4722 1475 4801 qui
1497 4722 1549 4784 est
1565 4722 1684 4800 propi-

67 4811 322 4891 mirumdolium
338 4822 505 4886 christum
527 4822 569 4886 de
581 4823 672 4886 terra
686 4825 830 4903 promis·
882 4821 977 4884 tiatio
995 4835 1055 4899 pre
1074 4817 1219 4900 peccatis
1241 4818 1377 4892 nostris,
1402 4819 1534 4897 quando
1558 4819 1684 4882 relictis

67 4905 146 4972 donis
160 4917 285 4982 aeternae
300 4919 343 4982 ad
363 4921 492 4983 mentm
508 4920 697 4984 auditorum
714 4923 830 5000 porta-
882 4919 1009 4982 retibus
1029 4918 1136 4982 secuti
1157 4918 1235 4980 eunt
1254 4933 1342 4978 eum.
1366 4917 1408 4978 Hi
1430 4917 1508 4979 sunt
1530 4917 1595 4980 duo
1618 4917 1685 4981 viri
1745 4987 1750 4994 ,

67 5012 166 5074 serunt.
882 5014 1685 5093 misericordiamaesinantDemtnatoriuni·

96 5103 230 5185 Euodus
243 5115 405 5190 Andreas,
418 5117 449 5178 sl
462 5129 545 5179 eane
561 5115 779 5194 intelligatur.
794 5119 829 5181 et
881 5129 989 5176 rersae
1012 5114 1123 5176 terrae.
1148 5113 1326 5186 Assistunt,
1349 5112 1520 5186 insistunt,
1543 5115 1577 5177 et
1597 5131 1683 5177 oon·

68 5203 302 5288 maloletparet
316 5214 426 5276 minor
446 5213 590 5291 intelligi
610 5216 723 5292 potest
742 5231 827 5292 ger-
882 5213 1013 5275 sistunt.
1020 5208 1411 5284 desistuntliominatori,
1418 5210 1578 5275 insistunt
1587 5211 1683 5274 Crea-

69 5308 142 5400 uano
165 5321 218 5370 suc
249 5312 400 5390 principe
424 5311 672 5391 Apostolorum.
700 5315 825 5392 Major,
880 5311 957 5384 tori,
970 5309 1156 5373 consistunt
1167 5309 1423 5372 remuneratori.
1436 5311 1473 5373 ln
1485 5309 1593 5387 primo
1606 5312 1689 5374 sunt

71 5406 385 5484 maismacensem,
409 5425 472 5489 par
492 5410 614 5484 ostiolo,
635 5412 746 5474 minor
766 5427 828 5491 po-
881 5408 1021 5486 gratiesi
1055 5407 1230 5482 laudibus,
1259 5407 1295 5470 in
1330 5406 1476 5469 secundo
1508 5403 1690 5472 victoriosi

17 5515 18 5520 ¹
71 5487 177 5560 testate:
191 5509 291 5583 major
305 5509 491 5582 vocatione,
507 5509 595 5587 quod
616 5509 711 5588 prius
725 5526 828 5573 voca-
880 5505 1047 5586 precibus,
1063 5505 1212 5568 intortio
1227 5504 1365 5582 gloriosi
1381 5504 1586 5567 muneribus.

72 5585 207 5664 mltuude
220 5605 323 5669 uraeei
337 5605 446 5686 ipsum
463 5606 734 5686 frequenter-non
746 5623 826 5687 pro-
927 5605 986 5670 lati
1012 5605 1090 5668 sunt
1113 5604 1180 5667 *duo
1207 5603 1269 5678 tili-i
1294 5603 1492 5682 splendoris.
1521 5607 1591 5680 Duo
1620 5601 1686 5672 tilii
