4014 6312
266 341 326 400 399
884 341 1060 403 llexeltli
1084 344 1127 404 111
1150 341 1299 406 OPERA.
1834 305 1887 414 loe

265 504 375 563 terrim
388 515 450 579 per
462 502 704 568 contumaciam
720 503 865 564 restrum
881 503 1061 582 capitulum
1117 503 1368 581 dispensatione
1400 505 1573 578 consistat,
1603 505 1636 568 et
1661 522 1733 568 cum
1758 509 1880 585 ejusdem

264 598 476 676 frequentare
508 599 679 673 desierint,
707 601 806 662 liceat
828 601 938 665 abbati
966 605 1060 664 prae·
1117 601 1256 664 consilio
1280 601 1337 679 qui
1365 601 1541 679 eligendus
1561 602 1661 665 tuerit
1685 619 1704 664 a
1725 607 1880 680 canonicis,

258 695 500 758 'monstrateusi
509 698 650 760 consilio
661 699 712 759 sui
725 699 874 776 capituli,
889 717 946 761 eos
957 717 1061 777 usque
1116 699 1268 776 eligatur.
1286 699 1398 761 Electo
1412 703 1523 762 autem
1537 700 1655 762 iratres
1674 703 1812 765 ecclesiae
1825 707 1882 766 sta-

265 794 306 855 ad
346 795 543 872 condignam
584 797 860 870 satisfactionem,
898 800 1061 860 sententia
1116 799 1175 858 tim
1190 797 1413 860 obedientiam
1434 799 1637 875 promittant,
1652 801 1708 877 qni
1729 816 1789 862 non
1806 805 1882 879 quasi

264 893 446 972 percellere
480 895 639 970 regulari,
676 897 709 957 et
734 897 931 957 sententiam
962 913 1060 972 quam
1116 895 1287 958 absolutus
1302 912 1322 957 a
1339 898 1501 973 potestate
1516 899 1620 974 patris
1634 897 1759 960 abbatis
1777 902 1822 960 vel
1836 918 1882 962 er-

264 992 424 1069 praeiatus
443 994 771 1054 Praemonstratensis
791 993 905 1066 abbas,
926 995 1007 1066 sive,
1026 995 1060 1054 in
1109 994 1203 1054 dinis
1228 995 1293 1063 sui,
1320 995 1583 1072 archiepiscopo,
1606 996 1658 1056 rel
1683 997 1835 1074 episcopo,
1857 999 1883 1060 in

263 1089 413 1166 generali
449 1091 604 1166 capitulo,
642 1093 712 1153 sire
747 1097 842 1154 extra
866 1093 1061 1170 capitulum,
1116 1095 1211 1170 cujus
1230 1093 1365 1154 dioecesi
1388 1093 1488 1155 suerit
1514 1097 1743 1170 praesentetur,
1763 1095 1884 1172 plenite-

263 1189 403 1250 censilie
419 1188 625 1262 coabbatum,
645 1190 680 1250 in
693 1190 849 1267 praelatos
865 1191 897 1252 et
912 1191 1060 1252 subditos
1116 1191 1225 1252 dinem
1246 1191 1290 1252 ab
1310 1208 1350 1254 ee
1374 1191 1476 1252 cilicii
1491 1193 1719 1270 percepturus,
1736 1193 1779 1254 ita
1792 1194 1882 1256 tarum

262 1287 366 1348 totius
384 1286 512 1349 ordinis
532 1288 634 1348 vestri
650 1290 809 1349 canonice
830 1289 954 1361 tulerit,
977 1290 1060 1350 nulli
1116 1289 1201 1366 qued
1224 1290 1300 1368 post
1321 1290 1441 1350 iactam
1463 1291 1716 1368 archiepiscopo
1741 1291 1791 1352 rel
1813 1293 1885 1368 epis-

263 1385 593 1462 archiepiscoperum
622 1402 682 1446 seu
719 1387 962 1464 episcoporum,
995 1388 1059 1448 nisi
1116 1402 1197 1463 cepe
1212 1403 1273 1448 sue
1296 1386 1546 1464 professionem,
1573 1389 1813 1450 occasioneilla
1833 1406 1884 1451 nen

263 1481 349 1544 torte
368 1483 409 1544 de
430 1483 587 1546 mandato
602 1485 743 1546 Romani
761 1485 943 1558 pontilicis,
961 1485 1061 1548 liceat
1114 1483 1380 1561 transgrediatur
1409 1485 1663 1546 constitutiones
1691 1486 1810 1547 ordinis
1833 1487 1883 1556 sui,

263 1579 430 1642 relaxare.
1115 1597 1176 1642 nec
1191 1582 1226 1642 in
1246 1581 1357 1660 alique
1372 1585 1444 1659 eJus
1467 1583 1706 1659 praevaricator
1722 1584 1841 1645 existat.
1859 1585 1885 1645 si

304 1679 341 1739 In
358 1678 506 1754 generali
526 1679 630 1756 igitur
647 1673 759 1742 vestro
778 1680 927 1758 capitulo
942 1679 1061 1758 praesi-
1115 1679 1188 1756 quis
1203 1681 1303 1742 etiam
1318 1695 1361 1741 ex
1375 1680 1470 1742 vobis
1485 1681 1646 1743 canonice
1663 1681 1782 1744 electus
1795 1681 1825 1742 in
1840 1682 1887 1742 ab

264 1775 362 1838 dente
386 1775 504 1840 abbate
523 1779 836 1840 praemonstratensi
865 1779 1061 1856 caeterisque
1114 1776 1614 1856 batem,dioecesanoepisoopo,
1627 1779 1729 1841 semel
1742 1779 1886 1842 etiterum

264 1874 523 1948 considentibus,
538 1876 570 1938 et
582 1876 616 1936 in
630 1876 749 1952 spiritu
764 1876 823 1937 Dei
845 1877 1059 1955 cooperanti·
1116 1891 1174 1953 per
1192 1875 1328 1938 abbates
1344 1877 1446 1938 vestri
1470 1876 1598 1938 ordinis
1614 1878 1825 1954 praesentatus
1840 1877 1888 1938 be-

262 1969 337 2046 bus,
352 1973 393 2035 de
403 1973 446 2035 iis
459 1990 533 2052 quae
543 1973 583 2034 ad
597 1973 850 2036 edificationem
860 1975 1058 2046 animarum,
1115 1972 1336 2036 nedictienem
1360 1973 1402 2035 ab
1419 1990 1459 2036 eo
1482 1991 1549 2036 nen
1571 1975 1717 2052 potnerit
1740 1974 1886 2036 obtinere:

263 2071 303 2131 ad
320 2073 573 2134 instructionem
586 2088 726 2145 morum,
741 2075 773 2134 et
790 2073 830 2134 ad
846 2073 1059 2134 informatio·
1115 2089 1157 2133 ne
1172 2071 1324 2146 ecclesia,
1347 2072 1389 2133 ad
1409 2089 1507 2151 quam
1523 2075 1661 2135 vocatus
1680 2075 1739 2146 est,
1755 2072 1888 2134 destituta

262 2185 338 2230 nem
351 2171 522 2243 virtutum,
540 2171 637 2248 atque
657 2172 897 2233 incrementum
921 2172 1058 2247 regula·
1115 2171 1254 2232 consilio
1276 2171 1496 2248 periclitetur,
1513 2171 1622 2234 eftlcio
1637 2173 1673 2233 et
1690 2171 1762 2233 leco
1781 2169 1888 2232 abbatis

262 2268 309 2329 ris
338 2268 523 2345 disciplinae
554 2268 759 2345 spectabunt,
781 2285 890 2330 sermo
918 2269 1059 2345 diligens
1115 2269 1263 2346 plenarie
1276 2269 1456 2330 secundum
1472 2270 1623 2331 ordinem
1639 2269 1792 2346 iungatur
1804 2268 1886 2339 inea,

262 2365 435 2428 habeatur.
446 2369 550 2428 Perre
561 2366 601 2428 de
613 2367 766 2430 omnibus
776 2367 1015 2444 quaestionibus
1027 2369 1060 2428 et
1113 2367 1226 2428 tamin
1235 2367 1458 2428 exterioribus
1467 2367 1694 2444 providendis,
1709 2367 1889 2444 quamiuin-

262 2465 407 2542 querelis
426 2468 494 2526 tarn
514 2465 742 2542 spiritualibus
767 2481 865 2544 qnam
886 2467 1058 2542 tempora·
1113 2464 1527 2542 tertoribuscerrigendis3
1540 2464 1888 2526 deuecautinterrentu

263 2562 364 2635 libus,
380 2577 454 2641 quae
473 2564 507 2624 in
528 2565 600 2641 ipso
621 2564 766 2641 capitulo
788 2564 964 2640 prepositae
986 2563 1060 2624 iue-
1114 2563 1280 2639 generalis
1295 2563 1433 2640 capituli
1448 2562 1561 2636 vestri,
1582 2565 1641 2624 aut
1661 2563 1817 2642 praecepto
1834 2565 1889 2624 ito-

262 2661 340 2733 rint,
364 2661 446 2722 illud
460 2663 613 2722 teneatur
630 2661 908 2737 irrefragabiliter
928 2663 961 2722 et
982 2677 1058 2722 ser·
1115 2661 1203 2722 mani
1224 2660 1405 2730 pontilicis,
1425 2677 1484 2722 seu
1500 2661 1747 2738 metropolitani
1760 2659 1889 2721 benedic

262 2761 370 2830 vetur,
394 2759 480 2836 qued
506 2757 609 2820 abbas
630 2759 959 2820 praemonstratensis
984 2775 1059 2820 cum
1113 2759 1236 2820 tionem
1252 2775 1346 2823 suam
1360 2758 1518 2820 obtineat.

263 2856 317 2930 iis,
346 2858 402 2934 qui
426 2855 569 2917 sanioris
598 2856 729 2918 consilii
755 2857 788 2918 et
816 2857 922 2932 magis
946 2856 1058 2918 idonei
1154 2859 1258 2917 porro
1285 2857 1378 2916 nulla
1414 2873 1555 2934 persona
1589 2855 1812 2918 ecclesiastica
1841 2869 1888 2932 pro

262 2955 488 3032 apparuerint,
496 2955 586 3032 juste
596 2954 778 3032 acprevide
787 2953 961 3032 judicabit.
973 2956 1059 3017 Sane
1114 2953 1308 3026 chrismate,
1337 2955 1394 3016 aut
1421 2955 1730 3016 consecrationibus
1761 2955 1792 3016 et
1815 2953 1889 3014 ordi·

263 3054 293 3113 si
317 3052 420 3114 abbas
435 3053 557 3131 aliquis
572 3053 676 3116 vestri
698 3053 825 3114 ordinis
847 3051 981 3114 infamis
1005 3055 1058 3116 vel
1114 3052 1314 3125 nationibus,
1335 3053 1394 3114 aut
1408 3067 1468 3130 pre
1490 3052 1663 3130 sepultura
1684 3053 1829 3132 pretium,
1842 3050 1888 3111 aut

262 3151 403 3223 inutilis,
414 3153 472 3212 aut
486 3151 614 3216 ordinis
628 3152 680 3212 sui
695 3152 931 3228 praevaricator
944 3151 1059 3216 inven-
1114 3166 1174 3228 pro
1186 3149 1410 3212 benedicendo
1423 3150 1534 3212 abbati
1551 3153 1584 3212 et
1597 3151 1789 3212 deducendo
1801 3150 1832 3210 in
1844 3163 1889 3208 se-

262 3249 317 3310 tus
333 3249 445 3316 luerit,
466 3250 498 3311 et
513 3249 607 3326 prius
628 3251 825 3328 perpetrem
841 3267 936 3312 suurn
956 3251 1062 3313 abba-¹
1114 3249 1187 3310 dem
1208 3265 1301 3310 suam
1324 3248 1532 3326 palafridum,
1555 3249 1613 3310 aut
1631 3248 1757 3327 aliquid
1778 3245 1889 3309 aliuda

263 3349 342 3418 tem,
360 3347 417 3408 aut
432 3362 491 3423 per
505 3346 645 3406 nuncios
660 3349 732 3424 ejus
745 3347 945 3420 admonitus,
963 3365 1058 3410 suum
1114 3347 1207 3408 vobis
1222 3347 1369 3423 exigere,
1386 3347 1498 3408 nullus
1514 3351 1673 3420 vestrum,
1690 3344 1888 3408 etiamsieni-

262 3445 430 3521 corrigere
453 3445 485 3505 et
499 3443 676 3506 emendare
691 3445 846 3506 delictum
861 3446 1057 3523 neglexerit,
1113 3445 1221 3521 gater,
1237 3444 1317 3506 dare
1330 3447 1519 3521 praesumat,
1533 3445 1611 3521 quia
1626 3446 1661 3506 et
1675 3443 1851 3520 exigentem
1863 3441 1889 3501 et

263 3545 320 3605 aut
332 3541 461 3616 cedere,
477 3542 505 3602 si
521 3543 723 3604 amovendus
738 3543 847 3616 luerit,
867 3545 984 3626 sponte
999 3562 1060 3607 ne·
1114 3543 1245 3604 dantem
1271 3544 1349 3614 nota
1368 3546 1402 3605 et
1416 3543 1601 3620 periculum
1620 3542 1809 3605 simoniaca
1826 3554 1889 3616 pra·

262 3641 375 3714 luerit,
398 3641 596 3704 auctoritate
617 3641 783 3718 generalis
801 3641 937 3720 capituli
958 3643 1060 3721 depo-
1114 3640 1226 3702 vitatis
1242 3641 1394 3702 involvit.

261 3741 380 3816 natur;
402 3739 435 3802 et
454 3739 634 3816 depositus,
657 3741 729 3800 sine
753 3740 916 3802 dilatione
933 3741 974 3802 ad
999 3741 1060 3803 do·
1155 3740 1317 3800 Caeterum
1330 3738 1359 3799 si
1372 3739 1484 3817 aliqua
1497 3737 1716 3800 ecelesiarum
1727 3738 1888 3800 vestrarum

262 3855 351 3898 mum
376 3837 463 3899 unde
489 3837 603 3910 exirit,
628 3854 687 3900 seu
710 3837 752 3899 ad
779 3839 881 3900 aliam
910 3839 1059 3917 ejusdem
1115 3837 1256 3914 pastoris
1276 3838 1395 3899 solatio
1423 3823 1589 3910 destituta,
1615 3838 1706 3900 inter
1728 3837 1838 3897 iratres
1858 3830 1888 3890 de

262 3935 389 3998 ordinis
408 3952 506 4013 quam
521 3935 670 4012 elegerit,
696 3936 848 3997 sineulla
870 3921 1059 4000 conditione
1114 3935 1341 3997 substituendo
1375 3934 1494 3996 abbate
1527 3934 1694 3996 discordia
1732 3933 1825 3996 luerit
1848 3927 1888 3988 rel

261 4033 453 4110 temporalis
482 4033 655 4102 commodi,
685 4035 888 4106 revertatur,
918 4035 952 4095 in
974 4035 1057 4097 obe-
1113 4035 1259 4095 scissura
1282 4033 1428 4106 suborta,
1453 4033 1486 4094 et
1502 4032 1566 4110 ipsi
1587 4031 1687 4094 facile
1711 4033 1751 4095 ad
1771 4041 1889 4092 cencer-

262 4131 387 4191 dientia
409 4129 548 4203 abbatis,
572 4129 658 4192 sicut
679 4131 791 4192 caeteri
813 4130 932 4193 batres
952 4132 1058 4209 ipsius
1113 4129 1202 4191 diam
1233 4130 1287 4201 vel
1312 4129 1472 4192 unitatem
1499 4131 1653 4192 revocari
1682 4127 1887 4208 nequiverint,

262 4227 833 4305 domus,lirmiterpermansurus.ld
844 4229 1058 4306 ipsumetiam
1113 4231 1207 4304 paler
1221 4228 1324 4289 abbas
1341 4227 1480 4290 consilio
1495 4227 1694 4290 coabbatum
1712 4239 1838 4288 suerum
1850 4221 1888 4282 eis

261 4327 497 4403 aliotempore,
510 4325 539 4386 si
553 4340 690 4387 necesse
703 4324 815 4398 fuerit,
830 4329 862 4388 et
877 4328 1056 4404 capitulum
1113 4327 1265 4388 idoneam
1291 4326 1465 4404 presideat
1485 4342 1678 4404 personam;
1711 4328 1743 4387 et
1762 4323 1808 4384 illi
1829 4332 1887 4382 eam

262 4425 334 4487 sine
348 4423 516 4498 scandale,
532 4423 586 4486 vel
599 4424 746 4502 periculo
761 4426 931 4502 expectari
946 4427 1058 4504 nequi-
1113 4425 1185 4485 sine
1204 4424 1466 4486 contradictione
1485 4425 1649 4502 recipiant
1672 4425 1708 4486 in
1737 4421 1886 4488 abbatem

260 4525 357 4597 verit,
380 4539 440 4602 per
465 4523 616 4587 abbatem
641 4524 1002 4598 premonstratensem,
1024 4527 1058 4586 et
1112 4539 1209 4600 quem
1224 4523 1254 4584 si
1276 4523 1427 4600 recipere
1442 4524 1713 4600 contempserint,
1736 4517 1885 4583 sententia

259 4624 386 4701 patrem
401 4622 552 4684 abbatem
573 4623 606 4685 et
624 4620 708 4682 alios
728 4620 875 4693 abbates,
901 4637 982 4699 ques
997 4640 1057 4685 ve·
1112 4621 1315 4698 subjaceant,
1330 4637 1429 4698 quarn
1442 4621 1538 4698 pater
1549 4621 1651 4682 abbas
1672 4637 1746 4692 curn
1767 4613 1884 4680 consilio

260 4723 385 4784 caverit
400 4722 473 4783 fieri
488 4720 612 4782 licebit.
630 4719 719 4792 Quod
736 4719 764 4780 si
780 4720 948 4797 depositus
970 4721 1004 4781 in
1021 4737 1057 4782 sa
1112 4719 1346 4780 coabbatorum
1362 4734 1497 4780 suorum
1512 4719 1547 4778 in
1562 4735 1620 4780 eos
1638 4717 1781 4788 duxerit,
1795 4713 1885 4774 aucte

259 4822 345 4882 datae
362 4819 535 4881 sententiae
548 4818 790 4880 contumaciter
803 4819 969 4880 contraire
988 4819 1057 4880 ten.
1111 4819 1208 4879 ritate
1224 4817 1361 4890 ordinis,
1379 4815 1663 4894 promulgandam.
1680 4815 1729 4877 Ad
1744 4816 1810 4875 baec
1822 4823 1884 4898 que

258 4919 391 4990 tarerit,
423 4919 491 4979 tam
515 4917 587 4993 ipse
615 4933 714 4994 quam
743 4915 945 4994 principales
970 4920 1053 4994 eJus,
1111 4915 1200 4977 niam
1216 4914 1545 4978 praemonstratensis
1556 4914 1707 4976 ecclesiae
1718 4911 1818 4990 prima
1829 4919 1886 4967 na·

260 5015 316 5093 qui
340 5015 380 5075 de
397 5014 513 5075 ordine
530 5017 641 5075 vestro
658 5013 783 5076 luerint
797 5014 831 5074 in
847 5015 1055 5076 contumacia
1109 5016 1161 5077 ter
1179 5018 1230 5077 est
1244 5015 1392 5076 emnium
1412 5013 1629 5074 ecclesiarum
1644 5013 1746 5073 totius
1765 5003 1882 5070 ordinis,

258 5130 319 5174 sua
334 5112 491 5182 fautores,
508 5111 549 5171 ab
561 5110 679 5174 abbate
699 5113 1009 5174 praemonstratensi
1023 5113 1056 5176 et
1110 5114 1143 5175 et
1161 5116 1287 5190 patrem
1310 5127 1409 5188 super
1429 5127 1464 5172 se
1481 5110 1585 5171 alium
1599 5125 1666 5171 non
1692 5107 1797 5172 babet,
1817 5099 1885 5165 sicui

258 5212 388 5274 caeteris
413 5207 606 5280 abbatibus,
644 5225 784 5270 censura
815 5209 1052 5284 ecclesiastica,
1110 5211 1150 5271 ad
1166 5211 1329 5272 cautelam
1344 5210 1377 5270 et
1389 5205 1573 5270 custodiam
1588 5207 1727 5278 ordinis,
1749 5199 1884 5266 statutum

258 5311 363 5372 donec
378 5307 597 5380 satisfaciant,
614 5309 803 5368 arceantur.
1110 5310 1161 5370 est
1175 5323 1234 5386 per
1250 5311 1318 5370 tres
1336 5293 1461 5386 primes
1475 5303 1622 5378 abbates,
1641 5293 1882 5365 Laedunensen'n

297 5411 420 5470 Verum
442 5423 517 5469 curn
543 5406 656 5484 aliqua
682 5404 898 5466 ecclesiarum
922 5406 1053 5468 vestra·¹
1110 5406 1359 5468 ploresflensem
1374 5404 1407 5467 et
1422 5403 1696 5474 Gnissiacensem,
1714 5412 1817 5461 annua
1831 5391 1884 5453 ibi-

257 5521 330 5568 rum
345 5505 462 5567 abbate
475 5503 609 5582 proprio
623 5503 723 5565 luerit
733 5504 899 5576 destituta,
912 5505 965 5565 vel
980 5521 1054 5565 curn
1110 5505 1183 5565 dem
1204 5503 1351 5564 visitatio
1367 5503 1443 5576 liat;
1462 5502 1495 5563 et
1514 5501 1543 5562 si
1563 5499 1641 5578 quid
1662 5500 1697 5560 in
1717 5499 1786 5575 ipsa
1801 5493 1880 5553 deno

256 5607 303 5670 ibi
331 5604 459 5666 abbatis
487 5603 606 5665 electio
631 5602 830 5679 regulariter
859 5619 924 5664 non
953 5601 1055 5665 luerit
1109 5601 1341 5679 corrigendum
1363 5599 1474 5671 suerit,
1495 5597 1620 5676 absque
1638 5595 1754 5673 majori
1773 5599 1883 5669 percos

257 5703 433 5776 celebrata,
462 5701 522 5772 sub
541 5702 646 5780 patris
670 5700 798 5772 abbatis
826 5700 987 5781 potestate
1015 5716 1055 5762 ac
1109 5700 1279 5771 audientia
1290 5698 1489 5776 corrigatur.
1506 5696 1596 5776 Quod
1618 5696 1646 5760 si
1658 5693 1756 5756 abbas
1771 5689 1805 5760 ip
1821 5697 1883 5747 cor·
