4072 6314
106 401 167 462 ⁶85

106 559 329 636 tiniregulam
346 559 382 620 in
392 559 509 620 eodem
520 559 721 622 monasterio
732 560 902 623 institutus

106 673 183 718 esse
199 657 415 733 dignoscitur,
429 657 598 734 perpetuis
613 657 735 718 ibidem
745 659 905 736 tempori-

106 755 170 816 bus
209 754 450 817 inviolabiliter
492 754 695 816 observetur.
737 756 902 818 Praeterea

106 869 332 930 quascumque
341 853 578 930 possessiones,
591 869 805 931 quaecumque
815 853 903 916 bona

106 952 195 1012 idern
209 951 447 1013 monasterium
461 951 497 1012 in
508 952 761 1028 praesentiarum
771 953 861 1030 J'uste
871 954 903 1016 et

106 1048 268 1112 canonice
287 1049 444 1126 possidet,
465 1050 524 1109 aut
539 1049 572 1110 in
596 1050 742 1112 futurum
761 1066 901 1112 conces-

107 1147 204 1208 sione
214 1147 423 1219 Pontificum,
438 1145 616 1220 largitione
625 1163 740 1224 regum
749 1148 904 1226 16161111-

105 1245 236 1321 cipum,
257 1243 424 1306 oblatione
445 1244 602 1316 fidolium,
624 1261 683 1306 seu
705 1245 782 1307 aliis
801 1247 902 1323 justis

105 1342 215 1402 modis
237 1343 419 1420 ¹praestante
445 1342 584 1404 Domino
606 1343 726 1420 poterit
749 1343 900 1420 adipisci,

106 1440 203 1500 firma
223 1439 343 1512 vobis,
368 1440 554 1517 vestrisque
576 1440 846 1514 successoribus
870 1442 903 1502 ct

105 1537 236 1599 illibata
252 1539 478 1614 permaneant.
493 1540 530 1599 In
545 1536 663 1616 quibus
677 1538 748 1600 baec
759 1539 902 1616 propriis

104 1636 264 1696 duximus
278 1635 493 1712 exprimenda
508 1635 678 1698 vocabulis
691 1657 697 1696 :
708 1639 830 1698 Locum
845 1637 902 1714 ip*

105 1749 179 1793 sum
203 1733 239 1794 in
262 1749 327 1811 quo
351 1731 525 1808 praefatum
545 1733 782 1795 monasterium
803 1735 901 1796 situm

104 1831 168 1898 est,
182 1846 256 1891 curn
267 1830 419 1892 omnibus
428 1831 637 1908 pertinentiis
645 1831 725 1893 suis.
737 1832 899 1904 Decimae,

102 1929 138 1990 61
160 1928 327 2004 primitias
351 1944 433 2006 quas
449 1928 653 1990 venerabilis
672 1928 776 1990 irater
790 1931 903 1991 noster

102 2025 292 2087 Tolosanus
323 2027 498 2103 episcopus
528 2025 620 2088 vobis
653 2026 740 2103 apud
774 2027 902 2088 Fanum

103 2125 122 2184 J
125 2123 199 2183 ovis
209 2122 330 2185 intuitu
340 2117 472 2199 pietatis
483 2123 657 2185 concessit.
670 2124 902 2185 Possessiones

103 2235 190 2298 quas
205 2221 369 2295 quondam
386 2219 548 2282 Robertus
559 2220 783 2294 Malivicinus,
798 2221 831 2283 et
844 2237 901 2282 eas

102 2333 189 2394 quas
203 2317 324 2378 nobilis
346 2317 399 2379 111
421 2318 534 2380 Simon
546 2333 663 2396 ¹comes
680 2317 901 2381 Montisiortis

101 2415 193 2491 apud
217 2415 369 2476 eumdem
390 2414 510 2487 locum,
535 2415 570 2476 et
593 2414 680 2492 apud
701 2415 848 2488 Salrens,
870 2417 902 2478 61

103 2511 193 2589 apud
208 2512 387 2573 Villarium
403 2512 496 2573 vobis
516 2528 576 2588 pro
597 2527 734 2574 suorum
749 2514 902 2590 redemp-

101 2609 196 2671 tione
204 2611 432 2688 peccaminum
441 2610 662 2684 contulerunt;
673 2611 901 2686 possessiones

101 2723 188 2787 quas
201 2707 288 2782 apud
300 2708 469 2784 apamias,
483 2708 570 2785 apud
582 2709 759 2770 Gardelam
774 2708 901 2786 etapud

100 2809 256 2882 Agaoens
275 2804 416 2867 habetis
434 2805 771 2883 Possessiones,quas
784 2807 901 2868 Petrus

103 2901 147 2962 de
161 2902 244 2964 Vico
256 2903 344 2980 apud
359 2904 545 2972 Recortam,
562 2904 595 2965 et
606 2902 800 2966 Lambertus
815 2905 900 2981 apud

102 2999 246 3062 Pedium
261 3000 377 3062 Viride
394 3002 504 3062 vestro
524 3001 727 3062 monasterio
746 3001 900 3063 contule-

100 3099 192 3160 runt.
207 3098 442 3160 Possessiones
452 3113 533 3175 quas
544 3098 630 3176 apud
645 3101 755 3171 Bram,
768 3099 800 3160 61
814 3099 900 3175 apud

100 3193 273 3257 Ausonam
288 3195 431 3268 habetis,
448 3197 481 3257 et
493 3196 652 3264 redditus,
674 3211 756 3274 quos
772 3195 901 3257 habetis

100 3292 192 3370 apud
205 3295 336 3355 Conens
353 3307 427 3354 cum
441 3292 557 3369 pratis,
567 3294 686 3363 vineis,
697 3293 899 3366 nemoribus,

100 3390 249 3467 pascuis,
271 3390 305 3452 61
327 3389 479 3452 omnibus
494 3391 571 3452 aliis
591 3390 802 3468 pertinentiis
818 3392 899 3453 suis.

103 3490 194 3548 Sane
222 3487 395 3550 novalium
425 3489 624 3558 vestrorum,
654 3505 727 3566 quae
758 3489 901 3566 propriis

100 3584 270 3658 manibus,
286 3586 344 3647 aut
358 3584 542 3660 sumptibus
555 3585 675 3656 colitis,
692 3586 763 3648 sive
777 3585 818 3647 de
829 3599 902 3647 ves-

100 3683 233 3744 trorum
262 3682 457 3744 animalium
486 3683 714 3754 nutrimentis,
743 3682 853 3743 nullus
881 3699 900 3743 a

99 3779 198 3842 vobis
213 3779 358 3841 decimas
373 3779 521 3856 exigere,
536 3779 588 3840 vel
604 3781 802 3856 extorquere
815 3795 901 3856 prae-

103 3878 226 3938 sumat.
244 3877 357 3939 Liceat
369 3893 503 3957 quoque
516 3877 610 3940 uobis
621 3877 760 3940 clericos
770 3878 822 3939 161
837 3877 902 3938 161-

100 3990 160 4038 666
175 3974 298 4037 liberos
317 3974 350 4036 et
368 3974 539 4036 absolutos
557 3989 576 4036 e
591 3974 713 4037 saeculo
732 3973 899 4051 fugientes

100 4073 145 4136 ad
170 4071 423 4133 conversionem
444 4072 604 4149 recipere,
634 4074 668 4134 et
692 4087 750 4133 eos
776 4071 901 4149 absque

101 4170 368 4232 contradictione
383 4168 496 4246 aliqua
510 4170 666 4232 retinere.
682 4169 900 4231 Prohibemus

100 4269 254 4344 insuper,
282 4269 316 4330 ut
340 4267 424 4327 nulli
447 4265 587 4328 fratrum
619 4266 807 4330 vestrorum
828 4267 902 4344 post

101 4365 226 4427 iactam
244 4364 280 4425 in
303 4364 508 4426 monasterio
526 4366 638 4426 vestro
661 4362 901 4442 professionem

101 4462 153 4524 las
173 4463 228 4535 sit,
249 4462 323 4524 sine
341 4462 464 4538 prioris
485 4462 535 4523 sui
562 4462 707 4534 licentia,
724 4462 765 4524 da
787 4461 902 4523 eodem

100 4561 189 4633 locu,
203 4559 270 4621 nisi
284 4559 438 4620 arctioris
449 4558 621 4636 religionis
633 4558 781 4632 obtentu,
793 4559 902 4620 disce-
934 4633 936 4638 ¹

100 4753 267 4805 coetaneus
281 4745 323 4802 sic
337 4745 430 4816 capite
450 4744 556 4804 xxvii
575 4743 704 4801 historie
719 4741 903 4800 occidentalis

101 4818 139 4874 de
159 4831 233 4873 nova
263 4816 402 4888 religione
425 4821 453 4871 61
473 4814 675 4887 praedicatione
698 4814 902 4871 Bonoieusium

101 4889 307 4946 canorricorum
332 4888 451 4958 loquens
479 4886 538 4942 ait:
562 4887 635 4942 ‹Est
653 4885 706 4941 alla
729 4885 902 4966 regularium

102 4958 307 5016 canonicorum
324 4960 383 5013 lieo
397 4963 478 5028 grata
490 4963 519 5014 et
531 4955 693 5025 bominibus
703 4962 829 5028 gratiosa
839 4970 904 5013 cou-

101 5030 237 5104 gregatio
263 5034 340 5084 extra
366 5028 510 5084 civitatem
530 5027 665 5083 Bonouiae
683 5041 739 5083 uon
761 5026 788 5082 lo
831 5041 848 5082 e
869 5025 903 5082 ab
935 5027 938 5053 ²

102 5117 172 5158 aaa
199 5099 280 5174 (tunc
294 5099 370 5154 euim
385 5099 415 5153 in
430 5095 560 5154 ooenobio
578 5098 605 5154 S.
625 5096 734 5154 Nicolai
751 5096 787 5153 de
832 5097 904 5152 ineis

102 5171 231 5229 nondum
253 5171 326 5226 lutra
352 5168 430 5226 urbis
456 5167 561 5225 moenia
579 5169 715 5226 concluso
739 5165 905 5224 habitabant

102 5242 216 5314 iratres)
248 5241 302 5296 «iu
330 5239 431 5298 castris
454 5239 552 5296 aeterni
570 5240 648 5310 regis
672 5238 861 5302 militantium,
876 5245 904 5294 et

103 5314 197 5371 eidem
212 5311 265 5369 sub
280 5311 363 5367 unius
376 5311 492 5383 majoris
506 5309 667 5367 obedientia
679 5308 828 5365 infervere
843 5309 901 5381 spi·

104 5386 174 5442 ritus
195 5391 224 5441 et
239 5383 362 5438 mantice
373 5395 493 5438 excessu
508 5389 565 5437 tam
581 5379 694 5447 devote,
709 5391 795 5451 quam
809 5378 901 5436 bumi-

103 5456 167 5513 liter
177 5453 387 5512 serventium...
399 5453 567 5510 canonicam
576 5451 719 5522 regulam,
728 5457 757 5506 61
765 5450 904 5507 salutares

103 5526 280 5600 regularium
292 5523 490 5580 observantias
499 5520 718 5594 predicationis,
734 5518 904 5578 etdoctrinae

104 5597 197 5670 gratia
212 5593 391 5662 decorantes,
408 5601 436 5649 et
456 5592 676 5650 Praedicatorum
696 5590 836 5662 ordinem,
862 5607 905 5648 ca·

105 5668 273 5726 uonicorum
287 5663 379 5721 ordmi
390 5663 474 5735 conio
518 5669 609 5730 entes,
624 5669 700 5719 eto.»
718 5661 792 5719 lliuc
806 5662 905 5720 audies

106 5754 141 5796 er
153 5738 236 5796 bullis
255 5734 450 5794 exscribendis
467 5735 494 5791 iu
523 5749 549 5802 a,
568 5730 668 5790 iratres
692 5733 913 5803 predicatores

733 399 963 463 astercum.
986 401 1065 462 ura.
1088 402 1140 478 11,

1695 405 1755 466 686

959 560 1037 624 dere
1060 575 1068 622 r
1094 561 1314 623 discedentem
1342 577 1422 626 vero
1449 563 1574 641 absquo
1602 580 1754 626 commu-

959 658 1051 720 nium
1071 658 1256 720 litterarum
1271 661 1458 722 vestrarum
1473 662 1627 724 cautione
1641 663 1754 724 nullus

958 757 1079 818 audeat
1097 757 1253 818 retinere.
1270 758 1307 818 In
1327 759 1575 836 parochialibus
1591 776 1670 823 1616
1692 777 1752 822 66-

958 854 1081 927 clesiis,
1099 855 1329 932 quasbabetis,
1346 857 1549 920 liceatvobis
1564 859 1752 920 sacerdotes

958 952 1093 1028 eligere,
1115 953 1148 1015 et
1162 953 1350 1016 dioecesano
1367 955 1521 1032 episcopo
1536 959 1751 1032 praesentare,

958 1049 1087 1128 quibus,
1105 1050 1134 1110 si
1149 1050 1260 1112 idonei
1282 1051 1414 1126 luerint,
1438 1053 1613 1130 episcopus
1638 1070 1752 1115 curam

957 1148 1145 1210 animarum
1157 1149 1350 1222 committat,
1363 1151 1399 1212 ut
1413 1151 1445 1212 61
1455 1151 1496 1212 de
1510 1151 1751 1227 spiritualibus,

957 1245 1050 1308 vobis
1065 1261 1145 1308 vero
1157 1245 1198 1306 de
1213 1246 1451 1324 temporalibus
1464 1248 1605 1311 debeant
1613 1265 1753 1326 respon-

957 1344 1044 1406 dere.
1074 1344 1255 1406 statuimus
1281 1346 1455 1422 praeterea,
1481 1347 1518 1408 ut
1542 1346 1627 1407 nulli
1652 1348 1753 1432 liceat

958 1441 1158 1504 monasterio
1172 1443 1284 1504 vestro
1299 1458 1416 1516 novas,
1433 1445 1465 1506 et
1478 1443 1642 1506 indebitas
1658 1461 1754 1506 exac-

956 1540 1754 1619 tionesimponere,autinvos‚velinpraedictum

957 1637 1196 1716 monasterium
1209 1639 1356 1700 vestrum
1371 1639 1444 1700 sine
1458 1637 1634 1701 manifesta
1647 1643 1679 1701 et
1691 1656 1752 1701 ra·

956 1735 1109 1798 tionabili
1130 1751 1243 1806 causa,
1260 1736 1613 1798 excommunicationis
1627 1738 1681 1798 vel
1700 1739 1755 1798 in-

956 1832 1089 1895 terdicti
1109 1833 1291 1894 sententias
1305 1834 1528 1910 promulgare.
1546 1835 1627 1895 Cum
1641 1837 1753 1897 autem
1805 1845 1811 1852 ·

957 1930 1112 2006 generale
1140 1930 1353 1992 interdictum
1380 1931 1479 1993 terrae
1504 1931 1625 2004 suerit,
1654 1932 1754 1994 liceat

956 2027 1062 2101 vobis,
1078 2028 1204 2090 clausis
1214 2029 1339 2104 jannis,
1357 2029 1502 2090 exclusis
1520 2030 1751 2092 excommuni-

957 2127 1051 2199 catis,
1068 2127 1101 2189 et
1114 2125 1312 2200 interdictis,
1328 2142 1394 2190 non
1409 2127 1549 2203 pulsatis
1569 2128 1752 2204 campanis,

957 2239 1135 2301 suppressa
1169 2239 1263 2294 roca,
1286 2223 1399 2286 divina
1427 2223 1537 2287 cilicia
1571 2225 1752 2286 celebrare.

957 2322 1109 2383 (ibrisma
1128 2337 1221 2393 1616,
1249 2320 1358 2384 oleum
1378 2325 1541 2394 sanctum,
1570 2337 1751 2384 consecra-

956 2419 1065 2480 tiones
1086 2418 1253 2490 altarium,
1279 2433 1339 2480 seu
1361 2418 1587 2490 basilicarum,
1611 2419 1751 2481 ordina-

955 2515 1063 2578 tiones
1094 2513 1292 2576 clericorum
1320 2514 1377 2590 qui
1403 2514 1446 2576 ad
1471 2529 1585 2576 sacros
1618 2515 1752 2576 ordines

957 2611 1544 2689 luerintpromovendi,adioecesano
1564 2613 1753 2689 suscipietis

956 2711 1121 2788 episcopo,
1134 2708 1297 2787 siquidem
1307 2709 1491 2772 catholicus
1499 2709 1610 2783 luerit,
1623 2711 1754 2773 616611-

956 2808 1147 2870 munionem
1162 2808 1384 2868 sacrosanctae
1400 2809 1558 2870 Romanae
1581 2809 1676 2869 Sedis
1691 2809 1754 2868 ba-

956 2903 1074 2975 buerit,
1096 2904 1129 2964 et
1147 2918 1187 2964 ea
1210 2902 1304 2964 robis
1328 2903 1472 2965 voluerit
1497 2904 1570 2965 sine
1589 2904 1753 2980 pravitate

956 3000 1068 3076 aliqua
1082 2997 1233 3072 exibere,
1251 2997 1399 3074 alioquin
1414 2999 1514 3060 liceat
1527 2998 1621 3060 vobis
1637 3015 1754 3075 quem-

957 3111 1096 3173 cumque
1115 3094 1299 3157 malueritis
1314 3095 1514 3156 catholicum
1535 3094 1628 3155 adire
1644 3096 1752 3156 antis-

956 3195 1059 3266 titem,
1074 3193 1217 3269 gratiam
1229 3193 1261 3254 et
1275 3193 1539 3254 communionem
1551 3193 1750 3270 apostolicae

958 3291 1051 3354 Sedis
1064 3290 1251 3362 habentem,
1270 3291 1327 3369 qui
1348 3291 1460 3353 nostra
1479 3290 1583 3352 iratus
1604 3289 1752 3352 auctori-

955 3388 1024 3449 tate
1036 3386 1140 3458 vobis,
1158 3386 1244 3463 quod
1259 3385 1445 3462 postulatis,
1459 3387 1638 3462 impendat.

997 3483 1207 3560 sepulturam
1233 3498 1363 3559 quoque
1390 3482 1496 3558 ipsius
1523 3481 1587 3543 loci
1612 3481 1752 3544 liberam

956 3590 1030 3642 ¹esse
1044 3579 1264 3648 decernimus,
1281 3578 1317 3639 ut
1331 3594 1445 3641 eorum
1462 3577 1630 3639 devotioni
1643 3581 1676 3640 et
1689 3594 1753 3640 ex-

955 3679 1069 3739 tremae
1083 3675 1256 3748 voluntati,
1271 3676 1329 3751 qui
1341 3690 1377 3736 se
1392 3674 1462 3735 illic
1473 3675 1608 3750 sepeliri
1626 3674 1753 3736 delibe-

955 3775 1122 3844 raverint,
1152 3773 1219 3834 nisi
1247 3772 1332 3834 16116
1368 3773 1670 3845 excommunicati,
1699 3773 1753 3834 161

955 3872 1123 3934 interdicti
1142 3870 1219 3942 sint,
1234 3869 1346 3930 nullus
1361 3868 1517 3945 obsistat3
1534 3869 1753 3932 salvatamen

951 3971 1082 4048 justitia
1094 3969 1228 4030 illarum
1248 3967 1501 4028 ecclesiaruma
1523 3967 1643 4045 quibus
1663 3984 1755 4030 mor-

954 4070 1086 4130 tuorum
1107 4081 1247 4143 corpora
1266 4065 1490 4127 assmnuntur.
1513 4064 1663 4127 obeunte
1673 4081 1753 4128 1616

954 4167 987 4229 te
1020 4181 1107 4226 nunc
1131 4163 1278 4242 ejusdem
1300 4162 1365 4224 loci
1393 4163 1517 4241 priore,
1543 4164 1596 4225 161
1623 4163 1754 4226 tuorum

956 4262 1102 4341 quolibet
1125 4277 1369 4333 successorum,
1398 4261 1508 4322 nullus
1536 4261 1584 4322 ibi
1609 4260 1757 4340 qualibet

956 4359 1177 4436 subreptionis
1202 4360 1335 4432 astutia,
1361 4374 1421 4420 seu
1441 4358 1601 4421 violentia
1619 4375 1753 4435 praepo-

956 4459 1065 4530 natur,
1078 4457 1143 4517 nisi
1156 4473 1254 4534 quem
1265 4455 1384 4518 tratres
1398 4456 1564 4518 communi
1575 4471 1750 4526 consensu,

956 4556 1010 4618 161
1017 4555 1157 4618 fratrum
1170 4570 1246 4631 pars
1262 4553 1394 4615 consilii
1403 4553 1559 4624 sanioris,
1572 4553 1753 4612 monadum

958 4739 1045 4796 immo
1068 4745 1097 4794 et
1115 4736 1254 4794 moniales
1280 4733 1407 4808 eiusdem
1426 4732 1533 4792 ordinis
1547 4735 1711 4803 canonicos,
1726 4741 1755 4791 61

957 4809 1111 4866 canonicas
1125 4807 1234 4864 duobus
1250 4805 1389 4880 prioribus
1411 4805 1500 4879 ipsius
1519 4804 1627 4862 ordinis
1642 4806 1755 4862 sarculis

958 4893 1034 4952 sepe
1060 4879 1164 4951 sepius
1181 4876 1268 4934 luisse
1286 4891 1379 4933 nuncu
1403 4885 1474 4934 atas.
1493 4877 1566 4933 lliuc
1579 4876 1695 4937 taudem
1712 4883 1755 4933 est

977 4950 1033 5007 uod
1053 4951 1082 5006 in
1102 4949 1349 5006 constitutionibus
1373 4893 1497 5018 (irdinis,
1513 4945 1577 5004 dist.
1598 4950 1620 5015 l,
1638 4949 1755 5006 texth

958 4966 993 5080 fle
1023 5019 1212 5094 decipiendis,
1229 5035 1292 5102 cap.
1318 5020 1396 5078 lllll.
1427 5019 1473 5078 Sic
1494 5019 1561 5075 olim
1583 5018 1752 5092 legebatur:

961 5091 1082 5150 «Nullus
1096 5091 1247 5163 recipiatur
1266 5106 1295 5147 m
1310 5091 1480 5148 canonicum
1497 5089 1753 5161 adprobationem,

958 5164 1003 5221 vol
1017 5163 1238 5235 possessionem,
1259 5162 1314 5218 nisi
1342 5177 1358 5218 a
1383 5162 1475 5236 priore
1494 5159 1669 5232 provinciali,
1681 5159 1753 5240 Y⁰¹.⁸

959 5235 1052 5306 priore
1067 5233 1257 5302 conventuali,
1268 5247 1332 5290 cum
1339 5247 1457 5290 assensu
1469 5232 1565 5298 totius,
1581 5231 1626 5286 vel
1639 5245 1755 5302 majoris

959 5309 1047 5379 partis
1071 5305 1222 5379 capituli.»
1244 5302 1276 5360 ld
1297 5303 1393 5360 videre
1413 5311 1456 5359 est
1484 5303 1512 5357 in
1534 5302 1613 5357 Actis
1637 5299 1755 5372 capituli

960 5378 1105 5435 Generalis
1133 5374 1303 5433 parisiensis
1326 5375 1394 5430 anui
1406 5373 1586 5431 mdcxcvi:
1603 5383 1679 5426 nunc
1704 5384 1754 5426 ex·

960 5455 1065 5520 puncto
1092 5447 1223 5504 canonici
1242 5443 1391 5512 vocabulo,
1416 5443 1539 5516 legimus
1554 5457 1561 5496 :
1578 5441 1671 5496 uultus
1686 5441 1756 5497 1661-

981 5520 1052 5576 iatur
1067 5519 1097 5575 in
1112 5516 1226 5574 fratrem
1241 5517 1375 5574 clericum
1392 5515 1455 5582 uisi,
1469 5521 1522 5569 etc.
1537 5512 1675 5593 tieletum
1685 5511 1755 5592 ordo

960 5535 1076 5647 Pramum
1105 5587 1327 5646 predicatorum
1360 5587 1434 5641 iuter
1463 5581 1662 5664 mendicantes
1692 5597 1758 5654 pure

960 5661 1062 5719 merito
1076 5666 1249 5729 recensetur,
1265 5663 1295 5716 61
1307 5656 1343 5714 de
1358 5655 1413 5712 boc
1424 5667 1481 5710 uno
1496 5653 1644 5726 gloriatur.
