3996 6326
272 469 313 528 79
736 469 912 532 HONORll
935 471 980 531 111
1001 471 1151 534 OPERA.
1166 503 1208 518 -
1223 473 1456 536 SERMONES.
1873 482 1905 540 80

273 629 306 692 et
320 631 577 704 scerntitoltoetrt
595 627 688 714 (Luc.
717 643 753 702 n,
774 628 820 710 5).
837 631 876 692 lit
894 630 940 694 ita
953 629 1071 712 quarta
1125 631 1226 696 tatem
1261 635 1371 696 Beate
1399 635 1526 697 Mariae.
1563 635 1649 698 Nam
1681 635 1781 698 Beata
1815 637 1906 700 bieria

234 782 238 790 .
278 741 400 787 aurora
415 727 465 788 est
479 726 585 788 Maria
601 725 642 788 de
657 727 761 805 stirpe
775 727 891 789 David.
1125 730 1269 818 benigna
1284 731 1345 804 est,
1359 731 1456 806 idest,
1473 733 1568 810 larga
1583 733 1619 795 ln
1638 731 1806 796 beneflciis
1820 737 1908 797 omni·

313 835 395 896 Item
422 833 488 894 tria
516 834 732 896 attenduntur
762 833 798 896 in
826 850 968 904 aurora,
998 851 1071 914 quae
1125 828 1187 890 bus
1211 830 1456 908 postulantibus
1478 831 1654 894 devotione
1669 833 1808 895 sincera.
1829 833 1907 894 Unde

273 931 494 1008 spiritualiter
506 932 650 1014 pertinet
659 931 700 994 ad
712 932 842 994 beatam
852 933 993 995 Mariam
1001 935 1073 996 Vir·
1126 927 1282 990 Salomon
1297 929 1331 990 in
1349 928 1565 992 Proverbiis:
1590 933 1717 992 Manus
1739 947 1819 993 sacca
1835 947 1906 1007 cpe-

272 1030 396 1105 ginem,
420 1029 560 1100 scilicet,
581 1031 763 1106 evigilatio,
784 1031 861 1092 linis
875 1032 1070 1110 praeceden-
1124 1027 1503 1102 ruscinonensem
1516 1028 1767 1091 malelidi!
1784 1031 1909 1104 adpro·

272 1127 356 1191 tium
375 1128 590 1190 tenebrarum
619 1129 652 1190 et
677 1127 809 1192 initium
836 1130 922 1191 lucis
950 1129 1070 1194 subse·
1120 1137 1226 1196 peres
1246 1123 1359 1204 (Pr0l·
1382 1141 1479 1199 11¹1,
1499 1124 1565 1206 20)·
1582 1127 1684 1188 Beata
1703 1125 1909 1188 Maliaabffll·

273 1225 415 1303 quentis.
445 1226 624 1302 evigilatio
645 1227 745 1304 Juxta
770 1226 852 1302 illud
878 1249 886 1290 :
908 1229 1069 1306 Serrpttc,
1124 1221 1180 1284 dai
1195 1221 1321 1284 divitiis
1343 1223 1378 1284 in
1403 1224 1616 1298 mortalibus,
1643 1225 1907 1302 secundumquod

272 1327 467 1400 vigitemus,
493 1329 576 1398 perta
598 1325 714 1388 veniet
733 1329 920 1400 Dominae,
944 1325 1072 1388 scilieet
1130 1319 1166 1380 in
1198 1319 1388 1383 Proverbiis
1409 1323 1491 1385 dicit
1514 1323 1546 1383 ei
1566 1322 1655 1384 iilius
1676 1339 1783 1383 suus:
1807 1323 1909 1385 Milite

272 1421 308 1482 iu
323 1421 498 1498 virginem.
518 1423 680 1485 Veniente
701 1439 844 1501 namque
858 1423 998 1486 veritate
1012 1424 1072 1488 de-
1123 1417 1205 1491 filioe
1228 1421 1529 1496 widrssdavmiil
1551 1422 1704 1494 divinat,
1736 1421 1774 1483 32⁴
1799 1435 1910 1496 auper-
1995 1473 1996 1476 =

272 1517 475 1582 buitumbra
498 1536 631 1582 cessare
647 1523 746 1600 juxta
766 1521 850 1583 illud
867 1543 875 1583 ε
891 1526 1072 1585 Νουίεεθμ
1123 1530 1246 1593 aresta
1279 1531 1318 1578 es
1351 1511 1538 1580 uhivertat
1572 1517 1687 1598 (Pr0v·
1723 1535 1818 1592 1¹¹1,
1851 1513 1908 1596 29)-

270 1621 552 1692 pervenientibus
571 1621 692 1682 cetera
715 1621 883 1692 abjicietis
904 1617 1068 1699 (Lenta,
1124 1613 1225 1685 Quasi
1247 1613 1393 1678 di⁰0r0t²
1419 1613 1532 1678 Muliae
1551 1616 1641 1689 fili&
1666 1616 1779 1680 mullae
1801 1616 1908 1678 anifflae

271 1712 339 1794 26).
359 1719 487 1794 Exque
503 1717 591 1778 enim
606 1717 717 1779 velum
729 1717 844 1796 templi
866 1719 1072 1804 scissum-est
1124 1711 1374 1790 acquisiverunt
1388 1713 1453 1775 sibi
1470 1713 1604 1777 diviti&
1617 1715 1832 1788 immitam,
1847 1727 1908 1776 θῶ·

273 1829 293 1882 a
313 1830 442 1882 summo
458 1828 562 1893 usque
586 1814 752 1890 deorsum,
775 1813 922 1878 ablatum
943 1816 994 1878 est
1011 1833 1073 1879 re·
1124 1809 1223 1873 lestes
1238 1809 1471 1886 beatitudines,
1494 1811 1552 1874 ⁸⁰⁶
1572 1813 1621 1881 tu·
1645 1813 1767 1874 Sancta
1786 1813 1908 1874 sancii·

273 1911 383 1976 lamen
412 1928 432 1974 a
458 1911 545 1980 iacto
570 1913 696 1991 Moysis
714 1915 751 1977 ut
765 1915 941 1993 appareret
963 1914 1070 1992 gloria
1123 1923 1210 1980 rum,
1237 1907 1342 1986 Virgo
1364 1909 1532 1986 virginum
1553 1925 1773 1988 supergressa
1789 1927 1825 1973 es
1844 1909 1912 1970 uui·
1986 1906 1989 1918 '

272 2009 384 2072 vultus
399 2012 483 2088 ejus.
499 2011 546 2072 De
561 2011 633 2089 ipsa
650 2011 751 2074 etiam
765 2012 896 2089 virgine
910 2011 1070 2090 speciali·
1123 2019 1253 2079 versas,
1288 2007 1374 2084 quod
1405 2007 1492 2070 sicut
1525 2009 1619 2070 nulla
1654 2007 1716 2071 tibi
1751 2008 1855 2087 potuit
1880 2007 1910 2068 in
1983 2018 1996 2066 ¹,

272 2111 324 2170 ier
352 2108 511 2188 scriptum
537 2109 587 2171 est
612 2129 620 2170 ε
645 2110 728 2176 021oe
752 2111 894 2172 curtetur
920 2113 1071 2173 hereses
1124 2103 1253 2166 meritis
1262 2106 1460 2183 comparari,
1475 2106 1521 2169 lta
1537 2121 1598 2168 nec
1608 2105 1643 2168 in
1658 2106 1807 2185 premiis
1820 2103 1912 2183 aeqni-
1985 2152 1996 2184 „

272 2207 575 2272 solotnteremtaii.
590 2205 1067 2288 initiumsnbseqnentislucis,
1125 2203 1248 2279 parari·
1274 2203 1355 2264 Cum
1382 2203 1487 2280 igitur
1513 2204 1594 2266 luna
1620 2205 1736 2267 nostra
1759 2205 1803 2269 sit
1826 2204 1912 2282 pleni

273 2304 360 2370 unde
386 2307 419 2379 et
445 2305 480 2365 in
501 2305 600 2381 partu
632 2304 741 2383 ipsius
767 2305 903 2369 claritas
932 2305 1071 2368 circum·
1124 2301 1250 2363 coelesti
1265 2301 1403 2375 honore,
1424 2302 1510 2366 idest
1528 2303 1636 2380 gloria
1657 2305 1690 2366 et
1704 2302 1911 2374 beatitudine,
1995 2325 1996 2336 ε

273 2401 369 2463 iulsit
380 2403 541 2480 pastores.
559 2405 633 2480 Ipsa
653 2405 703 2465 est
725 2403 813 2466 euim
833 2405 952 2476 Maria,
972 2404 1068 2477 idest,
1124 2413 1242 2460 manus
1266 2415 1344 2460 suas
1366 2401 1499 2478 aperuit
1518 2401 1622 2478 inopi,
1640 2401 1673 2463 et
1693 2402 1823 2479 palmas
1844 2413 1912 2461 suas
1995 2423 1996 2438 ε

273 2501 371 2562 stella
391 2502 510 2574 maris,
540 2517 613 2578 quae
638 2517 759 2564 norum
783 2501 887 2566 edidit
908 2503 1012 2564 solem
1037 2503 1070 2564 et
1123 2496 1274 2558 extendit
1289 2497 1331 2557 ad
1346 2513 1520 2575 pauperes,
1540 2499 1628 2561 idest
1644 2499 1749 2561 multa
1763 2497 1912 2561 beneficia
1995 2523 1996 2560 f

273 2598 364 2661 sidus
393 2597 563 2676 singulare
596 2597 796 2678 praefulgens
819 2602 956 2678 propior
983 2600 1069 2678 quod
1123 2593 1253 2658 eonion
1264 2594 1490 2672 indigentibus
1503 2597 1536 2658 at
1547 2597 1803 2674 postulantibus.

270 2695 439 2764 Elisabeth
454 2695 526 2762 ait:
546 2699 637 2760 Uatde
651 2701 714 2762 bec
725 2701 812 2768 milet
828 2699 867 2760 ut
888 2699 1007 2761 veritat
1025 2701 1070 2760 od
1163 2693 1203 2754 st
1227 2694 1306 2754 notu
1334 2693 1399 2754 duo
1428 2694 1625 2756 admiranda
1659 2695 1695 2757 in
1724 2695 1912 2757 humiditate

270 2809 328 2856 me
341 2794 456 2856 mater
469 2797 609 2856 Domini
622 2798 691 2856 atet
704 2791 799 2875 (huc.
813 2811 837 2867 1,
854 2795 919 2875 43).
935 2797 975 2858 Εῖ
989 2795 1070 2857 alibi
1123 2790 1222 2862 lunae,
1247 2789 1403 2854 videlicet
1424 2791 1510 2870 quod
1529 2789 1601 2870 ipsa
1616 2793 1659 2855 sit
1678 2793 1778 2871 plena
1797 2792 1913 2855 coelesti

271 2890 395 2960 dicitur
409 2909 416 2960 t
432 2893 565 2954 Beatus
585 2891 709 2953 center
722 2895 781 2970 qut
802 2893 836 2955 te
858 2893 1014 2970 portavit
1035 2893 1069 2955 et
1122 2888 1242 2964 gloria,
1254 2889 1288 2949 et
1301 2887 1388 2966 quod
1401 2889 1618 2968 superfundat
1631 2891 1727 2953 nobis
1736 2893 1912 2968 gratiarnm
1995 2923 1996 2955 ;

271 2991 465 3063 arenaque
477 2987 607 3051 auehit
617 2987 711 3065 (Luc.
725 3004 772 3062 xr,
789 2985 854 3070 17).
1123 2985 1336 3054 charismata.
1353 2989 1399 3048 De
1420 2987 1527 3066 primo
1547 2987 1692 3051 diximus
1707 2987 1754 3050 ibi
1775 3011 1783 3050 ε
1803 2988 1914 3052 Mulie
1995 3019 1996 3030 κ

310 3087 388 3150 llaec
403 3087 515 3148 autern
537 3101 671 3161 aurora,
687 3085 819 3160 iratres,
837 3087 977 3166 pulchra
991 3086 1067 3160 init,
1121 3085 1202 3156 itliae
1215 3087 1515 3161 conprcnaoerunt
1528 3087 1681 3150 dictitas.
1704 3089 1752 3149 De
1775 3086 1913 3150 secundo
1995 3117 1996 3128 κ

272 3184 331 3245 sed
347 3183 485 3261 pulchra
507 3185 544 3246 ut
569 3185 648 3247 luna
674 3185 809 3263 propter
831 3185 953 3247 multas
974 3201 1070 3264 pres-
1122 3179 1168 3242 ibi
1183 3201 1191 3240 ε
1206 3183 1334 3243 Μαηιιε
1347 3184 1582 3257 aucaopceit
1594 3185 1726 3258 inopi...

273 3295 369 3342 suras
387 3280 418 3343 et
442 3281 615 3358 angustias
636 3299 719 3362 quas
745 3283 905 3346 sustinuit
922 3283 958 3344 in
973 3284 1068 3363 pueri
1163 3279 1256 3340 buna
1277 3279 1328 3342 est
1350 3279 1564 3342 multiformis
1585 3280 1619 3343 in
1642 3281 1716 3344 luce
1741 3299 1815 3346 sua.
1835 3283 1914 3345 Nan
1995 3331 1996 3351 2

271 3380 449 3448 nutritura.
471 3379 564 3442 Unde
590 3381 623 3442 et
650 3379 811 3442 infantem
836 3381 957 3458 pannis
972 3382 1069 3444 invo-
1122 3375 1302 3453 aliquandO
1330 3375 1435 3454 fulget
1468 3393 1596 3440 summo
1631 3380 1820 3454 00¹¹¹¹50l110‚
1851 3379 1912 3440 ali·
1995 3413 1996 3448 1

270 3479 373 3548 latum
389 3477 499 3556 posuit
519 3477 554 3538 in
569 3477 745 3556 praesepio,
759 3479 838 3560 quia
854 3495 920 3547 uon
945 3479 1018 3542 erat
1037 3481 1068 3541 ei
1122 3473 1253 3551 quaudo
1266 3473 1345 3536 orbe
1358 3475 1477 3548 medio,
1492 3475 1825 3555 aliquandooorpore
1837 3479 1910 3539 toto.
1995 3511 1996 3514 =

268 3577 363 3638 locus
377 3576 412 3642 iu
424 3575 620 3638 diversorio.
1123 3571 1177 3634 Sic
1201 3572 1302 3633 Beata
1321 3572 1429 3635 Maria
1453 3571 1517 3634 init
1538 3573 1752 3636 multiformis
1776 3576 1811 3636 in
1833 3575 1911 3646 lnce,
1995 3613 1996 3618 κ

310 3675 388 3747 Quae
408 3675 460 3736 est
480 3675 544 3736 ista
560 3689 633 3752 quae
655 3674 806 3737 ascendit
828 3673 923 3752 quasi
945 3661 1067 3738 aurora
1121 3668 1252 3730 idestiu
1264 3671 1450 3732 sanctitate.
1461 3671 1548 3732 Nam
1559 3671 1636 3733 ante
1651 3672 1913 3735 incarnationem
1995 3707 1996 3712 κ

269 3788 485 3849 consurgens,
501 3771 640 3849 pulchra
655 3774 692 3834 ut
708 3772 798 3842 luna,
815 3773 920 3835 electa
943 3772 981 3836 ut
995 3773 1068 3835 soli
1121 3766 1183 3828 filii
1197 3767 1257 3828 Dei
1278 3767 1340 3830 ihil
1360 3783 1481 3844 magna
1502 3769 1537 3829 in
1553 3769 1741 3842 sanctitate,
1766 3772 1842 3848 post
1861 3771 1912 3834 in-

268 3871 412 3932 Pnlchra
435 3871 471 3932 ut
489 3870 579 3940 luna.
607 3873 700 3938 Luna
724 3871 776 3932 est
800 3868 921 3948 frigida
944 3873 977 3933 et
1001 3871 1067 3931 hu-
1121 3865 1347 3928 carnatiouem
1374 3869 1491 3942 major,
1520 3865 1616 3928 modo
1648 3869 1815 3942 maxima,
1843 3869 1915 3946 quia

268 3967 357 4028 mida
372 3969 405 4028 et
420 3968 632 4029 multiformis
644 3969 679 4028 in
700 3967 774 4033 luce
793 3985 864 4030 sua.
886 3967 1067 4045 Frigiditas
1120 3977 1199 4024 vero
1217 3963 1279 4024 soli
1295 3963 1380 4024 idest
1393 3962 1462 4025 illio
1478 3979 1539 4025 suo
1560 3965 1596 4026 in
1620 3965 1815 4028 coelastibus
1835 3982 1913 4028 con-
1995 4001 1996 4036 2

268 4067 355 4126 lunae
371 4065 523 4141 designat
542 4065 768 4140 virginitatem
791 4063 845 4126 vel
868 4067 1064 4140 castitatem,
1115 4061 1350 4137 puncianum
1366 4062 1546 4124 accedente
1565 4062 1652 4124 Filio
1671 4064 1730 4125 Dei
1752 4066 1786 4127 et
1810 4066 1918 4141 ingre-
1995 4097 1996 4120 2

267 4165 300 4226 at
325 4162 506 4232 humiditas
531 4162 619 4223 lunae
648 4161 800 4238 designat
829 4162 1064 4226 humilitatem.
1120 4158 1231 4220 diente
1251 4158 1401 4235 Virginis
1423 4161 1565 4232 uterum,
1582 4161 1696 4224 sancta
1720 4163 1828 4239 Virgo
1845 4163 1917 4240 Spi-

267 4262 369 4324 Beata
388 4260 495 4322 oraria
512 4259 628 4324 lrabuit
640 4259 868 4336 virginitatem
887 4261 959 4329 sine
980 4278 1064 4326 con·
1119 4255 1186 4318 ritu
1216 4255 1337 4318 saneto
1365 4255 1559 4318 obumbrata
1586 4259 1705 4336 maiori
1733 4261 1844 4336 gratie
1872 4261 1918 4320 est

267 4356 611 4438 cupiscentia,hahuit
623 4358 843 4426 humilitatem
858 4357 931 4421 sine
947 4375 1067 4438 snper·
1119 4352 1243 4427 dotata,
1260 4353 1340 4415 licei
1354 4356 1452 4416 antea
1474 4354 1558 4417 satis
1577 4354 1679 4418 inerit
1692 4360 1820 4420 sancta.
1837 4359 1917 4419 Nam

265 4457 332 4528 hia.
345 4459 391 4519 De
405 4456 599 4533 virginitate
617 4454 698 4519 dicit
712 4456 837 4524 Isaias:
854 4461 941 4520 Eece
964 4461 1065 4535 Virdo
1119 4452 1159 4512 de
1187 4452 1366 4514 sanctitate
1391 4451 1444 4514 vol
1473 4453 1719 4530 pulchritudine
1744 4458 1820 4532 ejus
1842 4454 1918 4517 dicit

265 4556 432 4634 corrctptct
445 4557 479 4618 ct
489 4555 607 4629 parter
621 4557 741 4628 illlum,
758 4557 791 4617 et
807 4555 984 4619 vocabitur
998 4572 1064 4619 no..
1119 4549 1221 4616 David
1238 4549 1272 4612 in
1295 4550 1447 4612 Psalmo:
1465 4553 1666 4625 competere
1687 4567 1756 4614 rec
1769 4557 1917 4629 spartea
1995 4575 1996 4602 ε

264 4670 346 4724 pren
360 4657 435 4728 ejus
449 4657 655 4720 Emmanuel
670 4652 764 4732 (lsai,
779 4669 838 4726 vn,
856 4651 920 4734 14).
938 4656 984 4716 Ι)θ
999 4655 1065 4715 hu·
1118 4648 1225 4721 taetro,
1246 4649 1334 4710 idest
1354 4647 1557 4711 desiderarit
1582 4651 1792 4714 sanctitatem
1816 4653 1917 4721 tuam,

265 4753 406 4816 militate
421 4753 494 4830 ipsa
508 4753 610 4815 Beata
630 4752 738 4822 Maria
754 4751 834 4814 dicit
855 4751 889 4822 in
905 4753 1061 4820 cantico:
1117 4746 1150 4808 et
1171 4747 1246 4808 ideo
1269 4745 1439 4808 descendit
1464 4747 1499 4808 in
1525 4751 1569 4808 te.
1600 4749 1778 4826 Postquain
1809 4752 1916 4812 antem

263 4851 431 4926 Respcoeit
467 4853 635 4915 Dominus
674 4851 903 4918 bumilitatem
932 4855 1064 4914 ancilla>
1116 4845 1215 4910 uatus
1235 4843 1339 4906 estin
1366 4845 1409 4911 te,
1437 4845 1556 4922 majori
1581 4846 1757 4909 sanctitate
1783 4846 1914 4925 coepisti
1995 4853 1996 4942 l

264 4965 351 5022 sicce,
376 4963 451 5012 ecce
472 4953 566 5010 cutm
582 4964 629 5011 eno
647 4948 858 5020 boccacium
876 4951 1062 5012 medicant
1116 4939 1254 5017 fulgere,
1270 4941 1317 5002 ita
1332 4941 1368 5010 ut
1382 4941 1512 5004 dicatur
1527 4942 1567 5003 de
1581 4942 1634 5004 te:
1651 4960 1669 5003 ε
1685 4944 1751 5005 Ista
1766 4945 1818 5006 est
1835 4961 1915 5022 spe-

264 5063 382 5114 orreuea
396 5047 638 5124 praecautiones
657 5044 751 5124 (Luc,
772 5063 795 5119 r,
818 5044 897 5127 48,).
914 5049 1000 5109 Num
1021 5047 1063 5109 si·
1116 5039 1917 5106 ciosainterfiliasterusalem.»Lunaverotunc
1995 5053 1996 5114 l

264 5146 319 5208 cut
333 5143 437 5220 frigus
457 5144 636 5222 opponitur
651 5142 768 5217 calori,
786 5145 833 5206 ita
848 5145 984 5207 castitas
998 5161 1061 5224 op·
1116 5140 1166 5201 est
1187 5138 1283 5214 plene
1304 5137 1455 5215 pulchra,
1477 5153 1552 5204 cum
1575 5139 1690 5202 existit
1708 5141 1865 5214 rotunda,
1887 5141 1918 5202 et

262 5243 397 5332 ponitur
422 5241 570 5318 libidini,
593 5241 727 5318 trigoris
749 5241 799 5304 est
820 5243 1058 5320 constringere,
1115 5236 1217 5298 Beata
1228 5237 1335 5297 Maria
1346 5235 1424 5296 tunc
1440 5235 1551 5300 extitit
1566 5235 1662 5314 plene
1678 5235 1823 5300 formosa
1845 5253 1917 5300 cum

263 5341 385 5403 caloris
400 5340 578 5406 resolvere..
596 5339 758 5402 Similiter
772 5340 908 5402 castitas
920 5342 1062 5404 restrin·
1114 5334 1177 5396 fuit
1195 5334 1288 5411 lll‘010
1308 5333 1473 5400 foetllssda·
1498 5334 1642 5396 PP0¹¹¹i10
1668 5335 1760 5397 Ρθθῒθ
1781 5335 1916 5407 (licitur,
1995 5335 1996 5406 ἶ

262 5538 304 5606 ad
316 5537 476 5602 carnalia.
497 5536 560 5598 Sed
573 5536 675 5598 Beata
689 5536 894 5606 Mariamiro
914 5538 1061 5601 modoet
1111 5532 1182 5593 turn
1204 5529 1246 5592 ad
1274 5529 1501 5606 frigiditatem,
1523 5529 1656 5620 durnin
1677 5531 1831 5594 castitate
1851 5547 1916 5596 nou

156 5483 161 5494 .
262 5439 468 5522 glimentem
483 5437 523 5499 ad
546 5437 746 5516 spiritualia,
767 5439 903 5501 luxuria
923 5439 1061 5502 resolvit
1114 5431 1252 5510 pulchra
1266 5435 1302 5494 ul
1318 5431 1409 5494 luna·
1433 5431 1578 5494 Pulchra
1592 5433 1723 5510 quidem
1742 5433 1793 5496 est
1817 5449 1918 5512 quau·
1995 5515 1996 5518 Ἴ

262 5635 410 5702 exterius
426 5633 487 5696 luit
501 5635 621 5712 frigida
633 5651 692 5713 per
705 5635 902 5709 castitatem,
921 5635 954 5698 et
972 5635 1061 5698 iute-
1112 5629 1212 5690 hahet
1227 5627 1380 5689 similem·
1396 5628 1541 5690 Pulchra
1557 5629 1593 5690 in
1611 5627 1817 5702 humiditate,
1833 5631 1912 5691 dum
1995 5675 1996 5678 ,

260 5735 332 5807 rius
344 5733 452 5796 calida
468 5748 528 5810 per
541 5733 748 5797 charitatem.
1112 5726 1297 5804 petentibus
1332 5725 1475 5802 largitur
1513 5726 1674 5789 beneficia
1707 5726 1915 5805 benignitate

301 5835 382 5904 item
402 5831 582 5900 humiditas
604 5830 692 5901 lunae
714 5831 881 5910 significat
899 5831 1056 5910 benigni·
1112 5825 1224 5896 multa.
1242 5823 1386 5893 Pulchra
1402 5824 1514 5896 initui
1530 5824 1610 5888 luna
1627 5841 1688 5904 per
1706 5825 1914 5894 annotatam
1995 5891 1996 5894 ,
