4072 6314
293 368 353 426 687
913 366 1089 427 HONORII
1111 366 1156 427 111
1177 367 1327 428 OPERA.
1868 371 1913 430 688

292 532 397 590 Deum
421 529 454 590 et
467 530 503 588 B.
517 527 694 602 Augustini
709 526 870 602 regulam,
886 525 1092 604 providerint
1187 529 1255 604 ligo
1266 527 1480 602 Octavianus,
1494 530 1551 590 SS.
1562 529 1671 606 Sergii
1680 531 1715 593 et
1724 529 1839 591 Bacchi
1847 530 1912 592 diae.

293 625 491 702 eligendum.
513 624 696 688 Libertates
710 640 852 702 quoque,
877 629 911 685 et
935 624 1092 685 immuni·
1146 626 1236 686 card.

292 725 378 787 tates
408 725 582 800 antiquas,
609 725 641 784 et
663 722 881 785 rationabiles
909 725 1090 784 consuetu·
1186 726 1253 800 Ego
1264 726 1455 801 Gregorius,
1478 727 1511 786 S.
1533 725 1697 786 Theodori
1710 725 1795 787 diac.
1809 727 1886 786 card.
2001 735 2006 800 ,¹

292 821 387 884 dines
405 821 607 883 monasterio
626 821 737 882 vestro
753 836 943 890 concessas,
964 822 997 881 et
1011 819 1092 882 hao—
1187 824 1253 898 ltgo
1283 823 1481 895 Rainerius,
1510 825 1543 884 S.
1570 823 1685 885 Mariae
1705 823 1742 884 in
1771 824 1918 884 cosmedin
2005 811 2007 896 ζ

292 924 389 982 tenus
413 920 626 987 observatas,
648 919 739 982 ratas
764 918 944 990 habemus,
973 920 1006 980 et
1033 934 1091 980 eas
1146 919 1230 980 diae.
1248 919 1338 980 card.

293 1019 461 1096 perpetuis
486 1016 690 1094 temporibus
722 1017 869 1078 illibatas
897 1031 1091 1094 permanere
1185 1019 1255 1094 Ego
1269 1020 1449 1089 Romanus,
1467 1021 1500 1079 S.
1518 1017 1634 1094 Angeli
1651 1017 1738 1079 diac.
1753 1018 1840 1079 card.

292 1117 473 1185 sancimus,
490 1115 592 1176 salvis
612 1114 743 1176 statutis
758 1114 897 1175 Consilii
913 1113 1089 1190 generalis.
1186 1115 1254 1190 ligo
1271 1115 1469 1190 Stephanus,
1485 1117 1518 1176 S.
1534 1115 1683 1176 Adriani.
1700 1115 1787 1177 diac.
1800 1115 1880 1175 card.

292 1211 1091 1287 llecernimusergo,utnulliomninohominum
1188 1215 1257 1289 Ego
1284 1212 1561 1286 Allobrandinus,
1593 1215 1625 1273 S.
1658 1213 1828 1274 Eustachii
1852 1213 1921 1274 diac.

291 1311 576 1389 liceatpraelatum
585 1310 953 1372 monasteriumtemere
966 1311 1093 1386 pertur-
1146 1311 1236 1372 card.

292 1410 384 1480 bare,
410 1409 468 1469 aut
501 1411 574 1484 ejus
596 1407 823 1483 possessiones
860 1406 1013 1475 auterre,
1037 1407 1091 1468 vel
1188 1412 1258 1484 Ego
1267 1407 1431 1486 AEgidius‚
1446 1407 1923 1472 SS.GosmaeetDamianidiac

293 1506 422 1567 ablatas
445 1506 599 1576 retinere,
617 1505 776 1577 minuere,
802 1521 862 1566 seu
890 1504 1092 1582 quibuslibet
1146 1507 1236 1568 oard.

293 1602 525 1666 vexationibus
552 1603 703 1680 fatigare,
736 1604 792 1664 sed
822 1604 934 1665 omnia
961 1604 1092 1678 integra
1186 1605 1259 1666 Dat.
1269 1605 1426 1666 Laterani
1436 1620 1497 1681 per
1509 1620 1643 1665 manum
1652 1603 1845 1666 RaineriiS.
1856 1605 1924 1664 leh.

293 1703 543 1772 conserventur,
561 1716 686 1772 eorum,
702 1716 762 1777 pro
776 1715 915 1777 quorum
931 1700 1093 1777 guberna·
1146 1701 1413 1764 vicecancellarii
1424 1704 1470 1763 lll
1481 1702 1548 1764 kal.
1563 1701 1925 1780 aprilisindiotionevl,

293 1799 384 1860 tione
396 1801 429 1860 ot
443 1799 683 1859 sustentatione
698 1813 857 1859 concessa
872 1799 959 1870 sunt,
978 1797 1092 1858 usibus
1147 1801 1390 1862 incarnationis
1398 1801 1578 1862 Dominioae
1588 1801 1852 1872 anMCGXVIlI,
1864 1815 1927 1875 pon·

293 1896 494 1958 omnimodis
514 1896 698 1973 protutura,
720 1896 811 1956 salva
837 1896 932 1956 Sedis
946 1896 1092 1972 Aposto-
1146 1899 1290 1961 tillcatus
1315 1914 1395 1960 vero
1414 1898 1540 1959 domini
1554 1899 1694 1960 Honorii
1709 1901 1776 1959 ΡΡ.
1794 1899 1839 1958 111
1857 1911 1929 1956 anno

293 1995 368 2056 licae
393 1995 600 2062 auctoritate,
619 1993 652 2054 et
666 1993 845 2054 dioecesani
865 1993 1013 2071 episcopi
1036 2010 1094 2054 ca·
1149 1995 1306 2060 secundo.
1328 1997 1417 2056 Bene
1431 1994 1553 2057 valete.

293 2092 415 2153 monica
434 2093 578 2169 justina.
610 2091 645 2152 Si
669 2107 734 2168 qua
758 2091 862 2167 igitur
883 2091 918 2152 in
947 2090 1092 2152 laturum

295 2190 521 2252 ecclesiastica
536 2189 749 2250 saecularisve
766 2205 919 2265 persona,
936 2189 1023 2251 hanc
1038 2205 1094 2251 no·
1444 2209 1653 2298 CLXXXII

295 2288 373 2348 strae
395 2287 641 2349 constitutionis
662 2288 818 2365 paginam
842 2287 961 2360 sciens,
977 2289 1093 2351 contra

293 2401 367 2446 eam
382 2386 507 2447 temere
527 2386 644 2447 venire
660 2386 847 2457 tentaverit,
865 2385 1009 2447 secundo
1024 2386 1094 2447 ter·
1159 2367 1212 2434 Ὰίί
1228 2373 1365 2435 abbam
1384 2373 1497 2434 sancte
1517 2373 1675 2434 Malldloe
1699 2372 1918 2439 Trevirorum

293 2485 382 2546 tiove
391 2484 601 2555 commonita,
616 2484 683 2543 nisi
694 2484 822 2544 reatum
836 2500 933 2544 snum
946 2499 1093 2559 congrua
1176 2471 1392 2546 samtvnprt
1403 2473 1568 2532 Mentis
1581 2470 1615 2560 ,⁶⁸
1626 2471 1668 2530 de
1686 2472 1836 2540 vuemo,
1848 2467 1903 2528 8ίο-

297 2580 524 2642 satisfactione
552 2581 753 2651 correxerit,
783 2581 954 2656 potestatis
982 2582 1096 2642 hono·
1423 2617 1650 2678 mmm-12¹3·

295 2679 409 2755 risque
437 2679 490 2739 sui
520 2681 634 2739 careat
662 2678 844 2753 dignitate,
875 2693 1032 2755 reamque
1058 2695 1096 2739 se

295 2777 408 2837 divino
419 2775 546 2852 jndicio
561 2775 705 2836 existere
715 2775 755 2834 de
770 2776 957 2851 perpetrata
969 2775 1095 2854 iniqui-

295 2873 364 2936 tate
378 2875 567 2948 cognoscat,
594 2874 628 2934 et
650 2887 670 2932 a
689 2873 915 2934 sacratissimo
943 2887 1091 2950 corpore,
1150 2873 1189 2928 De
1210 2869 1383 2939 visitatione,
1406 2867 1609 2926 relormatione
1631 2875 1659 2925 et
1680 2869 1858 2925 correctione
1879 2879 1932 2922 mo·

296 2987 336 3032 ao
363 2971 527 3046 sanguine
553 2971 613 3032 Dei
644 2972 678 3032 et
708 2969 838 3031 Domini
865 2970 1094 3048 Redemptoris
1183 2958 1374 3018 rasoriorum
1387 2957 1542 3030 provinciae
1554 2957 1741 3026 trevirensis,
1754 2957 1857 3029 quaein
1868 2964 1928 3012 tem

295 3068 400 3130 nostri
425 3071 505 3130 Jesu
526 3068 649 3130 Christi
666 3068 777 3129 aliena
790 3068 858 3140 fiat,
873 3070 972 3146 atque
985 3069 1020 3130 in
1033 3085 1095 3130 ex·
1184 3047 1328 3122 P⁰f⁸¹ih¹¹³
1343 3053 1373 3104 ⁰²
1385 3046 1579 3119 “mmmm
1595 3046 1749 3118 marimum
1777 3052 1859 3104 ⁰²³OE
1882 3043 1931 3100 ⁰⁰¹·

295 3167 402 3229 tremo
415 3166 570 3227 examine
591 3166 740 3227 districte
766 3165 938 3242 subjaceat
961 3167 1094 3230 ultioni.
1183 3138 1276 3210 ¹⁸9⁸&

296 3264 430 3324 (iunctis
447 3265 556 3324 autem
571 3263 678 3323 eidem
698 3263 770 3324 loco
784 3279 845 3323 sua
856 3265 933 3340 jnra
950 3279 1090 3324 servan-
1189 3263 1258 3324 Etsi
1291 3278 1404 3324 curam
1430 3261 1607 3340 pastoralis
1639 3261 1742 3322 officii
1771 3263 1934 3322 teneamur

296 3360 395 3432 tibus,
424 3360 467 3422 sit
494 3374 562 3436 pax
580 3359 711 3420 Domini
737 3361 838 3421 nostri
865 3362 944 3422 Jesu
960 3361 1092 3432 Christi,
1149 3377 1266 3438 gerere
1279 3376 1379 3439 super
1394 3362 1515 3433 omnia,
1533 3361 1611 3438 quia
1635 3361 1747 3422 tamen
1765 3361 1808 3421 ad
1827 3357 1931 3434 explo-

298 3459 461 3534 quatenus
475 3460 509 3518 et
523 3457 577 3520 hic
593 3456 734 3518 fructum
752 3455 848 3518 bonae
862 3458 1004 3519 actionis
1018 3474 1097 3535 per-
1149 3459 1254 3520 randa
1267 3474 1485 3540 personarum
1508 3458 1640 3530 delicta,
1663 3461 1698 3520 et
1714 3474 1782 3519 uma
1795 3456 1930 3519 omnium

295 3555 432 3632 cipiant,
449 3558 481 3616 et
495 3556 582 3633 apud
601 3555 785 3618 districtum
797 3555 942 3632 judicem
958 3558 1094 3635 praemia
1150 3555 1363 3633 corrigendos
1379 3573 1547 3628 excessus,
1574 3555 1775 3618 conditionis
1790 3555 1932 3617 humanae

295 3657 429 3716 aeternae
445 3654 537 3730 pacis
550 3655 734 3715 inveniant.
748 3657 863 3716 Amen.
877 3657 993 3716 Amen.
1150 3653 1399 3717 contradicente
1411 3655 1541 3726 natura,
1556 3655 1705 3715 nostrum
1720 3653 1858 3714 minime
1870 3647 1932 3711 sul·

337 3751 464 3813 Periice
477 3767 612 3829 gressus
628 3767 718 3813 meos
733 3751 769 3812 in
782 3753 909 3814 semitis
923 3753 1001 3814 tuis.
1151 3751 1220 3813 licit
1233 3750 1479 3828 imperfectum3
1495 3766 1600 3827 nuper
1610 3751 1672 3812 luit
1685 3751 1720 3811 in
1734 3749 1880 3812 Concilio
1890 3761 1936 3821 ge·

336 3853 405 3926 Ego
429 3850 606 3922 Honorius,
630 3849 811 3912 catholicae
824 3851 982 3915 Ecclesiae
1001 3851 1094 3928 epis·
1151 3850 1257 3911 nerali
1271 3849 1403 3926 provisa
1419 3848 1657 3911 deliberatione
1675 3850 1846 3920 statutum,
1864 3845 1933 3908 utin

297 3964 409 4024 copus.
1151 3947 1293 4024 singulis
1324 3947 1448 4023 regnis
1477 3947 1529 4009 vel
1553 3947 1750 4023 provincii-s,
1779 3944 1936 4008 celebrato

337 4049 404 4120 Ego
417 4047 586 4116 Nicolaus,
605 4047 782 4106 Tusculan.
797 4046 984 4121 episcopus.
1151 4045 1295 4120 capitulo
1315 4043 1482 4116 abbatum,
1508 4047 1606 4121 alque
1625 4045 1786 4122 priorum,
1809 4043 1933 4121 quinon
2009 4056 2010 4130 y

339 4143 406 4216 Ego
426 4141 544 4212 (tuido,
568 4142 764 4202 Praenestin.
789 4142 975 4216 episcopus.
1152 4144 1396 4204 consueverunt
1410 4142 1480 4203 tale
1492 4142 1673 4218 capitulum
1688 4141 1870 4212 celebrare,
1886 4152 1935 4215 per
2009 4139 2010 4220 y

339 4239 407 4312 ligo
444 4237 648 4312 Hugolinus,
681 4237 805 4298 ostien.
838 4237 871 4299 et
900 4237 1095 4298 Welletren.
1152 4241 1294 4316 qiiatuor
1321 4238 1467 4310 abhateS,
1490 4239 1546 4316 qui
1570 4238 1690 4300 debant
1710 4239 1858 4314 capitulo
1879 4231 1933 4312 ipsi

298 4334 485 4412 episcopus.
1153 4352 1296 4412 praeesse
1312 4358 1320 4398 z
1336 4338 1513 4414 religiosae,
1528 4339 1561 4399 et
1578 4337 1826 4414 circumspectae
1841 4337 1874 4396 in
1886 4346 1936 4394 eo·
2009 4327 2010 4414 ᾖ

339 4436 407 4508 Ego
421 4431 588 4508 Pelagius
605 4431 721 4492 Alban.
739 4430 925 4508 episcopus.
985 4427 987 4432 ’
1153 4433 1226 4494 dem
1242 4433 1387 4511 capitulo
1403 4435 1598 4495 ordinentur
1610 4449 1773 4512 personae,
1798 4449 1872 4510 quae
1888 4443 1940 4508 per

338 4533 406 4607 Ego
421 4531 549 4602 Petrus,
573 4529 728 4590 sabinen.
746 4529 932 4606 episcopus.
1154 4531 1302 4606 singulas
1317 4531 1468 4594 abbatias
1491 4532 1640 4609 ejusdem
1661 4533 1768 4608 regni,
1792 4547 1852 4592 seu
1868 4542 1935 4606 pro-
2009 4573 2010 4590 .

337 4631 405 4704 Ego
429 4630 505 4700 Leo,
531 4627 581 4689 tit.
613 4629 646 4688 S.
672 4627 787 4688 Crucis
816 4627 852 4686 in
889 4625 1099 4688 Hierusalem
1153 4627 1272 4689 vinciae
1283 4627 1352 4690 tam
1367 4628 1615 4700 monachorum,
1633 4645 1731 4706 quam
1741 4627 1934 4690 monialium,

297 4725 470 4805 presbyter
490 4725 579 4787 card.
1154 4725 1226 4785 vioe
1237 4725 1513 4788 nostraeollicium
1525 4726 1727 4788 visitationis
1742 4721 1935 4802 impendant.

339 4827 406 4900 Ego
433 4825 562 4894 Petrus,
590 4825 623 4884 S.
641 4822 857 4884 Pudentianae
874 4820 924 4883 tit.
951 4820 1100 4882 Pastoris
1154 4821 1935 4898 (lumigitursicutnostrisaurihusestdelatum

300 4919 471 4997 presbyter
485 4920 575 4980 card.
1150 4931 1214 4980 vos
1228 4919 1285 4996 qui
1300 4920 1380 4980 estis
1395 4921 1430 4980 in
1445 4921 1616 4996 provincia
1640 4920 1845 4988 Trevirensi,
1865 4919 1898 4978 ut
1908 4915 1935 4974 in

342 5019 409 5092 Ego
424 5016 599 5088 Rohertus,
621 5017 671 5079 tit.
700 5019 733 5078 S.
758 5016 916 5093 Stephani
944 5015 978 5076 in
998 5014 1100 5076 Goelio
1155 5015 1344 5093 hujusmodi
1359 5018 1504 5095 capitulo
1519 5019 1755 5097 praesideretis,
1780 5018 1876 5080 electi
1890 5029 1937 5074 sn·

299 5116 409 5176 monte
422 5113 595 5191 presbyter
604 5114 693 5174 card.
1155 5113 1467 5191 perhoc,ejusde1n
1494 5117 1616 5178 statuta
1642 5116 1782 5178 Consilii
1805 5113 1937 5178 transire

342 5215 409 5290 ligo
426 5210 624 5288 Stephanus,
639 5209 787 5271 basilicae
801 5209 980 5288 ¹duodecim
995 5213 1102 5288 Apos-
1156 5209 1336 5274 videamini
1352 5212 1569 5290 negligenter,
1585 5213 1714 5275 eumad
1737 5211 1936 5275 reformatio-

302 5311 444 5372 tolorum
460 5305 631 5387 presbyter
650 5307 740 5368 card.
1157 5323 1232 5368 nem
1259 5310 1536 5371 monasteriorum
1567 5312 1715 5388 ejusdem
1748 5309 1937 5388 provincia.

343 5410 411 5482 Ego
435 5407 629 5484 Gregorius,
657 5407 690 5466 S.
720 5405 906 5466 Anastasiae
930 5402 1103 5482 presbyter
1157 5419 1230 5480 quae
1245 5405 1280 5464 in
1290 5407 1538 5483 temporalibus,
1554 5410 1586 5470 et
1601 5408 1833 5486 spiritualibus
1846 5402 1938 5485 pluri-

303 5505 393 5566 oard.
1133 5517 1246 5561 ¹mum
1280 5507 1357 5565 sunt
1377 5505 1535 5582 collapsa,
1571 5506 1697 5568 nullam
1730 5500 1937 5567 adhibueritis

346 5605 412 5678 Ego
442 5603 606 5674 TliomaS,
634 5603 684 5663 tit.
714 5603 747 5664 S.
776 5598 907 5662 Sabinae
932 5599 1104 5677 presbyter
1158 5598 1265 5660 adhuc
1290 5615 1416 5672 curam,
1441 5604 1477 5664 ut
1501 5602 1675 5678 religionis
1701 5605 1849 5674 lucerna,
1876 5611 1937 5676 qua

217 5783 219 5788 Δ
305 5699 407 5761 rard:
1158 5696 1248 5757 velut
1267 5698 1412 5761 extincta
1432 5701 1501 5776 jam
1529 5699 1668 5776 fumigat
1687 5701 1719 5760 in
1736 5700 1860 5762 eisdem
1875 5711 1938 5758 mo-

1240 2743 1391 2810 [llasrique
1401 2741 1495 2796 Annei.
1508 2742 1694 2801 Cistercienses,
1707 2742 1750 2802 lv,
1761 2757 1789 2807 p.
1801 2739 1854 2806 62]
