4072 6314
149 353 209 410 illu

150 510 281 573 dilectis
295 509 372 576 filiis
387 515 532 572 Amanso
545 511 660 588 priori,
678 516 710 574 et
724 511 947 574 f1·atribusec·

151 610 264 670 clesiae
280 610 403 670 sanctae
419 610 535 671 Mariae
545 609 707 672 delbelna
722 613 789 672 tam
806 627 948 688 praesen-

150 707 944 785 tibusquamtuturisregularemvitamprolessis,

152 806 229 876 etc,
242 804 416 881 dequibus
429 805 501 866 baso
512 806 655 882 propriis
670 805 824 868 duximus
840 807 948 884 expri·
970 871 971 876 ,

151 901 947 981 mendavocabulis;locumipsuminquopraefata

152 1001 293 1062 ecclesia
315 1001 379 1062 sita
394 1003 455 1073 est,
472 1018 546 1062 cum
562 1001 715 1062 omnibus
739 1002 948 1078 pertinentiis

152 1100 233 1169 suis,
249 1099 362 1160 domos
377 1100 411 1160 et
424 1101 651 1176 possessiones
662 1117 737 1162 cum
747 1101 855 1162 vineis
866 1117 948 1178 quas
971 1133 972 1136 π

152 1197 284 1258 hahetis
313 1197 399 1274 apud
421 1198 615 1269 Albaniam,
643 1201 676 1260 et
701 1201 825 1260 terram
849 1215 948 1277 quam

153 1294 378 1372 habetisapud
389 1299 532 1357 merrtem
548 1296 736 1358 Rotundum
745 1313 819 1358 cum
832 1298 947 1375 pratis,

154 1393 265 1463 terris,
289 1393 438 1469 usuagiis
460 1397 492 1454 et
516 1395 647 1471 pascuis
670 1395 706 1456 in
730 1395 829 1456 bosco
858 1395 892 1457 et
913 1396 949 1455 in

153 1490 265 1568 plano,
282 1491 317 1554 in
339 1491 446 1568 aquis,
470 1492 506 1552 in
529 1492 691 1564 terminis,
713 1495 747 1554 et
768 1493 894 1555 semitis
918 1494 950 1554 et

152 1589 305 1650 omnibus
320 1589 396 1650 aliis
418 1589 625 1652 libertatibus
648 1591 729 1664 suis,
746 1591 808 1652 etc.
825 1591 948 1652 Prohi-

152 1687 268 1748 bemus
286 1687 423 1763 insuper
438 1689 474 1748 ut
496 1689 580 1748 nulli
603 1689 740 1750 fratrum
763 1689 949 1751 uestrorum

152 1787 228 1861 post
242 1784 363 1846 tactam
378 1785 413 1846 in
429 1786 631 1848 monasterio
645 1786 885 1862 professionem
901 1787 950 1847 fas

153 1883 207 1953 sit,
225 1883 298 1944 sine
320 1881 448 1944 abbatis
467 1885 519 1944 sui
539 1884 686 1956 licentia,
711 1885 777 1946 nisi
797 1885 950 1946 arctioris

153 1980 328 2056 religionis
346 1980 492 2053 obtentu,
517 1982 557 2044 de
571 1981 686 2044 eodem
710 1983 783 2044 loco
798 1983 950 2044 discede-

152 2095 202 2150 re,
224 2080 286 2141 etc.
312 2095 412 2156 quum
428 2083 539 2142 autem
563 2081 720 2155 generale
739 2081 951 2144 interdictum

155 2179 255 2240 terras
275 2176 386 2246 fuerit,
403 2177 502 2240 liceat
516 2177 611 2238 vobis
629 2179 751 2239 clausis
762 2179 879 2256 januis
894 2195 951 2240 eo-

154 2274 267 2337 clesiae
281 2276 575 2338 excommunicatis
588 2279 621 2336 et
636 2276 820 2348 interdictis
834 2276 953 2352 expul-

153 2373 213 2443 sis,
230 2387 297 2436 nou
311 2373 450 2450 pulsatis
465 2374 645 2450 campanis,
662 2389 843 2450 suppressa
857 2389 950 2444 voce,

154 2471 268 2532 divina
278 2470 386 2534 officia
395 2472 576 2546 celebrare;
586 2472 731 2533 chrisma
742 2472 952 2544 vero,oleum

154 2586 298 2642 sacrum,
309 2571 575 2631 consecrationes
588 2569 756 2642 altarium,
768 2585 828 2632 seu
839 2570 954 2631 basili-

154 2683 282 2739 carum,
299 2668 526 2730 ordinationes
545 2667 753 2739 clericorum,
770 2668 827 2745 qui
841 2669 882 2730 ad
898 2685 954 2729 sa-

155 2781 231 2826 cras
247 2765 474 2827 ordinationes
495 2765 618 2827 tuerint
637 2767 864 2842 promovendi,
879 2783 954 2826 sus-

155 2863 286 2940 cipietis
308 2862 349 2923 ab
373 2863 539 2940 episcopo,
565 2864 594 2924 si
613 2863 746 2940 quidem
770 2864 953 2925 catholicus

155 2962 266 3030 tuerit,
292 2962 326 3022 et
346 2962 613 3022 communionem
643 2963 864 3023 sacrosanctae
887 2965 955 3023 Ro·

156 3075 264 3120 manae
281 3059 375 3120 sedis
399 3059 562 3130 habuerit,
585 3060 617 3120 et
640 3073 679 3120 ea
698 3058 792 3120 uobis
812 3058 955 3121 voluerit

156 3158 233 3218 sine
261 3156 423 3234 pravitate
455 3157 568 3233 aliqua
599 3156 770 3218 exhibere.
798 3157 954 3234 Alioquin

155 3255 252 3317 vobis
263 3255 363 3318 uocat
377 3270 619 3332 quemcumque
634 3255 818 3316 malueritis
845 3255 956 3317 catho—

156 3352 258 3414 licum
273 3352 366 3414 adire
384 3352 576 3424 antistitem,
597 3352 740 3427 gratiam
759 3353 792 3414 et
806 3367 956 3413 mmanu-

140 3447 144 3455 '
155 3451 291 3512 utonem
298 3450 497 3526 apostolicae
508 3450 602 3512 sedis
613 3448 800 3521 habentem,
813 3453 869 3526 qni
880 3466 955 3510 nos·

156 3552 209 3610 tra
221 3549 324 3610 fretus
334 3549 543 3619 auctoritate,
554 3548 647 3608 vobis
658 3547 745 3624 quod
756 3548 953 3624 postulatur,

158 3644 338 3722 impendat,
355 3648 389 3707 et
403 3645 495 3706 salva
508 3644 798 3722 sedisapostolica
808 3645 957 3706 auctori-

157 3745 228 3805 tate
259 3745 292 3805 et
319 3743 500 3804 dioecesani
524 3743 670 3820 episcopi
699 3743 861 3804 canonica
880 3745 970 3820 Jus-.

157 3843 244 3913 titia,
262 3842 326 3903 etc.

199 3943 318 4002 Datum
333 3942 445 4002 Romae
469 3938 557 4016 apud
573 3939 729 4000 sanctum
744 3939 878 4000 Petrum
898 3953 957 4016 per

158 4053 295 4100 manum
314 4037 472 4115 Raynerii
488 4039 612 4098 sanctae
627 4039 786 4098 Romanae
799 4035 955 4098 Ecclesiae

157 4134 475 4206 vicecancellarii,V
490 4134 652 4195 kalendas
666 4135 757 4206 maii,
776 4134 955 4196 indictione

159 4232 653 4307 Vl,lucarnationisl)ominicae
660 4233 953 4304 anquCCXVlll,

160 4331 372 4410 pontificatus
386 4347 465 4394 vero
480 4329 621 4392 Honorii
641 4333 740 4407 Papae
760 4331 850 4392 tertii
868 4347 955 4392 anno

158 4430 314 4492 secundo.

499 4545 616 4632 CCVI

158 4683 375 4745 Adabbatem
389 4679 764 4740 praemonstratensem
773 4681 958 4740 alseman-

366 4793 441 4838 sem
457 4777 748 4837 arcbfdtacoanm.

448 4900 481 4956 at
497 4898 578 4970 april.
593 4898 671 4956 ltls.

191 5009 311 5072 [Regest.,
320 5008 364 5057 lib.
376 5009 407 5064 ll,
420 5005 492 5070 epist.
502 5004 570 5054 tort.
584 5007 640 5055 hlss.
651 5005 687 5054 La
699 5005 775 5054 Porta
784 5004 818 5056 du
833 5003 926 5068 thart]

104 5115 106 5118 ’
160 5105 277 5165 Mandat
291 5113 320 5162 ut
341 5102 533 5176 inquirautde
558 5101 724 5160 investitura
747 5101 906 5174 prebendas
929 5107 957 5158 et

266 5193 513 5252 archidiaconatus
527 5192 557 5250 in
578 5191 699 5250 ecclesia
715 5190 884 5248 senonem.

200 5304 378 5374 Honorius,
388 5306 463 5372 etc„
473 5301 603 5362 dilectis
615 5301 730 5360 tiliis...
746 5297 858 5360 abbati
871 5299 959 5360 Prae·

160 5402 392 5474 monstratam,
409 5401 477 5462 et...
493 5397 874 5460 archidiaconoRemen.

202 5499 285 5572 Quia
305 5514 405 5574 super
426 5496 603 5574 praebenda
624 5499 657 5558 et
684 5493 957 5556 archidiaconatu

162 5601 326 5659 senonen.
344 5595 495 5658 ecclesiae
509 5595 641 5656 diversa
664 5593 697 5654 et
722 5591 862 5654 adversa
886 5591 958 5652 lhe-

162 5697 231 5758 rint
256 5693 424 5771 proposita
450 5707 562 5760 coram
586 5689 697 5758 nobis,
729 5691 765 5752 P.
790 5691 954 5752 senonen.

778 353 1007 414 tristabat.
1032 355 1109 412 LlB.
1135 355 1174 412 ll.

1741 356 1800 413 alo

1001 513 1163 574 canonico
1199 513 1413 589 procuratore
1446 513 1646 574 venerabilis
1684 512 1798 576 fratris

1002 610 1144 670 nostri...
1163 611 1327 671 senonen.
1344 611 1587 688 archiepiscopi
1613 613 1796 683 asserente,

1001 707 1087 784 quod
1103 707 1244 770 dilectus
1256 707 1344 768 lilius
1358 711 1388 771 J.
1406 711 1571 770 senonen.
1588 709 1799 770 archidiaca-

1002 819 1064 866 nus
1078 805 1158 866 olim
1169 806 1353 881 resignavit
1365 807 1555 884 utrumque,
1574 806 1610 867 in
1622 807 1696 883 ipsa
1708 809 1797 868 resi·-

1002 903 1158 979 guatione
1171 921 1210 964 se
1221 908 1309 976 voto,
1326 906 1379 965 vel
1397 908 1588 981 juramento
1609 906 1798 980 astringens

1002 1000 1087 1078 quod
1103 1017 1143 1062 ea
1158 1001 1199 1062 de
1213 1007 1333 1064 caetero
1347 1003 1421 1064 sine
1433 1003 1682 1079 dispensatione
1693 1006 1801 1078 Apos-

1002 1099 1103 1160 tolica
1117 1114 1184 1160 non
1199 1101 1373 1177 reciperet,
1388 1102 1440 1161 uel
1450 1101 1589 1171 teneret,
1602 1101 1674 1177 ipso
1689 1103 1799 1162 autem

1003 1197 1250 1270 archidiacono,
1278 1198 1365 1276 quod
1389 1198 1529 1260 devoto
1553 1199 1585 1260 et
1609 1200 1799 1276 jnrarnento

1003 1297 1213 1372 praernissum
1228 1297 1279 1359 est
1296 1295 1467 1358 inliciente
1481 1296 1627 1369 omnino,
1653 1296 1686 1359 et
1708 1295 1801 1358 aftlr-

1003 1396 1115 1456 mante
1137 1393 1223 1472 quod
1251 1409 1371 1456 revera
1400 1394 1611 1472 praebendam
1637 1395 1743 1472 ipsam
1769 1393 1802 1454 et

1003 1491 1312 1555 archidiaconatum
1338 1493 1535 1569 simpliciter
1558 1492 1752 1568 resignavit,
1769 1494 1803 1552 et

1005 1588 1211 1666 postmodum
1225 1605 1284 1667 per
1294 1591 1445 1651 eumdem
1457 1591 1745 1668 archiepiscopum
1760 1590 1801 1649 de

1005 1686 1221 1766 ahoqueluit
1244 1689 1278 1748 ln
1306 1690 1470 1749 senonen.
1497 1688 1642 1764 capitulo
1658 1687 1801 1748 investi-

1003 1785 1067 1846 tus.
1083 1787 1151 1847 Nos
1166 1785 1315 1847 umentes
1328 1799 1427 1862 super
1441 1786 1484 1846 iis
1499 1801 1542 1847 ex
1563 1785 1672 1846 officio
1688 1785 1802 1846 nostro

1004 1883 1175 1959 inquirere
1189 1884 1375 1955 venialem,
1392 1882 1584 1945 discretioni
1603 1882 1723 1945 vestrae
1744 1897 1803 1960 per

1004 1981 1192 2058 Apostolica
1208 1981 1332 2059 scripta
1347 1982 1552 2054 mandamus,
1571 1982 1734 2058 quatenus
1746 1995 1803 2042 re·

1005 2081 1100 2156 cepto
1115 2095 1217 2157 super
1229 2080 1293 2142 hoc
1303 2081 1494 2157 juramento
1507 2095 1527 2142 a
1541 2080 1673 2142 dilectis
1684 2079 1802 2139 tiliis...

1005 2176 1135 2250 abbate,
1149 2193 1226 2240 ao...
1243 2178 1355 2255 priore
1371 2178 1484 2242 &noti
1498 2178 1654 2249 Victoris,
1678 2178 1805 2253 magis-

1006 2275 1057 2336 tro
1071 2277 1108 2336 P.
1125 2277 1294 2351 capuano,
1311 2275 1471 2338 canonico
1485 2277 1650 2337 senonen.
1668 2277 1707 2336 R.
1716 2274 1804 2336 dicto

1006 2373 1189 2450 capellano,
1204 2375 1238 2436 et
1248 2375 1407 2449 magistro
1430 2377 1469 2435 R.
1486 2375 1526 2434 ds
1548 2373 1672 2444 Remis,
1699 2387 1804 2434 cano-

1006 2469 1093 2531 ntots
1108 2471 1285 2542 Parisieu„
1302 2472 1359 2548 qui
1374 2469 1594 2546 resignationi
1614 2474 1685 2548 jam
1707 2469 1804 2532 dictae

1006 2567 1197 2630 interfuisse
1217 2568 1383 2640 dicuntur,
1397 2585 1454 2630 eos
1478 2584 1579 2646 super
1598 2569 1801 2646 juramento,

1006 2667 1040 2726 et
1061 2666 1137 2726 voto
1159 2666 1326 2742 praedictis
1350 2665 1529 2744 inquiratis
1551 2666 1592 2726 de
1608 2664 1708 2743 plano
1722 2665 1804 2726 illli-

1006 2764 1138 2839 gentius
1164 2764 1350 2836 variatam,
1377 2765 1446 2826 tam
1475 2779 1575 2838 super
1606 2763 1805 2825 investitura

1007 2861 1196 2938 praebendae
1223 2877 1263 2924 ac
1286 2861 1590 2935 archidiaconatus,
1615 2877 1689 2938 quae
1720 2860 1807 2923 lacta

1007 2959 1203 3035 proponitur
1217 2959 1253 3019 in
1266 2959 1411 3036 capitulo
1426 2962 1590 3022 senonen.
1602 2975 1737 3036 pereas,
1749 2959 1806 3036 qui

1007 3055 1233 3118 iuterfuerunt
1243 3058 1310 3138 tam
1322 3057 1500 3118 canonicos
1513 3071 1611 3132 quarn
1622 3055 1705 3116 alios
1716 3055 1807 3116 simi·

1008 3153 1085 3214 liter
1106 3151 1316 3232 inquirendo,
1347 3155 1380 3215 et
1409 3152 1495 3230 quod
1524 3153 1720 3215 inveneritis
1747 3169 1806 3231 per

1009 3249 1806 3323 vestrasnobislitterasfideliterintimetis,utea

1014 3350 1146 3427 cognita
1159 3347 1321 3412 faciamus
1334 3349 1420 3427 quod
1438 3347 1622 3410 videbimus
1635 3348 1803 3426 expedire.

1010 3449 1128 3509 Datum
1141 3450 1255 3510 Romae
1266 3448 1352 3525 apud
1363 3449 1518 3510 Sanctum
1530 3449 1675 3519 Petrum,
1691 3447 1805 3524 quinto
1909 3517 1912 3524 .

1011 3544 1172 3607 kalendas
1186 3546 1278 3617 mail,
1295 3561 1384 3608 anuo
1404 3545 1560 3608 secundo.

1341 3705 1478 3790 CCVII

1009 3840 1061 3902 Aa
1085 3839 1240 3913 abbatem
1258 3838 1376 3900 scitota·
1400 3840 1581 3908 lubainais,
1598 3839 1808 3914 magistram

1049 3938 1091 3995 P.
1126 3937 1337 3998 canonicam
1375 3937 1558 4007 sareanen,
1596 3936 1808 4010 stephanam

1050 4034 1311 4096 consauradum
1345 4036 1386 4095 de
1420 4037 1579 4105 Bataua„
1600 4035 1808 4096 salconensis

1049 4133 1217 4196 atoecestr.

1297 4209 1331 4268 tt
1348 4209 1428 4282 april.
1446 4210 1526 4268 tals.

1041 4314 1215 4383 [Regast.,lib.
1224 4315 1255 4373 ll,
1268 4316 1339 4380 epist.
1357 4316 1427 4366 l03l.
1437 4318 1495 4368 hlss.
1506 4317 1544 4366 La
1553 4315 1628 4366 Porta
1641 4315 1675 4366 dn
1684 4317 1776 4378 thail]

1010 4414 1125 4474 blandai
1145 4421 1174 4472 ut
1195 4413 1320 4472 debitum
1341 4381 1428 4472 linem
1453 4414 1610 4487 perducant
1628 4429 1723 4472 caussa
1744 4429 1808 4486 quas

1045 4505 1113 4562 olhn
1126 4504 1378 4576 interapiscopum
1389 4501 1615 4560 antissiodoren.
1632 4510 1660 4560 et
1672 4503 1807 4562 comitem

1046 4595 1253 4653 Nivernensein
1271 4599 1437 4648 emerserat.

1050 4711 1230 4781 Honorius,
1267 4709 1341 4770 etc..
1373 4703 1503 4770 dilectis
1543 4709 1658 4780 filiis„
1696 4708 1808 4772 abbati

1012 4807 1123 4870 Sancti
1149 4799 1322 4876 lobannis,
1345 4807 1377 4867 et
1403 4805 1563 4881 magistro
1587 4810 1622 4868 P.
1646 4807 1807 4868 canonico

1012 4910 1189 4972 senonen„
1215 4907 1247 4964 et
1263 4903 1430 4980 stephano
1457 4905 1603 4967 thesaur.
1629 4904 1669 4966 de
1687 4905 1808 4968 Briau-

1011 5021 1100 5074 neru,
1116 5006 1280 5064 senonen.
1293 5002 1460 5063 dioecesis.

1051 5101 1259 5164 Venerabilis
1272 5099 1374 5161 frater
1383 5103 1533 5162 noster...
1543 5100 1806 5164 tritissiodoren.

1011 5201 1185 5276 episeopus
1199 5215 1259 5260 sua
1274 5197 1369 5260 nobis
1387 5199 1613 5262 insinuatione
1639 5203 1808 5260 monstra·

1011 5299 1069 5369 vit,
1083 5297 1169 5374 quod
1184 5313 1259 5358 curn
1272 5297 1353 5358 olim
1369 5313 1469 5358 causa
1483 5313 1555 5374 quaa
1565 5295 1708 5358 vertitur·
1719 5296 1808 5358 inter

1012 5395 1201 5472 episcopum
1212 5395 1245 5456 et
1258 5384 1403 5458 nobilem
1427 5395 1535 5456 virum
1561 5393 1715 5456 comitem
1741 5395 1808 5456 Ni-

1011 5509 1147 5554 veruen.
1164 5489 1338 5556 feudorum
1353 5493 1393 5552 de
1407 5492 1574 5566 nangiaco
1587 5493 1620 5554 et
1634 5491 1761 5564 (tiemo,
1777 5497 1809 5556 ct

1012 5589 1231 5668 quorumdam
1259 5589 1403 5650 aliorum
1437 5591 1576 5653 monetae
1600 5591 1811 5654 Autissiodo-

1012 5705 1098 5757 reu„
1115 5691 1148 5749 et
1162 5701 1265 5764 super
1277 5684 1376 5746 feudo
1391 5685 1629 5762 detlapellade
1639 5689 1810 5766 utriusque
