3984 6306
81 381 143 463 aar,
347 376 579 463 xxm-m
602 377 731 442 nnsro
754 375 1010 444 scurronum
1030 380 1207 444 ioannis
1229 381 1281 443 nr
1302 381 1439 444 riom.
1654 384 1714 443 aso

79 538 197 619 pacltas
220 537 283 611 ost,
305 537 436 616 quando
454 539 594 616 gloriam
616 539 676 602 Dei
693 540 751 618 qul
769 538 865 602 debet
919 538 973 602 lis.
1007 538 1102 604 Unde
1137 539 1217 602 dicit
1249 541 1446 618 Apostolus:
1480 541 1713 615 Unusquisque

79 637 203 700 laudari
213 637 249 698 in
264 635 419 714 operibus
432 638 565 712 nostris,
583 637 646 701 sihi
659 637 862 716 appropriat.
918 653 1006 700 onus
1029 653 1133 700 suum
1153 640 1306 713 portabit
1332 638 1453 718 (Galat.
1477 655 1522 710 rr,
1548 637 1593 718 5).
1624 641 1713 700 Onus

85 739 126 798 De
144 735 272 796 dnobus
290 735 407 812 primis
429 735 509 797 dicit
529 736 688 797 Dominus
703 737 738 797 in
758 738 865 797 Evan·
919 752 1026 809 suum,
1047 735 1143 808 idest,
1160 752 1242 814 opus
1258 753 1353 797 suum
1367 737 1490 799 bonum
1505 737 1574 798 sive
1589 737 1713 798 malum

78 833 157 910 gelio
183 853 190 893 ε
227 849 245 892 c
272 833 365 895 Sicut
390 834 566 910 sepulchra
591 833 672 896 ioris
703 834 865 910 apparent
918 834 964 895 ita
987 833 1023 894 in
1042 833 1173 910 publico
1198 833 1342 910 portabit
1367 835 1453 911 quod
1475 834 1711 896 manifestabit.

79 949 96 992 c
114 931 233 993 munda
246 931 280 994 et
293 932 444 1005 candida,
466 933 499 994 et
520 933 610 995 intus
631 933 766 1010 impleta
787 933 865 994 sunt
900 925 902 930 ’
919 931 1012 994 Unde
1026 931 1207 994 ieremias:
1222 932 1412 994 convolutae
1424 934 1500 994 sunt
1507 933 1711 1010 iniquitates,

77 1029 239 1091 «ossibus
258 1031 462 1092 mortuorum
483 1033 517 1092 et
530 1030 621 1092 omni
634 1030 804 1108 spurcitia,
817 1029 862 1093 ita
918 1029 951 1090 et
965 1029 1176 1106 comportatae
1195 1029 1231 1091 in
1250 1030 1336 1091 collo
1354 1045 1426 1091 meo
1446 1027 1581 1108 (Thren.
1597 1046 1622 1102 1,
1648 1032 1685 1091 14
1688 1041 1711 1108 p.

78 1145 94 1188 c
112 1129 216 1189 atros
231 1127 463 1190 demonstratis
482 1143 541 1190 vos
556 1128 745 1190 hominibus
764 1144 865 1190 mun·
918 1127 1002 1198 Quid
1011 1126 1047 1187 in
1062 1127 1147 1189 collo
1162 1127 1324 1204 portatur,
1340 1126 1493 1188 omnibus
1514 1127 1712 1188 manifesta-

76 1242 94 1284 «
111 1225 167 1287 dos
181 1226 214 1286 et
228 1224 386 1286 candidos
401 1226 434 1288 et
448 1226 593 1299 sanctos,
608 1225 697 1288 intus
712 1225 862 1288 occulta·
916 1226 982 1286 tur.
998 1224 1039 1286 ut
1049 1223 1151 1286 alibi:
1168 1226 1291 1287 Omnes
1305 1241 1368 1287 nos
1381 1225 1603 1298 manifestari
1615 1240 1715 1298 opor-

76 1323 150 1384 ‹lis
171 1321 333 1384 malitiam
356 1322 390 1384 et
411 1338 543 1385 omnem
565 1323 782 1400 iniquitatem.
805 1325 863 1386 Vae
917 1322 965 1384 tet
974 1323 1056 1384 ante
1064 1324 1214 1385 tribunal
1227 1324 1355 1386 Christi
1367 1320 1478 1401 (icor.
1487 1338 1519 1395 v,
1529 1320 1591 1401 10).
1604 1323 1714 1384 Ethoc

76 1419 211 1492 «robis,
229 1419 346 1482 scribac
364 1421 398 1483 et
418 1420 576 1498 pharisaei
596 1421 789 1498 hypocritas,
806 1421 862 1499 qui
917 1419 980 1482 suit
989 1419 1224 1496 significatum,
1238 1420 1369 1497 quando
1381 1422 1469 1482 Deus
1479 1420 1564 1481 dixit
1574 1419 1608 1480 in
1619 1420 1711 1496 lege:

75 1517 235 1580 «similes
259 1517 340 1579 estis
372 1518 558 1595 sepulchris
584 1518 761 1592 dealbatis,
784 1518 863 1596 quia
915 1520 996 1580 Non
1015 1520 1198 1594 apparebis
1222 1521 1259 1580 tu
1278 1519 1459 1592 conspecto
1481 1532 1558 1580 mco
1584 1533 1714 1579 vacuns

74 1613 188 1676 «ioris
202 1615 364 1692 apparent
382 1615 573 1678 hominibus
589 1616 750 1694 speciosa,
774 1615 862 1677 intus
918 1612 1037 1692 (Exod.
1059 1605 1157 1687 rxnr,
1184 1613 1245 1694 15).
1263 1617 1383 1676 Omnes
1407 1631 1469 1676 nos
1491 1615 1615 1677 erimus
1634 1618 1713 1676 ante

73 1729 91 1771 c
110 1713 220 1774 autem
241 1712 339 1790 plena
362 1715 439 1775 sunt
459 1713 589 1774 ossibus
611 1714 816 1775 mortuorum
830 1714 864 1775 et
917 1713 1128 1790 conspectum
1145 1707 1217 1786 hei,
1232 1713 1289 1774 sed
1301 1712 1541 1789 providendum
1555 1713 1651 1774 nobis
1664 1714 1715 1774 est

73 1826 89 1869 c
110 1811 199 1870 omni
212 1810 384 1887 spurcitia.
400 1810 473 1872 »nt
486 1810 607 1872 iterum
622 1827 629 1868 ε
647 1813 734 1872 ‹Vae
750 1810 856 1884 robis,
915 1809 951 1871 in
975 1809 1028 1872 die
1051 1809 1182 1888 J'udicii,
1203 1825 1246 1871 ne
1262 1825 1481 1888 appareamus
1496 1811 1593 1874 vacui
1617 1810 1713 1873 bonis

72 1907 226 1969 «scribae
243 1907 277 1969 et
288 1907 458 1985 pharisaei,
475 1907 669 1986 hypocritae,
689 1908 745 1985 qui
766 1923 863 1969 mun-
917 1906 1083 1984 operibns
1680 1928 1683 1932 ·

7 2065 12 2090 ,
71 2021 88 2064 e
108 2005 194 2066 datis
209 2005 296 2082 quod
318 2004 443 2066 deforis
459 2005 512 2068 est
532 2005 647 2068 calicis
661 2008 695 2067 et
711 2005 863 2083 paropsi-
957 2004 1104 2066 Crimina
1131 2005 1341 2082 peccatorum
1360 2007 1438 2070 sunt
1464 2007 1605 2078 occulta,
1622 2005 1711 2084 quia,

71 2119 88 2162 ‹
107 2101 172 2175 dis,
185 2103 275 2164 intus
291 2106 401 2166 autem
416 2102 505 2180 pleni
518 2103 598 2165 estis
614 2103 731 2180 rapina
744 2105 776 2165 et
795 2103 864 2165 ini·
918 2101 1069 2178 quamvis
1095 2103 1245 2179 quaedam
1273 2106 1408 2181 peccata
1432 2105 1499 2166 sint
1524 2104 1711 2178 manifesta,

70 2218 88 2260 c
109 2201 244 2277 quitata.
268 2199 433 2280 »(uatth.
456 2217 554 2274 xxm,
574 2199 641 2280 27.)
657 2202 697 2262 nt
719 2201 860 2263 iterum:
916 2213 982 2261 non
1002 2199 1115 2261 tamen
1130 2201 1374 2276 cognoscuntur
1389 2201 1436 2263 ita
1450 2217 1526 2263 esse
1538 2201 1713 2263 horribilia

70 2301 171 2360 «Vos
194 2299 275 2362 estis
296 2300 352 2376 qui
367 2297 558 2376 jrrstiticatis
579 2314 639 2360 ros
664 2315 776 2360 coram
795 2299 861 2360 ho·
917 2296 954 2358 ut
982 2297 1071 2359 sunt.
1100 2298 1186 2359 Nam
1211 2299 1438 2376 unusquisque
1465 2300 1621 2376 peccator
1645 2315 1713 2359 non

69 2413 86 2456 ‹
106 2395 263 2467 minibus,
275 2398 362 2458 Deus
375 2399 485 2458 autem
499 2397 591 2458 novit
602 2395 862 2460 cordavestra.»
916 2394 999 2456 adeo
1024 2394 1207 2472 culpandus
1230 2395 1293 2468 est,
1316 2412 1376 2472 pro
1401 2395 1548 2459 foeditate
1572 2396 1710 2472 peccati,

105 2496 149 2556 lte
176 2493 286 2565 tertio,
307 2493 343 2554 in
368 2493 453 2556 libro
474 2493 593 2556 Job:‹
620 2497 699 2567 Quae
717 2495 767 2555 ost
785 2509 861 2571 spes
917 2491 1074 2569 quantum
1090 2508 1149 2568 pro
1163 2491 1346 2554 offensione
1358 2493 1429 2566 Dei,
1441 2493 1530 2570 quia,
1544 2492 1709 2568 videlicet,

69 2589 260 2667 hypocritas,
277 2591 305 2651 si
321 2606 421 2654 avare
436 2591 545 2668 rapiat
559 2593 571 2652 1
585 2607 604 2652 r
617 2607 658 2653 ac
672 2591 701 2652 si
717 2591 860 2656 diceret:
916 2588 1054 2651 offendit
1067 2592 1171 2650 Deum
1184 2590 1316 2652 Patrem
1329 2590 1525 2668 piissimum,
1542 2592 1575 2653 et
1589 2591 1712 2667 iugata

68 2688 167 2749 nulla.
183 2690 292 2750 Avare
304 2689 414 2750 autem
425 2689 514 2767 rapit
525 2689 665 2766 gloriam
675 2689 859 2762 hominum,
916 2701 952 2748 se
969 2686 1128 2764 Spiritum
1139 2688 1307 2759 Sanctum,
1320 2687 1353 2748 et
1364 2687 1439 2749 ideo
1454 2703 1520 2748 non
1535 2703 1710 2771 possumus

68 2801 136 2861 quae
164 2788 237 2847 Deo
264 2785 412 2858 debetur,
442 2785 482 2846 de
513 2802 579 2864 qua
611 2787 770 2848 Dominus
801 2803 863 2865 par
915 2784 1012 2862 plene
1040 2799 1221 2860 agnoscere
1247 2786 1430 2862 peccatum,
1459 2785 1537 2864 quia
1558 2786 1711 2856 ,nondum

68 2883 186 2944 isaiam
207 2904 215 2943 ε
242 2886 395 2946 Gloriam
413 2897 529 2946 meum
550 2885 653 2960 alteri
674 2899 744 2946 noc
764 2887 860 2948 daho.
914 2881 1057 2943 vidimus
1071 2883 1185 2944 Deum.
1202 2882 1287 2944 Nam
1303 2882 1389 2946 sicut
1412 2882 1492 2946 dicit
1507 2883 1709 2960 Gregorius:

69 2981 147 3053 Quia
167 2980 310 3060 quilibet
324 2980 420 3044 debet
433 2981 583 3044 revelare
598 2983 733 3059 peccata
750 2998 811 3044 sua
825 2983 861 3044 in
915 2994 934 3041 c
956 2980 1019 3054 Q'ui
1041 2980 1149 3042 lucem
1170 2980 1272 3052 videt,
1302 2981 1365 3042 scit
1386 2980 1465 3058 quid
1496 2981 1536 3043 de
1561 2981 1709 3043 tenebris

66 3079 185 3140 mundo
200 3079 267 3140 isto
282 3079 457 3152 sacerdoti,
475 3080 507 3143 et
520 3081 550 3141 si
565 3095 632 3142 non
644 3080 806 3144 revelabit
825 3081 860 3142 in
915 3078 1066 3140 aestimet.
1084 3093 1103 3138 r
1117 3079 1157 3140 Et
1171 3094 1232 3140 nos
1243 3094 1317 3141 oum
1332 3079 1515 3141 viderimus
1528 3095 1642 3142 veram
1657 3080 1711 3141 lu-

67 3176 137 3248 isto,
160 3175 326 3238 revelabit
343 3176 516 3254 injudicio
532 3178 680 3238 extremo
697 3177 858 3240 omnihus.
915 3191 998 3249 cem,
1023 3191 1260 3253 cognoscemus
1286 3177 1386 3238 etiam
1410 3177 1621 3254 peccatorum
1646 3176 1709 3238 166-

64 3271 174 3350 Longe
201 3273 317 3334 tamen
345 3273 592 3337 erubescentias
624 3275 688 3338 erit
714 3276 861 3338 revelari
915 3289 998 3336 cem.
1027 3273 1121 3336 Unde
1157 3275 1191 3336 et
1218 3274 1381 3336 Dominus.
1403 3275 1490 3336 dicct
1518 3275 1554 3336 in
1582 3275 1709 3352 judicio

65 3373 200 3446 peccata
212 3371 341 3434 cunctis
353 3371 556 3445 hominibus,
569 3372 750 3449 injudicio,
762 3389 860 3450 quam
914 3372 1095 3449 unicuique
1116 3371 1283 3451 reprobo:
1303 3376 1389 3435 Haec
1408 3373 1521 3448 fecisti
1546 3373 1580 3435 et
1605 3373 1707 3435 tacut.

64 3463 116 3526 hic
135 3465 318 3530 sacerdoti.
341 3467 376 3528 Si
396 3467 495 3529 homo
518 3467 607 3528 enim
627 3483 693 3529 non
714 3469 785 3529 vult
806 3468 861 3530 hic
913 3471 1148 3542 Emistimcstt,
1172 3473 1297 3545 inique,
1321 3475 1409 3545 qnod
1431 3486 1493 3533 ero
1513 3473 1565 3532 tui
1587 3474 1711 3533 similis

65 3562 231 3640 detegere,
248 3565 384 3641 peccata
408 3580 467 3641 per
477 3565 708 3642 ¹poenitentiam
728 3566 762 3628 et
775 3582 859 3627 con·
915 3565 985 3645 (Ps.
1001 3569 1051 3640 49,
1066 3566 1133 3647 21).
1147 3568 1307 3630 Dominus
1321 3567 1409 3630 dicet
1423 3568 1589 3645 peccatori
1605 3569 1640 3629 in
1653 3572 1712 3646 ju-

64 3659 255 3730 sessionem
272 3664 360 3724 Deus
381 3661 510 3739 deteget
531 3677 572 3726 ea
587 3663 623 3724 in
640 3662 769 3740 judicio
793 3679 860 3724 non
915 3664 1001 3727 dicio
1017 3681 1025 3722 ι
1041 3664 1078 3727 tu
1092 3665 1200 3728 iecisti
1219 3666 1291 3728 haec
1306 3667 1459 3738 crimina,
1475 3667 1509 3727 et
1526 3681 1587 3740 ego
1607 3665 1709 3734 tacui,

65 3759 171 3820 solnm
191 3775 307 3822 coram
326 3759 477 3823 omnibus
492 3759 683 3822 hominihus
702 3760 758 3837 qui
772 3777 860 3822 nunc
914 3763 993 3839 quia
1008 3778 1075 3824 non
1089 3761 1164 3823 dedi
1176 3763 1374 3824 sententiam
1385 3762 1607 3826 damnationis
1620 3763 1654 3822 in
1664 3763 1708 3835 te,

63 3858 146 3931 sunt,
164 3857 225 3919 sed
239 3857 344 3920 etiam
358 3873 470 3921 coram
486 3856 642 3934 ¹omnibus
656 3853 713 3936 qui
728 3857 861 3942 luerunt
915 3859 973 3920 sed
999 3875 1087 3921 nunc
1112 3874 1251 3934 arguam
1276 3860 1319 3932 te,
1339 3860 1372 3922 et
1388 3859 1530 3923 statuam
1553 3859 1710 3923 universa

63 3953 102 4014 ah
123 3955 224 4017 initio
248 3955 656 4032 mundieteruntusque
682 3955 858 4018 adfinem.
914 3955 1031 4020 contra
1064 3953 1182 4016 faciam
1216 3956 1323 4029 tuam,
1349 3955 1386 4018 ut
1420 3971 1550 4033 semper
1585 3955 1710 4018 habeas

61 4049 144 4114 Nam
159 4053 302 4130 peccata
315 4053 531 4130 reproborum
546 4051 861 4116 omnibusihisrunt
915 4054 1123 4131 peccatorum
1153 4053 1363 4126 memoriam,
1387 4053 1465 4131 quia
1488 4054 1623 4117 noluisti
1649 4071 1711 4116 re-

61 4153 148 4210 nota.
171 4153 300 4228 ltaque,
322 4150 455 4223 iratres,
478 4149 563 4228 quod
582 4153 697 4212 vetera
717 4152 861 4212 transie-
914 4150 1001 4212 verti
1027 4149 1068 4212 ad
1090 4166 1143 4212 me
1165 4165 1224 4228 per
1250 4151 1490 4228 poenitentiam.
1517 4153 1557 4214 Et
1580 4168 1711 4230 semper

60 4247 152 4320 runt,
162 4248 198 4310 et
219 4263 298 4308 ecce
313 4247 400 4309 iacta
422 4247 500 4309 sunt
513 4247 625 4309 omnia
646 4263 744 4322 nova,
764 4249 859 4310 noris
914 4247 1092 4324 redarguet
1105 4247 1138 4311 te
1152 4247 1287 4326 propria
1304 4249 1520 4323 conscientia,
1537 4250 1614 4327 quia
1627 4266 1709 4328 pec-

61 4343 376 4420 supcrvenientihus
399 4346 514 4408 vetera
533 4342 739 4422 abjiciamus.
766 4345 859 4407 Nihil
914 4345 998 4407 casti
1011 4344 1045 4406 in
1055 4361 1129 4408 mea
1139 4347 1328 4421 praesentia.
1341 4347 1381 4409 nt
1390 4347 1513 4410 senties
1524 4363 1576 4409 ma
1589 4348 1708 4409 durum

59 4443 213 4517 opertum
237 4441 325 4520 quod
351 4458 419 4507 non
438 4443 620 4515 reveletur,
638 4443 673 4505 et
695 4443 859 4506 secretum
909 4441 1068 4519 judicem,
1094 4459 1190 4519 quem
1214 4443 1352 4505 noluisti
1378 4443 1502 4505 habere
1522 4444 1708 4522 piissimum

59 4540 142 4615 quod
156 4555 229 4602 non
244 4540 384 4602 sciatur..
913 4543 1051 4616 patrem.
1082 4541 1161 4600 Haec
1181 4541 1292 4604 autem
1310 4538 1435 4602 idcirco
1458 4541 1613 4603 evenient
1635 4541 1706 4616 tibi,

95 4639 252 4710 Quatuor
280 4638 357 4700 sunt
382 4637 516 4715 species
538 4636 757 4710 occultorum,
785 4653 858 4715 quae
914 4637 991 4713 quia
1011 4635 1221 4708 existimasti,
1242 4636 1330 4713 quod
1353 4651 1410 4698 ero
1435 4637 1485 4699 tui
1506 4638 1636 4698 similis.
1659 4642 1709 4700 Tu

7 4739 14 4762 '
57 4735 300 4798 revelabuntur
324 4735 358 4797 in
382 4733 527 4813 jndicio,
550 4735 715 4804 videlicet,
740 4735 858 4799 merita
913 4733 1037 4811 putasti
1052 4733 1137 4811 quod
1160 4749 1220 4810 ego
1240 4749 1306 4796 non
1323 4734 1475 4811 punirem
1499 4734 1708 4813 iniquitatem

56 4829 241 4904 bonorum,
253 4832 394 4893 crimina
409 4831 631 4909 peccatorum,
646 4830 770 4907 gaudia
783 4831 860 4893 boa·
912 4832 1014 4902 tuam,
1039 4847 1136 4907 quam
1156 4831 1186 4892 si
1209 4846 1276 4893 non
1294 4831 1457 4908 punirem,
1479 4847 1553 4894 cum
1571 4833 1705 4910 possim,

56 4929 178 5002 torum,
212 4929 247 4991 et
274 4927 438 5007 supplicia
466 4929 712 4991 damnatorum.
739 4929 858 4990 Merita
913 4928 1080 5006 iniquitati
1103 4929 1168 4991 tuae
1183 4929 1423 5002 consentirem,
1448 4933 1483 4994 et
1503 4930 1577 4992 ideo
1600 4947 1707 4994 essem

53 5023 224 5090 bonorum
246 5026 327 5088 sunt
344 5025 485 5098 occulta,
502 5026 580 5103 quia
596 5025 746 5104 quamvis
761 5027 858 5088 modo
913 5026 1032 5087 similis
1044 5026 1109 5098 tui,
1121 5026 1218 5098 idest,
1232 5026 1365 5104 iniquus
1382 5027 1468 5090 sicut
1485 5028 1532 5102 tu,
1550 5029 1628 5107 quia
1647 5047 1709 5107 par

54 5125 308 5201 cognoscantur
332 5139 352 5184 a
376 5123 590 5202 quibusdam,
618 5139 714 5185 nemo
746 5125 858 5186 tamen
912 5124 963 5186 est
977 5123 1073 5200 culpa
1089 5122 1241 5185 facientis
1257 5126 1291 5186 et
1311 5125 1560 5187 consentientis.
1579 5127 1707 5190 Existi·

53 5224 164 5297 potest
179 5237 383 5297 cognoscere
399 5219 439 5282 ad
453 5221 586 5298 plenum
599 5221 781 5283 electorum
789 5225 860 5299 Jus-
913 5221 1011 5283 masii
1030 5237 1109 5298 ergo
1124 5237 1176 5283 me
1194 5221 1256 5284 tibi
1275 5222 1428 5296 similem,
1446 5225 1577 5302 quando
1597 5224 1708 5287 credi·

53 5319 178 5391 titiam,
198 5319 266 5380 nisi
287 5319 378 5380 solus
401 5321 489 5380 Deus
504 5318 561 5397 qui
577 5318 666 5381 dedit
689 5318 762 5381 illis.
779 5335 859 5396 gra-
913 5317 990 5380 disti
1002 5335 1054 5380 me
1070 5335 1137 5382 non
1149 5320 1268 5396 punire
1279 5320 1500 5398 iniquitatem.

50 5418 155 5493 tiam3
183 5415 243 5478 sed
265 5416 300 5477 in
327 5416 453 5493 jndicio
477 5417 537 5478 Dei
564 5415 741 5480 manifesta
762 5417 858 5480 erunt
952 5415 1155 5492 Igiturhona
1170 5417 1203 5479 et
1217 5418 1304 5479 mala
1319 5420 1416 5480 erunt
1429 5419 1616 5492 manifesta,
1630 5421 1709 5498 quia

52 5515 167 5576 omnia
185 5513 275 5575 bona
295 5529 397 5590 opera
418 5529 492 5590 quaa
507 5511 667 5575 ,lecerunt
681 5513 798 5587 sancti,
822 5516 859 5577 ut
913 5513 1003 5575 clara
1033 5515 1098 5575 erit
1129 5515 1274 5577 inimicis
1305 5518 1464 5593 quusque
1491 5519 1710 5593 conscientia,

51 5613 106 5688 qui
136 5609 242 5672 modo
270 5610 388 5672 nolunt
414 5610 554 5686 gloriam
585 5610 625 5672 ab
655 5611 855 5686 hominibus,
913 5611 990 5689 quid
1004 5612 1130 5690 peccati
1141 5613 1195 5674 rel
1209 5612 1288 5676 honi
1303 5611 1419 5675 iecerit
1433 5615 1573 5690 aprima
1584 5617 1709 5680 nativi.-

50 5709 131 5772 tnnc
146 5707 386 5786 glorificentur
399 5725 419 5772 a
432 5711 500 5771 Deo
513 5707 638 5786 pariter
650 5708 736 5772 etah
755 5725 859 5787 ange-
911 5709 990 5772 tatis
1009 5709 1104 5783 hora,
1119 5726 1231 5791 usque
1248 5710 1293 5776 ad
1314 5711 1530 5774 nouissimam
1547 5712 1582 5772 in
1602 5715 1714 5778 morte
