3984 6306
327 297 385 357 lli
888 287 1065 350 sosonu
1090 289 1217 348 alem
1238 289 1285 350 ur
1304 289 1414 350 traua.
1536 281 1540 288 '
1864 305 1902 362 aa
1957 332 1960 342 .

1958 383 1959 416 l

325 453 548 532 exemptionis
567 465 640 514 sesa
661 447 836 528 privilegio
862 449 1017 522 tutantes,
1034 447 1119 526 quod
1175 446 1358 512 honoribus
1375 447 1483 526 ipsius
1504 443 1670 524 Ecclesiae,
1684 465 1722 514 sc
1737 446 1820 516 eham
1834 457 1903 534 spiri·
1956 439 1959 496 l

321 551 519 631 jamdudum
555 548 753 627 apostoncae
790 546 885 608 Sedis
922 546 1023 623 legati
1054 547 1121 608 illis
1175 545 1352 609 ritualibus
1363 547 1485 608 uestris
1498 546 1643 624 legitime
1655 547 1846 624 delandendis,
1856 571 1905 616 cou-

324 648 555 721 contulissent,
572 645 772 725 patriarchae
793 648 866 721 jura
881 643 1118 706 detrectabant.
1175 645 1226 706 tra
1246 645 1355 720 ipsum
1378 645 1562 721 principem
1584 649 1672 710 stare
1692 646 1783 708 libere
1798 650 1904 724 ualeatis,
1957 681 1958 732 p

328 748 387 810 Ille
400 747 585 809 Honorium
610 761 669 823 per
692 744 821 805 litteras
839 741 1027 804 adeundum
1042 757 1122 803 can·
1175 741 1905 824 coercendovosamachinationadumtaxatpar
1953 770 1957 869 p

323 846 403 918 suit,
425 845 572 907 dehisce
587 842 688 904 rebus
713 843 924 917 conquestus,
945 842 982 903 ut
1003 839 1066 901 sihi
1085 839 1120 900 in
1175 855 1273 916 quam
1288 839 1377 900 idem
1390 841 1547 918 princeps
1561 841 1693 904 deberet
1710 842 1906 922 lesiouanpau
1957 869 1958 884 ¹

323 958 441 1004 omnes
457 940 685 1019 prelationem
707 938 867 1000 tueretur.
887 938 992 1000 Jussit
1013 937 1122 999 omni·
1176 953 1268 998 sona
1282 938 1335 998 val
1350 938 1403 999 sui
1419 939 1633 1002 amissionem
1648 939 1803 1002 incurrere
1818 942 1905 1016 prinoi-
1952 892 1957 1014 i

324 1040 387 1102 bus
414 1041 450 1102 ut
477 1039 529 1100 illl
552 1038 710 1115 parerent
731 1037 766 1098 in
786 1036 859 1098 hacc
882 1034 983 1096 verba
1006 1037 1122 1097 liono-
1175 1035 1272 1111 patus
1287 1033 1347 1114 (2).
1365 1033 1475 1114 [drag.
1489 1039 1545 1109 lli,
1560 1036 1617 1098 lib.
1630 1039 1661 1109 2,
1676 1038 1723 1100 tit.
1737 1035 1844 1117 24(n)*.l
1953 1055 1958 1144 p

324 1138 397 1200 rius
412 1136 650 1206 :sabbatibus
665 1133 822 1212 praelatis,
838 1133 1064 1205 conventibus,
1081 1149 1121 1194 ac
1215 1133 1326 1210 Gypril
1340 1147 1469 1211 quoque
1481 1133 1647 1201 insuaras
1658 1135 1786 1198 Honorii
1793 1150 1907 1196 summan
1953 1147 1957 1164 ²

325 1235 458 1298 clericis
493 1233 646 1296 omnibus
680 1233 715 1294 in
753 1229 1119 1309 constantinopolitana
1174 1229 1209 1291 ln
1222 1245 1336 1292 omnes
1351 1231 1909 1311 potestatemagnoveraquandoqui·

322 1332 462 1395 diaecesi
484 1331 696 1394 constitutis:
715 1329 1118 1407 Suanobis,inqutt,pa-
1175 1326 1249 1388 dem
1273 1329 1481 1391 Nicosiensis
1504 1330 1767 1412 archiepiscopus
1789 1330 1908 1406 suifraga-

324 1431 472 1492 triarcha
485 1427 870 1506 constantinopolitanus
882 1427 1120 1505 conquestione
1174 1425 1295 1503 usique
1325 1429 1416 1504 ejus,
1443 1443 1518 1490 cum
1548 1427 1590 1492 da
1622 1427 1787 1504 exigendis
1816 1427 1910 1490 decima

324 1527 632 1605 monstravitque
652 1543 727 1588 cum
751 1525 884 1603 quidam
900 1526 1046 1587 vestrum
1061 1540 1120 1585 su·
1173 1522 1334 1586 aduersus
1371 1524 1465 1600 regni
1499 1525 1668 1602 principes
1699 1525 1909 1594 contendissent,

323 1625 451 1688 menies
486 1626 694 1688 occasionem
720 1638 764 1686 ex
789 1639 828 1684 eo
861 1621 947 1700 quod
973 1623 1119 1684 ioannes
1173 1621 1372 1697 Apostolicae
1397 1622 1493 1684 Sedis
1525 1623 1627 1700 legati
1651 1622 1830 1686 auctoritate
1848 1621 1912 1684 adhi-

323 1723 506 1800 praeshytar
527 1721 724 1793 cardinalis,
746 1722 824 1783 tunc
842 1719 1042 1797 spostolicae
1058 1721 1121 1782 Sa·
1174 1716 1253 1791 hita,
1271 1719 1318 1781 ita
1339 1723 1568 1783 conuenerunt
1588 1721 1624 1783 ut
1646 1719 1912 1784 RemeniPonliic'u

324 1820 375 1882 dis
404 1820 545 1897 legatus,
571 1818 766 1896 quibusdam
799 1817 876 1880 allis
906 1813 1058 1878 ecclesiis
1087 1817 1120 1878 et
1174 1815 1382 1880 ceuhnnatlo
1421 1818 1606 1882 accederet.
1646 1821 1764 1882 Verum
1794 1815 1912 1895 principi·

321 1918 457 1980 clericis
486 1919 521 1979 in
547 1915 780 1994 spiritualibus
817 1915 850 1978 et
881 1913 1118 1991 temporalibus
1172 1913 1235 1975 hus
1258 1915 1432 1992 promissis
1462 1915 1726 1989 constantibus,
1747 1913 1913 1978 abonniius

193 2029 194 2034 ’
322 2015 473 2086 contulit,
486 2014 690 2077 monasteria
700 2013 889 2076 eorumdem
900 2012 965 2089 ipsi
976 2012 1120 2088 patriar·
1174 2012 1372 2087 presulibus
1391 2015 1527 2090 reguum
1545 2015 1599 2076 est
1616 2013 1788 2086 Honorius,
1803 2013 1913 2090 quocu-

319 2113 394 2174 ohae
412 2113 546 2176 obedire
560 2112 726 2184 recusant,
746 2111 779 2174 et
801 2111 834 2172 ei
848 2110 889 2173 da
905 2109 1039 2188 juribus
1054 2125 1117 2186 pa·
1174 2107 1361 2172 firmatione
1375 2112 1565 2188 apostolica
1585 2112 1779 2176 auomritata
1790 2120 1913 2176 concae,

319 2211 524 2274 triarchatus
547 2210 759 2289 respondere,
785 2206 821 2271 in
847 2225 915 2270 suae
934 2219 1120 2285 praesump-
1172 2206 1232 2268 toti
1264 2223 1367 2283 regno
1392 2208 1539 2282 mandat,
1559 2210 1596 2272 ut
1618 2225 1661 2274 aa
1683 2210 1775 2288 pacta
1796 2206 1914 2270 conuenta

320 2308 422 2371 tionis
433 2308 839 2386 adjntoriumindncentas
850 2305 1117 2369 confirmationes
1172 2307 1361 2368 executioni
1386 2307 1595 2381 mandentur,
1620 2305 1772 2386 deditque
1800 2305 1836 2366 ad
1855 2301 1916 2377 ragi-

319 2401 510 2485 hujusmodi
532 2407 746 2468 collationum
775 2422 795 2466 a
823 2405 906 2467 Sede
926 2402 1118 2484 Apostollca
1172 2415 1249 2463 nant
1275 2419 1314 2466 ac
1340 2404 1487 2481 reliquos
1514 2404 1683 2483 principes
1710 2405 1841 2474 litteras,
1863 2415 1916 2478 quas

319 2504 514 2580 impetratas
531 2525 539 2564 a
555 2505 637 2565 Cum
660 2504 763 2579 igitur
784 2503 928 2566 nolimus
948 2505 1028 2579 jura
1043 2515 1116 2579 quta
1171 2513 1347 2564 recensere
1375 2517 1486 2579 opere
1513 2503 1658 2580 prelium
1684 2503 1838 2580 putamus,
1861 2494 1917 2574 quot

320 2601 519 2663 dioecesanis
553 2601 715 2663 debentur
744 2617 804 2678 par
833 2600 1028 2662 collationes
1057 2615 1117 2660 sau
1172 2595 1346 2660 historiam
1369 2600 1573 2674 contineant,
1597 2603 1631 2662 et
1656 2601 1800 2663 indicent
1819 2597 1918 2672 iposta

318 2699 586 2760 confirmationes
603 2699 779 2776 praedictas
799 2697 916 2770 minui,
943 2712 1002 2758 sau
1027 2696 1113 2768 laedi,
1171 2693 1245 2756 licae
1265 2695 1359 2758 Sedis
1381 2699 1545 2776 praecepta
1565 2701 1644 2776 jnra
1667 2699 1784 2776 ubique
1806 2691 1918 2755 seruari:

318 2797 514 2858 mandamus
538 2797 701 2874 quatenus
725 2796 900 2858 occasione
924 2794 1116 2871 hujusmodi
1169 2807 1189 2852 s
1217 2795 1385 2856 Honorius
1425 2795 1551 2859 illustri
1585 2797 1733 2872 reginae,
1764 2790 1917 2858 baronibus,

318 2893 568 2962 nonobstante,
593 2893 658 2970 ipsi
677 2892 876 2971 patriarchae
893 2893 1115 2956 reverentiam
1170 2893 1243 2955 «et
1265 2892 1426 2955 militibus
1455 2895 1489 2956 et
1519 2893 1596 2956 aliis
1626 2893 1813 2956 hominihus
1844 2885 1919 2965 appi

321 2994 357 3053 at
370 2989 591 3054 obedientiam
616 2989 775 3053 exhibere
796 2991 933 3063 curetis,
957 2991 1054 3067 eique
1074 2990 1115 3052 de
1169 2990 1361 3052 «salutem.
1383 2990 1547 3052 venerab.
1565 2991 1670 3054 irater
1696 2987 1919 3066 archiepiscopus

315 3090 457 3166 justitiis
471 3090 541 3151 suis
561 3089 689 3167 integre
703 3089 905 3168 respondere
921 3087 981 3170 (1).
1169 3105 1189 3147 s
1209 3088 1416 3150 Nicosiensis
1426 3089 1460 3151 et
1471 3089 1679 3165 suffraganei
1690 3092 1763 3166 ejus
1771 3083 1921 3149 transmissa

356 3188 556 3250 Antiocheui
596 3188 770 3261 canonici,
805 3187 938 3250 tametsi
979 3183 1113 3262 longius
1169 3185 1305 3247 «nobis
1327 3186 1485 3262 petitione
1506 3189 1750 3258 monstrarunt,
1772 3183 1847 3263 quod
1864 3179 1923 3240 inter

317 3283 443 3358 dissiti,
478 3285 636 3362 quidquid
671 3285 855 3346 emerserat
888 3283 1114 3360 ambiguitatis
1168 3283 1299 3360 «ipsos
1321 3285 1355 3346 et
1379 3300 1441 3346 nos
1466 3299 1567 3362 super
1596 3285 1793 3362 quibusdam
1814 3277 1921 3343 decinis,

317 3383 376 3444 aut
397 3383 528 3445 dissidii
543 3399 617 3444 cum
637 3383 785 3460 ipsorum
807 3381 967 3458 principa,
990 3381 1113 3442 nullius
1168 3399 1186 3440 a
1209 3382 1375 3443 mediante
1390 3382 1570 3444 albanensi
1586 3384 1743 3460 episcopo
1764 3384 1835 3444 tunc
1850 3381 1923 3450 ipos·

317 3481 477 3543 antistitis
506 3484 633 3559 majore
665 3481 862 3542 auctoritate
893 3479 1112 3542 dirimendum
1168 3479 1317 3541 ‹tolicaa
1344 3479 1438 3540 Sedis
1463 3481 1583 3555 legato,
1612 3480 1799 3542 amicabilis
1824 3488 1923 3548 conpu-

316 3579 518 3640 censuerunt
542 3594 640 3656 quam
662 3579 813 3640 lionorii.
837 3579 997 3654 Princeps
1025 3579 1113 3640 enim
1168 3577 1285 3638 «sitio
1317 3577 1512 3651 intervenit,
1540 3594 1701 3655 expressa
1727 3578 1846 3656 adjectu
1866 3567 1923 3648 quud

315 3677 495 3739 canonicos
515 3677 631 3755 iniquo
647 3677 788 3754 quodam
809 3677 1017 3739 sacramento
1032 3676 1114 3737 ade-
1166 3675 1405 3750 «quantocius
1436 3691 1509 3737 eam
1543 3677 1737 3754 Apostolica
1771 3669 1925 3737 auctonaa

315 3777 420 3852 gerat,
435 3775 555 3837 nasibi
571 3775 786 3837 ullonomlne
801 3774 1113 3853 unquamadversa-
1167 3773 1399 3834 «confirmari
1435 3773 1641 3850 contigeret,
1683 3775 1794 3838 statim
1829 3762 1926 3830 deberet
1960 3791 1961 3794 π

315 3875 443 3935 rentur.
479 3873 506 3933 li
538 3888 613 3934 cum
648 3875 785 3936 nossent
815 3889 986 3950 emergere
1013 3889 1112 3951 possa
1166 3871 1398 3933 «executioni
1422 3871 1586 3934 mandari.
1601 3875 1727 3935 Verum
1750 3871 1823 3932 licet
1840 3869 1875 3929 sit
1889 3875 1927 3940 per

315 3970 411 4047 plura
420 3971 554 4032 tuendas
565 3970 807 4034 Ecclesiasticae
820 3971 984 4034 libertatis
996 3987 1109 4044 causa,
1166 3985 1185 4027 ‹
1206 3983 1268 4029 nos
1292 3969 1501 4042 confirmata,
1527 3971 1560 4032 at
1580 3971 1621 4032 ad
1647 3975 1807 4048 majorem
1820 3965 1863 4028 rei
1876 3957 1926 4022 eri·

314 4067 414 4128 ueriti
436 4083 478 4128 ne
499 4068 683 4145 perjurium
699 4068 921 4140 admitterent,
938 4069 967 4130 si
984 4068 1110 4130 homini
1166 4053 1185 4125 s
1206 4066 1363 4138 dentiam,
1374 4067 1494 4129 litteris
1516 4067 1782 4132 confirmationis
1800 4057 1927 4139 composi·

315 4163 528 4226 adversarios
551 4181 587 4225 sa
609 4164 650 4227 ob
671 4181 745 4226 eam
767 4182 900 4228 causam
922 4166 1108 4239 redderent,
1165 4181 1183 4224 ‹
1205 4164 1307 4226 tionis
1332 4165 1430 4227 tenor
1452 4165 1612 4238 insertus,
1638 4167 1749 4244 ipsam
1770 4169 1869 4228 tamen
1887 4169 1925 4216 le·

315 4262 429 4324 adiere
441 4278 500 4340 par
513 4262 641 4324 litteras
657 4263 850 4337 Honorium,
866 4265 922 4342 qui
936 4265 1004 4326 vim
1019 4265 1109 4326 illius
1164 4280 1183 4322 ‹
1204 4262 1325 4324 nuistis
1351 4263 1540 4336 obseruare,
1569 4265 1783 4328 occasionem
1809 4257 1927 4322 irirclan

309 4360 491 4438 juramenti
502 4358 629 4421 salubri
639 4359 911 4438 interpretatione
921 4363 1109 4425 moderatus
1164 4377 1183 4419 s
1204 4361 1458 4439 praetendentes,
1474 4362 1542 4423 tum
1562 4377 1606 4423 ex
1623 4378 1663 4424 eo
1687 4363 1776 4441 quod
1794 4361 1827 4423 in
1840 4351 1928 4418 litteris

313 4459 363 4520 est
387 4459 421 4520 in
440 4457 512 4520 haec
525 4457 629 4520 verba
646 4480 653 4518 :
670 4459 838 4520 Honorius
853 4463 890 4521 A.
908 4461 941 4523 at
954 4462 989 4522 d.
1007 4451 1109 4522 cano-
1164 4474 1182 4518 ‹
1203 4458 1340 4519 verbum
1360 4459 1634 4534 confirmationis,
1658 4461 1809 4522 tenorem
1823 4465 1927 4527 compo·

311 4555 398 4618 uicis
413 4555 641 4618 Antiochanis.
655 4557 1110 4620 Petiticvcstranohiscxhi·
1163 4556 1334 4618 ‹sitionis
1357 4559 1455 4635 juxta
1479 4558 1593 4620 stilum
1617 4559 1779 4620 Ecclesiae
1805 4559 1929 4619 Romana

311 4653 380 4717 bita
406 4652 606 4726 continebat,
628 4655 714 4732 quod
739 4655 880 4716 ecclesia
902 4656 1107 4718 Antiochcna
1162 4655 1372 4731 «praecedit,
1403 4655 1473 4716 tunt
1508 4657 1587 4734 quia
1621 4657 1777 4718 clausula
1806 4647 1929 4715 consueta

310 4754 471 4825 vacante,
512 4753 667 4830 princeps
710 4752 940 4814 Antiochenus
986 4754 1108 4816 timens
1163 4752 1447 4815 «scilicet:sicut
1460 4754 1533 4815 sine
1544 4755 1710 4830 pravitate
1725 4751 1857 4832 prouida
1869 4741 1931 4808 taeta

312 4851 577 4928 conspirationes
600 4851 732 4928 aliquas
755 4849 829 4913 heri
850 4853 965 4914 contra
983 4867 1107 4924 eum‚a
1162 4853 1262 4922 «est,
1279 4851 1314 4912 in
1337 4851 1461 4912 eisdem
1485 4851 1605 4914 littaris
1630 4854 1832 4914 continebar.
1856 4847 1930 4908 itau-

311 4944 407 5009 uol=is
432 4947 659 5023 jnramantum
687 4949 837 5022 extorsit,
870 4950 956 5028 quod
992 4951 1107 5013 contra
1161 4948 1329 5020 «damus,
1360 4949 1522 5026 quatenus
1555 4949 1585 5010 si
1618 4950 1804 5026 premissis
1836 4943 1931 5006 uerius

312 5045 421 5120 ipsum
440 5044 481 5106 da
500 5045 619 5108 caetero
642 5046 849 5109 necessatis
872 5067 879 5106 ε
905 5048 1108 5125 interpreta—
1162 5046 1415 5122 «suffragatur,
1441 5046 1715 5125 compositionem
1746 5045 1884 5110 eamden
1904 5051 1931 5095 a·

310 5141 403 5204 tione
421 5157 569 5218 congrua
593 5141 812 5215 declaramus,
837 5159 898 5207 ros
917 5147 1106 5221 juramento
1161 5160 1179 5204 a
1201 5143 1362 5222 dimplere
1375 5145 1498 5207 curatis
1513 5144 1561 5226 (3)
1575 5162 1605 5207 a.

312 5239 503 5318 hujusmodi
522 5253 590 5300 non
611 5238 730 5313 teneri,
747 5241 825 5318 quia
845 5257 906 5319 pro
921 5242 1054 5320 juribus
1074 5244 1107 5306 at
1200 5242 1323 5304 Eadem
1338 5243 1437 5320 Cypri
1452 5245 1569 5320 regina
1584 5260 1660 5306 cum
1675 5244 1723 5307 de
1744 5243 1836 5306 iilius
1856 5234 1932 5299 nata-

324 5414 389 5488 ·{ll
404 5416 494 5499 drag.
509 5416 559 5483 lx,
572 5415 621 5499 lib.
636 5418 675 5484 il,
686 5431 749 5490 cap.
762 5417 813 5487 303
824 5417 899 5476 conl.
910 5434 988 5492 supr.
1002 5421 1106 5488 ocimo
1162 5489 1167 5500 Ι
1201 5417 1242 5492 (a)
1261 5419 1346 5478 Notat
1361 5419 1417 5478 hoo
1435 5419 1559 5479 lacobus
1577 5436 1627 5480 rex
1652 5421 1780 5496 angliae,
1801 5417 1847 5491 qul
1863 5407 1934 5496 sipili

312 5488 443 5558 Compita
460 5487 508 5544 llb-
526 5490 562 5556 li,
578 5493 620 5544 tlt.
634 5489 679 5556 20,
693 5503 718 5545 c.
735 5489 762 5558 i,
778 5489 832 5546 col.
848 5489 910 5549 aua.
1157 5499 1351 5562 Jurameutum
1373 5506 1388 5547 a
1404 5491 1557 5550 Catholicis
1571 5494 1600 5549 in
1615 5508 1668 5550 suo
1693 5507 1788 5566 regno
1802 5486 1935 5565 aequalit-

347 5559 387 5630 (2)
404 5556 444 5617 Cl.
458 5573 535 5631 supr.
553 5557 648 5626 Quint.
666 5559 856 5633 Conspii.,llb.
871 5563 908 5630 ll,
924 5561 965 5619 tit.
984 5561 1064 5632 l5,c.
1079 5563 1104 5632 l,
1197 5561 1237 5632 (3)
1262 5563 1317 5620 Gra
1342 5605 1348 5618 .
1366 5561 1415 5632 lli,
1436 5561 1484 5620 lib.
1508 5565 1544 5633 ll,
1564 5566 1605 5622 tit.
1621 5565 1670 5636 3⁰3
1693 5563 1736 5622 Cl.
1759 5577 1835 5636 supr.
1853 5555 1935 5626 Qatnu

310 5632 364 5689 001.
380 5629 444 5688 aas.
1162 5633 1763 5706 compi1.,lt‚11,tit.i⁰,c.l,col.2til.
1962 5661 1963 5672 κ
